{"host":"qdazo2n9x18zu9dk","time":1614256923,"event":{"mods":["BaseMod","Colored Map","Minty Spire (QoL Compilation)","StSLib"],"gold_per_floor":[119,119,129,140,153,188,188,188,188,217,25,58,70,70,70,171,171,189,207,207,207,207],"floor_reached":21,"language":"ENG","playtime":2834,"items_purged":[],"score":336,"play_id":"3d8ffe72-2a6c-468e-8a19-68df0d27eec8","local_time":"20210225134203","is_ascension_mode":true,"campfire_choices":[{"data":"WaveOfTheHand","floor":8,"key":"SMITH"},{"data":"LessonLearned","floor":15,"key":"SMITH"}],"circlet_count":0,"master_deck":["AscendersBane","Eruption+1","Vigilance","ReachHeaven+1","WaveOfTheHand+1","DeceiveReality","FollowUp+1","Adaptation+1","SignatureMove","LessonLearned+1","EmptyMind+1","Sanctity+1","Devotion+1","Indignation+1","Brilliance","Fasting2+1","MentalFortress+1","ConjureBlade+1","Nirvana+1","Brilliance","WheelKick","EmptyBody+1"],"relics":["PureWater","Frozen Egg 2","Toxic Egg 2","StrikeDummy","Matryoshka","Pandora\u0027s Box"],"acts_visited":["TheCity"],"potions_floor_usage":[6,12,16,16,18,19],"damage_taken":[{"damage":0,"enemies":"2 Louse","floor":1,"turns":2},{"damage":0,"enemies":"Cultist","floor":3,"turns":3},{"damage":4,"enemies":"Jaw Worm","floor":4,"turns":3},{"damage":1,"enemies":"Blue Slaver","floor":5,"turns":3},{"damage":10,"enemies":"Gremlin Nob","floor":6,"turns":3},{"damage":9,"enemies":"Lagavulin","floor":10,"turns":4},{"damage":0,"enemies":"Gremlin Nob","floor":12,"turns":2},{"damage":1,"enemies":"Gremlin Gang","floor":13,"turns":3},{"damage":15,"enemies":"The Guardian","floor":16,"turns":12},{"damage":2,"enemies":"Shell Parasite","floor":18,"turns":3},{"damage":26,"enemies":"Spheric Guardian","floor":19,"turns":5},{"damage":39,"enemies":"Snake Plant","floor":21,"turns":2}],"seed_played":"210986341218913783","potions_obtained":[{"floor":1,"key":"AttackPotion"},{"floor":4,"key":"DuplicationPotion"},{"floor":10,"key":"Fire Potion"},{"floor":12,"key":"Dexterity Potion"},{"floor":14,"key":"PowerPotion"},{"floor":16,"key":"Swift Potion"}],"is_trial":false,"path_per_floor":["M","?","M","M","M","E","?","R","T","E","$","E","M","?","R","B",null,"M","M","?","M"],"character_chosen":"WATCHER","items_purchased":["LessonLearned","EmptyMind+1"],"campfire_rested":0,"item_purchase_floors":[11,11],"current_hp_per_floor":[72,72,72,68,67,57,41,41,41,32,32,32,31,31,31,16,63,61,35,35,0,0],"gold":207,"neow_bonus":"TEN_PERCENT_HP_BONUS","is_daily":false,"chose_seed":false,"campfire_upgraded":2,"win_rate":0.0,"timestamp":1614256923,"path_taken":["M","?","M","M","?","E","?","R","T","E","$","E","M","?","R","BOSS","M","?","?","M"],"items_purchased_type":["Card","Card"],"build_version":"2020-12-22","purchased_purges":0,"victory":false,"max_hp_per_floor":[79,79,79,79,79,79,79,79,79,79,79,79,79,79,79,79,79,79,79,79,79,79],"card_choices":[{"not_picked":["JustLucky","MentalFortress"],"picked":"ReachHeaven","floor":1},{"not_picked":["ForeignInfluence","FlurryOfBlows"],"picked":"WaveOfTheHand","floor":3},{"not_picked":["Consecrate","PathToVictory"],"picked":"DeceiveReality","floor":4},{"not_picked":["PathToVictory","Weave"],"picked":"FollowUp","floor":5},{"not_picked":["EmptyBody","CarveReality"],"picked":"Adaptation+1","floor":6},{"not_picked":["SashWhip","DeceiveReality+1"],"picked":"SignatureMove","floor":10},{"not_picked":["DeceiveReality+1","BowlingBash","SashWhip"],"picked":"SKIP","floor":12},{"not_picked":["Conclude","FollowUp"],"picked":"Sanctity+1","floor":13},{"not_picked":["Alpha+1","Brilliance"],"picked":"Devotion+1","floor":16},{"not_picked":["SashWhip","Consecrate"],"picked":"WheelKick","floor":18},{"not_picked":["FollowUp","Crescendo+1"],"picked":"EmptyBody+1","floor":19}],"player_experience":1200278,"relics_obtained":[{"floor":6,"key":"Frozen Egg 2"},{"floor":9,"key":"Toxic Egg 2"},{"floor":10,"key":"StrikeDummy"},{"floor":12,"key":"Matryoshka"}],"event_choices":[{"damage_healed":0,"gold_gain":0,"player_choice":"0 cards matched","damage_taken":0,"max_hp_gain":0,"max_hp_loss":0,"event_name":"Match and Keep!","floor":2,"gold_loss":0,"cards_obtained":[]},{"damage_healed":0,"gold_gain":0,"player_choice":"Entered Light","damage_taken":16,"max_hp_gain":0,"max_hp_loss":0,"event_name":"Shining Light","floor":7,"gold_loss":0,"cards_upgraded":["FollowUp","Eruption"]},{"damage_healed":0,"gold_gain":0,"player_choice":"Got Potions","damage_taken":0,"max_hp_gain":0,"max_hp_loss":0,"event_name":"Lab","floor":14,"gold_loss":0},{"cards_removed":["SandsOfTime"],"damage_healed":0,"gold_gain":0,"player_choice":"Elegance","damage_taken":0,"max_hp_gain":0,"max_hp_loss":0,"event_name":"Back to Basics","floor":20,"gold_loss":0}],"is_beta":false,"boss_relics":[{"not_picked":["Velvet Choker","VioletLotus"],"picked":"Pandora\u0027s Box"}],"items_purged_floors":[],"is_endless":false,"potions_floor_spawned":[1,4,10,12,16],"killed_by":"Snake Plant","ascension_level":10}}