{"host":"Squid","time":1614279272,"event":{"mods":["BaseMod","Minty Spire (QoL Compilation)","StSLib"],"gold_per_floor":[14,29,48,48,65,65,92,105,105,115,128,161,222,235,235,309,309,324,357,357,272,272,272,119,119,119,146,146,157,174,190,190,265,265,278,289,289,305,320,320,351,351,378,390,390,612,637,226,226,226,226,226,75,102,102,102],"floor_reached":55,"language":"ENG","playtime":4402,"items_purged":["Strike_G+1","Strike_G+1"],"score":1344,"play_id":"dfac6659-634e-4127-b10c-4d8a49efba49","local_time":"20210225135432","is_ascension_mode":true,"campfire_choices":[{"data":"Neutralize","floor":6.0,"key":"SMITH"},{"data":"Blade Dance","floor":15.0,"key":"SMITH"},{"data":"Well Laid Plans","floor":23,"key":"SMITH"},{"data":"Footwork","floor":25,"key":"SMITH"},{"data":"Wraith Form v2","floor":32,"key":"SMITH"},{"data":"Ghostly","floor":40,"key":"SMITH"},{"data":"Ghostly","floor":42,"key":"SMITH"},{"floor":45,"key":"RECALL"},{"data":"Choke","floor":49,"key":"SMITH"},{"data":"Noxious Fumes","floor":52,"key":"SMITH"}],"circlet_count":0,"master_deck":["AscendersBane","Defend_G+1","Defend_G+1","Defend_G+1","Defend_G+1","Defend_G+1","Survivor","Neutralize+1","Master of Strategy","Dagger Spray","Cloak And Dagger","Flying Knee","Dodge and Roll","Well Laid Plans+1","Finisher","Backstab","Footwork+1","Blade Dance+1","Bullet Time","Prepared+1","Choke+1","Slice+1","Ghostly+1","Ghostly+1","Ghostly","Ghostly","Ghostly","Masterful Stab+1","Blade Dance","Wraith Form v2+1","Corpse Explosion","Choke+1","Terror+1","PiercingWail","Outmaneuver+1","Endless Agony+1","Noxious Fumes+1","Blade Dance"],"relics":["Ring of the Snake","Strawberry","Blue Candle","Meat on the Bone","Centennial Puzzle","Astrolabe","Red Mask","Matryoshka","Frozen Eye","Nunchaku","Mummified Hand","Nilry\u0027s Codex","Coffee Dripper","Regal Pillow","Bag of Marbles","Toy Ornithopter","Oddly Smooth Stone","Bag of Preparation","Medical Kit","FossilizedHelix"],"acts_visited":["Exordium","TheCity","TheBeyond","TheEnding"],"potions_floor_usage":[55],"damage_taken":[{"damage":1.0,"enemies":"2 Louse","floor":1.0,"turns":3.0},{"damage":0.0,"enemies":"Cultist","floor":2.0,"turns":3.0},{"damage":1.0,"enemies":"Jaw Worm","floor":3.0,"turns":4.0},{"damage":0.0,"enemies":"Blue Slaver","floor":5.0,"turns":5.0},{"damage":26.0,"enemies":"3 Sentries","floor":7.0,"turns":6.0},{"damage":0.0,"enemies":"2 Fungi Beasts","floor":8.0,"turns":4.0},{"damage":8.0,"enemies":"Exordium Wildlife","floor":10.0,"turns":6.0},{"damage":0.0,"enemies":"Blue Slaver","floor":11.0,"turns":4.0},{"damage":0.0,"enemies":"Gremlin Nob","floor":12.0,"turns":1.0},{"damage":11.0,"enemies":"Lagavulin Event","floor":13.0,"turns":5.0},{"damage":0.0,"enemies":"2 Fungi Beasts","floor":14.0,"turns":2.0},{"damage":20.0,"enemies":"Slime Boss","floor":16.0,"turns":9.0},{"damage":0,"enemies":"Spheric Guardian","floor":18,"turns":1},{"damage":6,"enemies":"Masked Bandits","floor":19,"turns":3},{"damage":4,"enemies":"Gremlin Leader","floor":27,"turns":8},{"damage":1,"enemies":"Chosen","floor":29,"turns":4},{"damage":1,"enemies":"3 Cultists","floor":30,"turns":5},{"damage":0,"enemies":"Snake Plant","floor":31,"turns":6},{"damage":4,"enemies":"Automaton","floor":33,"turns":12},{"damage":1,"enemies":"Orb Walker","floor":35,"turns":2},{"damage":0,"enemies":"3 Shapes","floor":36,"turns":1},{"damage":0,"enemies":"Spire Growth","floor":38,"turns":6},{"damage":2,"enemies":"3 Darklings","floor":39,"turns":6},{"damage":4,"enemies":"Nemesis","floor":41,"turns":9},{"damage":0,"enemies":"Jaw Worm Horde","floor":44,"turns":3},{"damage":2,"enemies":"Giant Head","floor":47,"turns":11},{"damage":8,"enemies":"Awakened One","floor":50,"turns":19},{"damage":0,"enemies":"Shield and Spear","floor":54,"turns":6},{"damage":77,"enemies":"The Heart","floor":55,"turns":3}],"seed_played":"-6115097542970831929","potions_obtained":[{"floor":2.0,"key":"BlessingOfTheForge"},{"floor":4.0,"key":"Explosive Potion"},{"floor":8.0,"key":"SteroidPotion"},{"floor":13.0,"key":"SkillPotion"},{"floor":16.0,"key":"Dexterity Potion"},{"floor":19,"key":"EssenceOfSteel"},{"floor":29,"key":"PowerPotion"},{"floor":39,"key":"Explosive Potion"},{"floor":47,"key":"Strength Potion"}],"is_trial":false,"path_per_floor":["M","M","M","?","M","R","E","M","T","M","M","E","?","M","R","B",null,"M","?","?","?","?","R","$","R","T","E","?","M","M","M","R","B",null,"M","M","?","M","M","R","E","R","T","M","R","?","E","$","R","B",null,"R","$","E","B"],"character_chosen":"THE_SILENT","items_purchased":["Frozen Eye","Bag of Preparation","Noxious Fumes","Medical Kit","SteroidPotion"],"campfire_rested":0,"item_purchase_floors":[24,48,48,48,53],"current_hp_per_floor":[62,62,61,61,61,61,42,42,42,34,34,34,35,47,47,39,68,68,62,38,38,38,38,38,38,38,34,18,29,28,28,28,24,35,34,34,34,34,32,32,28,28,28,28,28,28,26,26,26,30,36,36,36,36,0,0],"gold":102,"neow_bonus":"RANDOM_COLORLESS_2","is_daily":false,"chose_seed":false,"campfire_upgraded":9,"win_rate":0.0,"timestamp":1614279272,"path_taken":["M","M","M","?","?","R","E","M","T","M","M","E","?","M","R","BOSS","M","?","?","?","?","R","$","R","T","E","?","M","M","?","R","BOSS","M","M","?","M","M","R","E","R","T","M","R","?","E","$","R","BOSS","R","$","E","BOSS"],"items_purchased_type":["Relic","Relic","Card","Relic","Potion"],"build_version":"2020-12-18","purchased_purges":2,"victory":false,"max_hp_per_floor":[70,70,70,70,70,70,77,77,77,77,77,77,77,77,77,77,77,77,77,38,38,38,38,38,38,38,38,38,38,38,38,38,38,38,38,38,38,38,38,38,38,38,38,38,38,38,38,38,38,38,38,38,38,38,38,38],"card_choices":[{"not_picked":["Thinking Ahead","Secret Weapon"],"picked":"Master of Strategy","floor":0.0},{"not_picked":["Outmaneuver","Caltrops"],"picked":"Dagger Spray","floor":1.0},{"not_picked":["Prepared","Outmaneuver"],"picked":"Cloak And Dagger","floor":2.0},{"not_picked":["Backflip","Sucker Punch"],"picked":"Flying Knee","floor":3.0},{"not_picked":["Expertise","Slice"],"picked":"Dodge and Roll","floor":5.0},{"not_picked":["Flying Knee","Dagger Spray"],"picked":"Well Laid Plans","floor":7.0},{"not_picked":["Backflip","Endless Agony"],"picked":"Finisher","floor":8.0},{"not_picked":["Heel Hook","Poisoned Stab"],"picked":"Backstab","floor":10.0},{"not_picked":["Grand Finale","Heel Hook","Flying Knee"],"picked":"SKIP","floor":11.0},{"not_picked":["Noxious Fumes","Backflip"],"picked":"Footwork","floor":12.0},{"not_picked":["Tactician","Underhanded Strike"],"picked":"Blade Dance","floor":13.0},{"not_picked":["Deflect","Escape Plan","Prepared"],"picked":"SKIP","floor":14.0},{"not_picked":["Glass Knife","Doppelganger"],"picked":"Bullet Time","floor":16.0},{"not_picked":["Dagger Spray","Escape Plan+1"],"picked":"Slice+1","floor":18},{"not_picked":["Dagger Spray","Slice+1","Cloak And Dagger"],"picked":"SKIP","floor":27},{"not_picked":["Finisher","Backflip"],"picked":"Masterful Stab+1","floor":29},{"not_picked":["Prepared","Quick Slash+1"],"picked":"Blade Dance","floor":30},{"not_picked":["Dodge and Roll","Outmaneuver"],"picked":"Wraith Form v2","floor":31},{"not_picked":["Bullet Time","Glass Knife"],"picked":"Corpse Explosion","floor":33},{"not_picked":["Sucker Punch","Flechettes"],"picked":"Choke","floor":35},{"not_picked":["Distraction","Setup+1","Flying Knee+1"],"picked":"SKIP","floor":36},{"not_picked":["Acrobatics","Catalyst"],"picked":"Terror+1","floor":38},{"not_picked":["Dash","Masterful Stab"],"picked":"PiercingWail","floor":39},{"not_picked":["Envenom","Bouncing Flask"],"picked":"Outmaneuver+1","floor":41},{"not_picked":["Prepared+1","Quick Slash+1"],"picked":"Endless Agony+1","floor":44},{"not_picked":["Backflip","Choke","Dodge and Roll"],"picked":"SKIP","floor":47},{"not_picked":["Backflip","Choke","Dodge and Roll"],"picked":"SKIP","floor":47},{"not_picked":["Dagger Throw","Dagger Spray"],"picked":"Blade Dance","floor":54}],"player_experience":855084,"relics_obtained":[{"floor":7.0,"key":"Strawberry"},{"floor":9.0,"key":"Blue Candle"},{"floor":12.0,"key":"Meat on the Bone"},{"floor":13.0,"key":"Centennial Puzzle"},{"floor":19,"key":"Red Mask"},{"floor":26,"key":"Nunchaku"},{"floor":27,"key":"Mummified Hand"},{"floor":28,"key":"Nilry\u0027s Codex"},{"floor":41,"key":"Regal Pillow"},{"floor":43,"key":"Bag of Marbles"},{"floor":43,"key":"Toy Ornithopter"},{"floor":47,"key":"Oddly Smooth Stone"},{"floor":54,"key":"FossilizedHelix"}],"event_choices":[{"damage_healed":0.0,"max_hp_gain":0.0,"max_hp_loss":0.0,"gold_gain":0.0,"event_name":"Lab","player_choice":"Got Potions","floor":4.0,"gold_loss":0.0,"damage_taken":0.0},{"damage_healed":0.0,"max_hp_gain":0.0,"max_hp_loss":0.0,"gold_gain":30.0,"event_name":"Dead Adventurer","player_choice":"Searched \u00272\u0027 times","floor":13.0,"gold_loss":0.0,"damage_taken":0.0},{"damage_healed":0,"gold_gain":0,"player_choice":"Fought Bandits","damage_taken":0,"max_hp_gain":0,"max_hp_loss":0,"event_name":"Masked Bandits","floor":19,"gold_loss":0},{"damage_healed":0,"gold_gain":0,"player_choice":"Became a Ghost","damage_taken":0,"max_hp_gain":0,"max_hp_loss":39,"event_name":"Ghosts","floor":20,"gold_loss":0,"cards_obtained":["Ghostly","Ghostly","Ghostly","Ghostly","Ghostly"]},{"damage_healed":0,"gold_gain":0,"player_choice":"Obtained Relic","damage_taken":0,"relics_obtained":["Matryoshka"],"max_hp_gain":0,"max_hp_loss":0,"event_name":"Addict","floor":21,"gold_loss":85},{"damage_healed":0,"gold_gain":0,"player_choice":"Simplicity","damage_taken":0,"max_hp_gain":0,"max_hp_loss":0,"event_name":"Back to Basics","floor":22,"gold_loss":0,"cards_upgraded":["Strike_G","Strike_G","Defend_G","Defend_G","Defend_G","Defend_G","Defend_G"]},{"damage_healed":0,"gold_gain":0,"player_choice":"Obtained Book","damage_taken":16,"max_hp_gain":0,"max_hp_loss":0,"event_name":"Cursed Tome","floor":28,"gold_loss":0},{"cards_removed":["Eviscerate"],"damage_healed":0,"gold_gain":0,"player_choice":"Removed Attack","damage_taken":0,"max_hp_gain":0,"max_hp_loss":0,"event_name":"Falling","floor":37,"gold_loss":0},{"damage_healed":0,"gold_gain":222,"player_choice":"Wore Mask","damage_taken":0,"max_hp_gain":0,"max_hp_loss":0,"event_name":"Tomb of Lord Red Mask","floor":46,"gold_loss":0}],"is_beta":true,"boss_relics":[{"not_picked":["Sozu","Ring of the Serpent"],"picked":"Astrolabe"},{"not_picked":["SlaversCollar","Runic Dome"],"picked":"Coffee Dripper"}],"items_purged_floors":[48,53],"is_endless":false,"potions_floor_spawned":[2,8,10,11,13,16,19,29,30,31,38,39,47,54],"killed_by":"The Heart","ascension_level":13}}