{"host":"vk2xyavtylxbvrfq","time":1614289238,"event":{"mods":["Bard","BaseMod","Bestiary","Better Altar","Better Match","Better Note","Better Sensory Stone","Better Skull","Better Vampires","Block Reminder","Bossed Relics","Colored Map","Curses Come First","Displayed Cursed Tome","Downfall","Extra Virgin Snecko Oil","Fox Events","Hermit","Ironclad Rager","Marked Mod","Minty Spire (QoL Compilation)","Quick Restart","Rare Cards Sparkle","Relic Sorter","Reliquary","Robot Space Explorer","StSLib","The Hayseed","The Runesmith","Unceasing Turn Reminder"],"gold_per_floor":[110,110,1,12,12,42,42,52,52,17,32,32,207,172,172,272,272,289,18,18,18,18,53,53,84,110,143,143,16,16,26,26,124,124,135,145,145,163,211,211,236,236,287,287,299,299,21,21,21,21,21],"floor_reached":50,"language":"ENG","playtime":1851,"items_purged":[],"score":778,"play_id":"692d7de1-3ee4-4e1a-8b26-12b1baa9a578","local_time":"20210225164038","is_ascension_mode":true,"campfire_choices":[{"data":"hermit:Virtue","floor":7.0,"key":"SMITH"},{"data":"hermit:Midnight","floor":15.0,"key":"SMITH"},{"floor":24.0,"key":"REST"},{"floor":30.0,"key":"REST"},{"floor":32.0,"key":"REST"},{"floor":40.0,"key":"REST"},{"floor":44.0,"key":"REST"},{"floor":46,"key":"REST"},{"floor":49,"key":"RECALL"}],"circlet_count":0,"master_deck":["hermit:Defend_Hermit+1","hermit:Defend_Hermit+1","hermit:Defend_Hermit+1","hermit:Defend_Hermit+1","hermit:Snapshot+1","hermit:Covet","hermit:Magnum+1","hermit:Manifest+1","hermit:Grudge","hermit:Spite","hermit:Virtue+1","hermit:Grudge","hermit:Manifest","hermit:Midnight+1","hermit:Glare","Doubt","hermit:FromBeyond","hermit:Grudge+1","hermit:Determination","hermit:Midnight+1","hermit:LowProfile","hermit:OverwhelmingPower","Bite+1","Bite+1","Bite+1","hermit:Snipe","hermit:Coalescence","hermit:Manifest+1","hermit:FromBeyond","hermit:ShadowCloak","hermit:Gestalt","hermit:Misfire+1","hermit:Cheat+1","hermit:Coalescence+1","hermit:HeroicBravado"],"relics":["hermit:Momento","Letter Opener","reliquary:RoseTintedGlasses","Molten Egg 2","Fusion Hammer","ClockworkSouvenir","MutagenicStrength","Sundial","reliquary:PurpleTingedLeaf","reliquary:Stiletto","reliquary:QuartzCube","reliquary:ThirdArm","reliquary:ExpiredCoupon","Bronze Scales","Whetstone","hermit:PetGhost"],"acts_visited":["Exordium","TheCity","TheBeyond"],"potions_floor_usage":[50,50],"damage_taken":[{"damage":7.0,"enemies":"Jaw Worm","floor":1.0,"turns":3.0},{"damage":1.0,"enemies":"Cultist","floor":4.0,"turns":3.0},{"damage":10.0,"enemies":"Gremlin Nob","floor":6.0,"turns":3.0},{"damage":7.0,"enemies":"Small Slimes","floor":8.0,"turns":3.0},{"damage":6.0,"enemies":"Looter","floor":11.0,"turns":3.0},{"damage":27.0,"enemies":"Hexaghost","floor":16.0,"turns":13.0},{"damage":27.0,"enemies":"Spheric Guardian","floor":18.0,"turns":5.0},{"damage":13.0,"enemies":"Slavers","floor":23.0,"turns":5.0},{"damage":7.0,"enemies":"Gremlin Leader","floor":25.0,"turns":5.0},{"damage":18.0,"enemies":"Book of Stabbing","floor":27.0,"turns":5.0},{"damage":2.0,"enemies":"2 Thieves","floor":31.0,"turns":3.0},{"damage":66.0,"enemies":"Champ","floor":33.0,"turns":10.0},{"damage":10.0,"enemies":"Orb Walker","floor":35.0,"turns":3.0},{"damage":23.0,"enemies":"3 Darklings","floor":36.0,"turns":6.0},{"damage":24.0,"enemies":"Transient","floor":38.0,"turns":5.0},{"damage":39.0,"enemies":"Reptomancer","floor":41.0,"turns":7.0},{"damage":0,"enemies":"4 Shapes","floor":45,"turns":5},{"damage":100088,"enemies":"Time Eater","floor":50,"turns":11}],"seed_played":"-951656078837684588","potions_obtained":[{"floor":1.0,"key":"hermit:BlackBile"},{"floor":4.0,"key":"BlessingOfTheForge"},{"floor":6.0,"key":"DistilledChaos"},{"floor":23.0,"key":"SkillPotion"},{"floor":31.0,"key":"PowerPotion"},{"floor":33.0,"key":"Explosive Potion"},{"floor":36.0,"key":"Swift Potion"},{"floor":45,"key":"Weak Potion"}],"is_trial":false,"path_per_floor":["M","?","$","M","$","E","R","M","T","$","M","T","?","?","R","B",null,"M","$","?","?","?","E","R","E","T","E","?","$","R","M","R","B",null,"M","M","?","M","T","R","E","?","T","R","M","R","$","?","R","B"],"character_chosen":"HERMIT","items_purchased":["hermit:Grudge","hermit:Spite","hermit:Midnight","hermit:Determination","ClockworkSouvenir","champ:CounterPotion","hermit:Snipe","hermit:Coalescence","Energy Potion","hermit:PetGhost","hermit:HeroicBravado","hermit:Tonic"],"campfire_rested":6,"item_purchase_floors":[3,3,10,19,19,19,29,29,29,47,47,47],"current_hp_per_floor":[61,61,61,60,60,50,50,43,43,43,37,37,37,55,55,28,63,36,36,36,36,36,23,45,38,38,21,21,21,38,40,57,14,46,40,30,30,19,19,36,10,10,10,27,33,50,50,50,50,0,0],"gold":21,"neow_bonus":"ONE_RANDOM_RARE_CARD","is_daily":false,"chose_seed":false,"campfire_upgraded":2,"win_rate":0.0,"timestamp":1614289238,"path_taken":["M","?","$","M","$","E","R","M","T","?","?","?","?","?","R","BOSS","M","$","?","?","?","E","R","E","T","E","?","$","R","M","R","BOSS","M","M","?","?","?","R","E","?","T","R","M","R","$","?","R","BOSS"],"items_purchased_type":["Card","Card","Card","Card","Relic","Potion","Card","Card","Potion","Relic","Card","Potion"],"build_version":"2020-12-22","purchased_purges":0,"victory":false,"max_hp_per_floor":[75,75,75,75,75,75,75,75,75,75,75,75,75,75,75,75,75,75,75,75,75,75,75,75,75,75,75,57,57,57,57,57,57,57,57,57,57,57,57,57,57,57,57,57,57,57,57,57,57,57,57],"card_choices":[{"not_picked":["hermit:LoneWolf","hermit:BodyArmor"],"picked":"hermit:Manifest","floor":1.0},{"not_picked":["hermit:Vantage","hermit:DeadMansHand"],"picked":"hermit:Virtue","floor":4.0},{"not_picked":["hermit:Glare","hermit:PistolWhip"],"picked":"hermit:Grudge","floor":6.0},{"not_picked":["hermit:Misfire","hermit:HighCaliber"],"picked":"hermit:Manifest","floor":8.0},{"not_picked":["hermit:Vantage","hermit:Roughhouse"],"picked":"hermit:Glare","floor":11.0},{"not_picked":["hermit:BlackWind+1","hermit:OverwhelmingPower"],"picked":"hermit:FromBeyond","floor":16.0},{"not_picked":["hermit:Headshot+1","hermit:Enervate+1"],"picked":"hermit:Grudge+1","floor":18.0},{"not_picked":["hermit:ItchyTrigger+1","hermit:Scavenge+1"],"picked":"hermit:Midnight+1","floor":23.0},{"not_picked":["hermit:Dive","hermit:HighCaliber+1"],"picked":"hermit:LowProfile","floor":25.0},{"not_picked":["hermit:Manifest","hermit:Combo"],"picked":"hermit:OverwhelmingPower","floor":27.0},{"not_picked":["hermit:Feint","hermit:HighCaliber+1"],"picked":"hermit:Manifest+1","floor":31.0},{"not_picked":["hermit:BlackWind+1","hermit:RoundhouseKick+1"],"picked":"hermit:FromBeyond","floor":33.0},{"not_picked":["hermit:Headshot+1","hermit:Combo"],"picked":"hermit:ShadowCloak","floor":35.0},{"not_picked":["hermit:HoleUp+1","hermit:Quickdraw+1"],"picked":"hermit:Gestalt","floor":36.0},{"not_picked":["hermit:CursedWeapon+1","hermit:CalledShot+1"],"picked":"hermit:Misfire+1","floor":38.0},{"not_picked":["hermit:Desperado+1","hermit:Virtue+1"],"picked":"hermit:Cheat+1","floor":41.0},{"not_picked":["hermit:Misfire+1","hermit:NoHoldsBarred+1"],"picked":"hermit:Coalescence+1","floor":45}],"player_experience":1486103,"relics_obtained":[{"floor":6.0,"key":"Letter Opener"},{"floor":9.0,"key":"reliquary:RoseTintedGlasses"},{"floor":12.0,"key":"Molten Egg 2"},{"floor":23.0,"key":"Sundial"},{"floor":25.0,"key":"reliquary:PurpleTingedLeaf"},{"floor":26.0,"key":"reliquary:Stiletto"},{"floor":27.0,"key":"reliquary:QuartzCube"},{"floor":37.0,"key":"reliquary:ExpiredCoupon"},{"floor":39.0,"key":"Bronze Scales"},{"floor":41.0,"key":"Whetstone"}],"event_choices":[{"damage_healed":0.0,"max_hp_gain":0.0,"max_hp_loss":0.0,"gold_gain":0.0,"event_name":"Upgrade Shrine","player_choice":"Upgraded","floor":2.0,"gold_loss":0.0,"damage_taken":0.0,"cards_upgraded":["hermit:Manifest"]},{"damage_healed":0.0,"max_hp_gain":0.0,"max_hp_loss":0.0,"gold_gain":175.0,"event_name":"Liars Game","player_choice":"AGREE","floor":13.0,"gold_loss":0.0,"damage_taken":0.0,"cards_obtained":["Doubt"]},{"damage_healed":18.0,"max_hp_gain":0.0,"max_hp_loss":0.0,"gold_gain":0.0,"event_name":"The Cleric","player_choice":"Healed","floor":14.0,"gold_loss":35.0,"damage_taken":0.0},{"damage_healed":0.0,"max_hp_gain":0.0,"max_hp_loss":0.0,"gold_gain":0.0,"event_name":"Ghosts","player_choice":"Ignored","floor":20.0,"gold_loss":0.0,"damage_taken":0.0},{"damage_healed":0.0,"max_hp_gain":0.0,"max_hp_loss":0.0,"gold_gain":0.0,"event_name":"Back to Basics","player_choice":"Simplicity","floor":21.0,"gold_loss":0.0,"damage_taken":0.0,"cards_upgraded":["hermit:Strike_Hermit","hermit:Strike_Hermit","hermit:Strike_Hermit","hermit:Strike_Hermit","hermit:Defend_Hermit","hermit:Defend_Hermit","hermit:Defend_Hermit","hermit:Defend_Hermit"]},{"damage_healed":0.0,"max_hp_gain":0.0,"max_hp_loss":0.0,"gold_gain":0.0,"event_name":"Drug Dealer","player_choice":"Inject Mutagens","floor":22.0,"gold_loss":0.0,"damage_taken":0.0,"relics_obtained":["MutagenicStrength"]},{"damage_healed":0.0,"max_hp_gain":0.0,"max_hp_loss":18.0,"gold_gain":0.0,"event_name":"Vampires","player_choice":"Became a vampire","floor":28.0,"gold_loss":0.0,"damage_taken":0.0,"cards_obtained":["Bite","Bite","Bite","Bite"]},{"damage_healed":0.0,"max_hp_gain":0.0,"max_hp_loss":0.0,"gold_gain":0.0,"event_name":"Wheel of Change","player_choice":"Relic","floor":37.0,"gold_loss":0.0,"damage_taken":0.0},{"damage_healed":0.0,"max_hp_gain":0.0,"max_hp_loss":0.0,"gold_gain":0.0,"event_name":"Mysterious Sphere","player_choice":"Ignored","floor":42.0,"gold_loss":0.0,"damage_taken":0.0},{"cards_removed":["Bite"],"damage_healed":0,"gold_gain":0,"player_choice":"Removed Attack","damage_taken":0,"max_hp_gain":0,"max_hp_loss":0,"event_name":"Falling","floor":48,"gold_loss":0}],"is_beta":false,"boss_relics":[{"not_picked":["SacredBark","Velvet Choker"],"picked":"Fusion Hammer"},{"not_picked":["Runic Pyramid","Astrolabe"],"picked":"reliquary:ThirdArm"}],"items_purged_floors":[],"is_endless":false,"potions_floor_spawned":[1,4,6,23,31,33,36,45],"killed_by":"Time Eater","ascension_level":8}}