{"host":"wbn3xdfsa5pc2kse","time":1614250556,"event":{"mods":["AchievementEnabler","BaseMod","Bestiary","Colored Map","Colored Powertips","Curses Come First","Highlight Path","Minty Spire (QoL Compilation)","Permanent Neow","Rare Cards Sparkle","Relic Stats","StSLib"],"gold_per_floor":[115,131,151,151,76,76,96,96,96,116,150,150,184,203,203,298,298,318,318,343,356,172,215,215,258,340,340,381,397,397,397,397,397,397],"floor_reached":33,"language":"ZHT","playtime":1181,"items_purged":["Strike_R","Strike_R"],"score":567,"play_id":"a4354e47-e702-437d-a484-f87a7d8d9f13","local_time":"20210225185556","is_ascension_mode":true,"campfire_choices":[{"data":"Perfected Strike","floor":6,"key":"SMITH"},{"data":"Pommel Strike","floor":12,"key":"SMITH"},{"data":"Perfected Strike","floor":15,"key":"SMITH"},{"data":"Offering","floor":24,"key":"SMITH"},{"floor":27,"key":"REST"},{"floor":32,"key":"REST"}],"circlet_count":0,"master_deck":["AscendersBane","Strike_R","Strike_R","Defend_R+1","Defend_R+1","Bash+1","Perfected Strike+1","Pommel Strike+1","Shrug It Off","Evolve","Headbutt","Shrug It Off","Perfected Strike+1","Pommel Strike","Offering+1","Second Wind+1","Iron Wave","True Grit","Sentinel","Blood for Blood+1","Seeing Red","Dual Wield"],"relics":["Burning Blood","Golden Idol","Lizard Tail","Thread and Needle","Happy Flower","Mark of Pain","Blue Candle","Unceasing Top","InkBottle","Omamori","WingedGreaves"],"acts_visited":["Exordium","TheCity"],"potions_floor_usage":[11,16,23,28,33],"damage_taken":[{"damage":7,"enemies":"Jaw Worm","floor":1,"turns":5},{"damage":7,"enemies":"Small Slimes","floor":2,"turns":4},{"damage":1,"enemies":"Cultist","floor":3,"turns":3},{"damage":0,"enemies":"Blue Slaver","floor":7,"turns":6},{"damage":0,"enemies":"3 Louse","floor":10,"turns":4},{"damage":22,"enemies":"Lagavulin","floor":11,"turns":5},{"damage":19,"enemies":"Gremlin Nob","floor":13,"turns":4},{"damage":0,"enemies":"Looter","floor":14,"turns":4},{"damage":47,"enemies":"Hexaghost","floor":16,"turns":10},{"damage":5,"enemies":"3 Byrds","floor":18,"turns":9},{"damage":0,"enemies":"Chosen","floor":20,"turns":3},{"damage":12,"enemies":"Snake Plant","floor":21,"turns":2},{"damage":24,"enemies":"Slavers","floor":23,"turns":6},{"damage":22,"enemies":"Book of Stabbing","floor":25,"turns":4},{"damage":33,"enemies":"Gremlin Leader","floor":28,"turns":8},{"damage":3,"enemies":"Cultist and Chosen","floor":29,"turns":6},{"damage":83,"enemies":"Automaton","floor":33,"turns":10}],"seed_played":"-1684210225363148159","potions_obtained":[{"floor":7,"key":"Regen Potion"},{"floor":10,"key":"Strength Potion"},{"floor":13,"key":"Block Potion"},{"floor":18,"key":"Explosive Potion"},{"floor":20,"key":"ElixirPotion"},{"floor":28,"key":"Swift Potion"}],"is_trial":false,"path_per_floor":["M","M","M","?","$","R","M","?","T","M","E","R","E","M","R","B",null,"M","?","M","M","$","E","R","E","T","R","E","M","?","?","R","B"],"character_chosen":"IRONCLAD","items_purchased":["Sentinel"],"campfire_rested":2,"item_purchase_floors":[22],"current_hp_per_floor":[67,66,71,48,48,48,54,54,54,60,57,57,44,50,50,9,53,54,54,60,54,54,36,36,20,20,40,13,16,16,16,36,0,0],"gold":397,"neow_bonus":"UPGRADE_CARD","is_daily":false,"chose_seed":false,"campfire_upgraded":4,"win_rate":0.0,"timestamp":1614250556,"path_taken":["M","M","M","?","$","R","M","?","T","M","E","R","E","M","R","BOSS","M","?","M","M","$","E","R","E","T","R","E","?","?","?","R","BOSS"],"items_purchased_type":["Card"],"build_version":"2020-12-22","purchased_purges":2,"victory":false,"max_hp_per_floor":[75,75,75,75,75,75,75,68,68,68,68,68,68,68,68,68,68,68,68,68,68,68,68,68,68,68,68,68,68,68,68,68,68,68],"relic_stats":{"Lizard Tail":34,"Happy Flower":[20],"counters":[17,93],"Golden Idol":82,"Blue Candle":[0],"obtain_stats":[{"Lizard Tail":9,"Happy Flower":13,"Golden Idol":8,"Blue Candle":23,"Thread and Needle":11,"Mark of Pain":17,"WingedGreaves":30,"Omamori":28,"Burning Blood":0,"Unceasing Top":25,"InkBottle":26},{"Lizard Tail":4,"Happy Flower":7,"Golden Idol":4,"Blue Candle":13,"Thread and Needle":6,"Mark of Pain":9,"WingedGreaves":16,"Omamori":15,"Burning Blood":0,"Unceasing Top":14,"InkBottle":14},{"Lizard Tail":18,"Happy Flower":31,"Golden Idol":18,"Blue Candle":65,"Thread and Needle":27,"Mark of Pain":45,"WingedGreaves":83,"Omamori":77,"Burning Blood":0,"Unceasing Top":69,"InkBottle":69}],"Burning Blood":96,"Unceasing Top":[4],"InkBottle":[8]},"card_choices":[{"not_picked":["Armaments","Iron Wave"],"picked":"Perfected Strike","floor":1},{"not_picked":["Metallicize","Body Slam"],"picked":"Pommel Strike","floor":2},{"not_picked":["Twin Strike","Havoc"],"picked":"Shrug It Off","floor":3},{"not_picked":["Power Through","Intimidate"],"picked":"Evolve","floor":7},{"not_picked":["Warcry","Rupture"],"picked":"Headbutt","floor":10},{"not_picked":["Searing Blow","Pummel"],"picked":"Shrug It Off","floor":11},{"not_picked":["Clothesline","Clash"],"picked":"Perfected Strike","floor":13},{"not_picked":["Shrug It Off","Havoc"],"picked":"Pommel Strike","floor":14},{"not_picked":["Bludgeon","Barricade"],"picked":"Offering","floor":16},{"not_picked":["Pommel Strike","Armaments"],"picked":"Second Wind+1","floor":18},{"not_picked":["Wild Strike","Second Wind"],"picked":"True Grit","floor":20},{"not_picked":["Clothesline","Cleave","Pummel"],"picked":"SKIP","floor":21},{"not_picked":["Blood for Blood","Cleave","Spot Weakness"],"picked":"SKIP","floor":23},{"not_picked":["Clothesline","Twin Strike"],"picked":"Blood for Blood+1","floor":25},{"not_picked":["Berserk","Flex+1","Twin Strike"],"picked":"SKIP","floor":28},{"not_picked":["Armaments","Headbutt","Hemokinesis"],"picked":"SKIP","floor":29}],"player_experience":877378,"relics_obtained":[{"floor":9,"key":"Lizard Tail"},{"floor":11,"key":"Thread and Needle"},{"floor":13,"key":"Happy Flower"},{"floor":23,"key":"Blue Candle"},{"floor":25,"key":"Unceasing Top"},{"floor":26,"key":"InkBottle"},{"floor":28,"key":"Omamori"}],"event_choices":[{"damage_healed":0,"gold_gain":0,"player_choice":"Entered Light","damage_taken":23,"max_hp_gain":0,"max_hp_loss":0,"event_name":"Shining Light","floor":4,"gold_loss":0,"cards_upgraded":["Defend_R","Defend_R"]},{"damage_healed":0,"gold_gain":0,"player_choice":"Lose Max HP","damage_taken":0,"relics_obtained":["Golden Idol"],"max_hp_gain":0,"max_hp_loss":7,"event_name":"Golden Idol","floor":8,"gold_loss":0},{"damage_healed":0,"gold_gain":0,"cards_transformed":["Defend_R"],"player_choice":"Transformed","damage_taken":0,"max_hp_gain":0,"max_hp_loss":0,"event_name":"Transmorgrifier","floor":19,"gold_loss":0,"cards_obtained":["Iron Wave"]},{"damage_healed":0,"gold_gain":0,"player_choice":"Opened","damage_taken":0,"relics_obtained":["WingedGreaves"],"max_hp_gain":0,"max_hp_loss":0,"event_name":"The Mausoleum","floor":30,"gold_loss":0,"cards_obtained":["Writhe"]},{"damage_healed":0,"gold_gain":0,"cards_transformed":["Defend_R","Strike_R"],"player_choice":"Became Test Subject","damage_taken":0,"max_hp_gain":0,"max_hp_loss":0,"event_name":"Drug Dealer","floor":31,"gold_loss":0,"cards_obtained":["Seeing Red","Dual Wield"]}],"is_beta":false,"boss_relics":[{"not_picked":["Pandora\u0027s Box","SlaversCollar"],"picked":"Mark of Pain"}],"items_purged_floors":[5,22],"is_endless":false,"potions_floor_spawned":[7,10,13,14,18,20,28],"killed_by":"Automaton","ascension_level":16}}