{"host":"dftd5cr6l8m56acq","time":1614254022,"event":{"mods":["AchievementEnabler","BaseMod","Bestiary","Colored Map","Highlight Path","Minty Spire (QoL Compilation)","Relic Stats","StSLib","everything is the same but u backflip on backflip"],"gold_per_floor":[110,121,136,36,52,86,86,114,114,126,201,227,227,227,227,227,227],"floor_reached":16,"language":"ENG","playtime":631,"items_purged":[],"score":162,"play_id":"e94c02b3-1446-4991-ba66-099f88e365a2","local_time":"20210225065342","is_ascension_mode":true,"campfire_choices":[{"floor":13,"key":"REST"},{"data":"Footwork","floor":15,"key":"SMITH"}],"circlet_count":0,"master_deck":["Strike_G","Strike_G","Strike_G","Strike_G","Strike_G","Defend_G","Defend_G","Defend_G","Defend_G","Defend_G","Survivor","Neutralize","Dash","Leg Sweep","Quick Slash","Caltrops","Footwork+1","Deflect","Sucker Punch","Blur","PiercingWail","Blade Dance","Doppelganger","Parasite"],"relics":["Ring of the Snake","Blue Candle","Art of War","Bag of Preparation","White Beast Statue"],"acts_visited":["Exordium"],"potions_floor_usage":[6,6,10,12],"damage_taken":[{"damage":0,"enemies":"Cultist","floor":1,"turns":4},{"damage":0,"enemies":"Small Slimes","floor":2,"turns":4},{"damage":0,"enemies":"2 Louse","floor":3,"turns":5},{"damage":4,"enemies":"2 Fungi Beasts","floor":5,"turns":4},{"damage":4,"enemies":"Gremlin Nob","floor":6,"turns":4},{"damage":23,"enemies":"Lagavulin","floor":8,"turns":13},{"damage":0,"enemies":"Looter","floor":10,"turns":4},{"damage":19,"enemies":"3 Sentries","floor":12,"turns":11},{"damage":40,"enemies":"Slime Boss","floor":16,"turns":10}],"seed_played":"3399713187376033125","potions_obtained":[{"floor":1,"key":"Block Potion"},{"floor":2,"key":"FearPotion"},{"floor":3,"key":"Swift Potion"},{"floor":8,"key":"Explosive Potion"}],"is_trial":false,"path_per_floor":["M","M","M","$","M","E","?","E","T","M","?","E","R","?","R","B"],"character_chosen":"THE_SILENT","items_purchased":["Footwork","Deflect"],"campfire_rested":1,"item_purchase_floors":[4,4],"current_hp_per_floor":[63,63,63,63,59,55,55,32,32,32,21,2,23,40,40,0,0],"gold":227,"neow_bonus":"THREE_CARDS","is_daily":false,"chose_seed":false,"campfire_upgraded":1,"win_rate":0.0,"timestamp":1614254022,"path_taken":["M","M","M","$","?","E","?","E","T","M","?","E","R","?","R","BOSS"],"items_purchased_type":["Card","Card"],"build_version":"2020-12-22","purchased_purges":0,"victory":false,"max_hp_per_floor":[70,70,70,70,70,70,70,70,70,70,70,70,70,70,70,70,70],"relic_stats":{"counters":[9,59],"Blue Candle":[1],"Art of War":[6],"Bag of Preparation":[6],"obtain_stats":[{"Blue Candle":6,"Art of War":8,"Bag of Preparation":9,"White Beast Statue":12,"Ring of the Snake":0},{"Blue Candle":5,"Art of War":6,"Bag of Preparation":6,"White Beast Statue":8,"Ring of the Snake":0},{"Blue Candle":21,"Art of War":34,"Bag of Preparation":34,"White Beast Statue":49,"Ring of the Snake":0}],"Ring of the Snake":[18]},"card_choices":[{"not_picked":["Backstab","Bouncing Flask"],"picked":"Dash","floor":0},{"not_picked":["Prepared","Tactician"],"picked":"Leg Sweep","floor":1},{"not_picked":["Backflip","PiercingWail"],"picked":"Quick Slash","floor":2},{"not_picked":["PiercingWail","Acrobatics"],"picked":"Caltrops","floor":3},{"not_picked":["Caltrops","Bane"],"picked":"Sucker Punch","floor":5},{"not_picked":["Predator","Underhanded Strike"],"picked":"Blur","floor":6},{"not_picked":["Flying Knee","Setup"],"picked":"PiercingWail","floor":8},{"not_picked":["Underhanded Strike","Flying Knee"],"picked":"Blade Dance","floor":10},{"not_picked":["Dagger Spray","Calculated Gamble"],"picked":"Doppelganger","floor":12}],"player_experience":505869,"relics_obtained":[{"floor":6,"key":"Blue Candle"},{"floor":8,"key":"Art of War"},{"floor":9,"key":"Bag of Preparation"},{"floor":12,"key":"White Beast Statue"}],"event_choices":[{"damage_healed":0,"gold_gain":0,"player_choice":"Ignored","damage_taken":0,"max_hp_gain":0,"max_hp_loss":0,"event_name":"Liars Game","floor":7,"gold_loss":0},{"damage_healed":0,"gold_gain":75,"player_choice":"Gather Gold","damage_taken":11,"max_hp_gain":0,"max_hp_loss":0,"event_name":"World of Goop","floor":11,"gold_loss":0},{"damage_healed":17,"gold_gain":0,"player_choice":"Healed and dodged fight","damage_taken":0,"max_hp_gain":0,"max_hp_loss":0,"event_name":"Mushrooms","floor":14,"gold_loss":0,"cards_obtained":["Parasite"]}],"is_beta":false,"boss_relics":[],"items_purged_floors":[],"is_endless":false,"potions_floor_spawned":[1,2,3,8],"killed_by":"Slime Boss","ascension_level":7}}