{"host":"5qkhoeeerm2epmkk","time":1614216637,"event":{"mods":["Aspiration","BaseMod","Block Reminder","Colored Map","Colored Powertips","Conspire","Custom Start","Energized Spire","GifTheSpireLib","Halation","Jedi Mod","Minty Spire (QoL Compilation)","Quick Restart","Replay The Spire","Shop Mod","StSLib","Stuff the Spire","SuperFastMode","The Animator","Trackpad"],"gold_per_floor":[115,129,129,141,154,180,180,206,233,264,281,281,311,326,326,326,326],"floor_reached":16,"language":"ENG","playtime":571,"items_purged":[],"score":244,"play_id":"28a5c741-f1bd-4f16-84f0-79b1f8f5b51e","local_time":"20210224203037","is_ascension_mode":true,"campfire_choices":[{"floor":7.0,"key":"REST"},{"floor":12.0,"key":"REST"},{"data":"jedi:fear","floor":15,"key":"SMITH"}],"circlet_count":0,"master_deck":["AscendersBane","Strike_R","Strike_R","Strike_R","Strike_R","Defend_R","Defend_R","Defend_R","Defend_R","Bash","Thunderclap","jedi:fear+1","Carnage","Shrug It Off","Feel No Pain","Shrug It Off","Flex","Flex"],"relics":["Burning Blood","Lizard Tail","trackpad:ByrdBGone","StuffTheSpire:Barrel","halation:PrussianBluePaint","Meat on the Bone"],"acts_visited":["Exordium"],"potions_floor_usage":[],"damage_taken":[{"damage":1.0,"enemies":"Cultist","floor":1.0,"turns":3.0},{"damage":9.0,"enemies":"Small Slimes","floor":2.0,"turns":4.0},{"damage":9.0,"enemies":"Jaw Worm","floor":4.0,"turns":4.0},{"damage":12.0,"enemies":"Gremlin Gang","floor":5.0,"turns":4.0},{"damage":32.0,"enemies":"Gremlin Nob","floor":6.0,"turns":4.0},{"damage":60.0,"enemies":"Lagavulin","floor":8.0,"turns":6.0},{"damage":19.0,"enemies":"3 Sentries","floor":10.0,"turns":8.0},{"damage":26.0,"enemies":"Red Slaver","floor":11.0,"turns":4.0},{"damage":1,"enemies":"Exordium Wildlife","floor":14,"turns":3},{"damage":51,"enemies":"Hexaghost","floor":16,"turns":9}],"seed_played":"3284653946860908580","potions_obtained":[{"floor":4.0,"key":"FearPotion"},{"floor":5.0,"key":"BloodPotion"},{"floor":8.0,"key":"Energy Potion"}],"is_trial":false,"path_per_floor":["M","M","?","M","M","E","R","E","T","E","M","R","?","M","R","B"],"character_chosen":"IRONCLAD","items_purchased":[],"campfire_rested":2,"item_purchase_floors":[],"current_hp_per_floor":[55,52,52,49,43,32,54,43,43,30,22,44,44,49,49,0,0],"gold":326,"neow_bonus":"ONE_RARE_RELIC","is_daily":false,"chose_seed":false,"campfire_upgraded":1,"win_rate":0.0,"timestamp":1614216637,"path_taken":["M","M","?","M","M","E","R","E","T","E","?","R","?","M","R","BOSS"],"items_purchased_type":[],"build_version":"2020-12-22","purchased_purges":0,"victory":false,"max_hp_per_floor":[75,75,75,75,75,75,75,75,75,75,75,75,75,75,75,75,75],"card_choices":[{"not_picked":["ReplayTheSpireMod:Strike From Hell","Wild Strike"],"picked":"Thunderclap","floor":1.0},{"not_picked":["Sword Boomerang","Power Through","Replay:Undeath\u0027s Touch"],"picked":"SKIP","floor":2.0},{"not_picked":["StuffTheSpire:RockThrow","Battle Trance"],"picked":"jedi:fear","floor":4.0},{"not_picked":["Perfected Strike","StuffTheSpire:BloodClot"],"picked":"Carnage","floor":5.0},{"not_picked":["Twin Strike","Hemogenesis"],"picked":"Shrug It Off","floor":6.0},{"not_picked":["Wild Strike","Headbutt"],"picked":"Feel No Pain","floor":8.0},{"not_picked":["Heavy Blade","Massacre"],"picked":"Shrug It Off","floor":10.0},{"not_picked":["True Grit","Wild Strike"],"picked":"Flex","floor":11.0},{"not_picked":["Headbutt","Wild Strike"],"picked":"Flex","floor":14}],"player_experience":1890779,"relics_obtained":[{"floor":6.0,"key":"trackpad:ByrdBGone"},{"floor":8.0,"key":"StuffTheSpire:Barrel"},{"floor":9.0,"key":"halation:PrussianBluePaint"},{"floor":10.0,"key":"Meat on the Bone"}],"event_choices":[{"cards_removed":["Strike_R"],"damage_healed":0.0,"max_hp_gain":0.0,"max_hp_loss":0.0,"gold_gain":0.0,"event_name":"Purifier","player_choice":"Purged","floor":3.0,"gold_loss":0.0,"damage_taken":0.0},{"damage_healed":0,"gold_gain":30,"player_choice":"Searched \u00272\u0027 times","damage_taken":0,"max_hp_gain":0,"max_hp_loss":0,"event_name":"Dead Adventurer","floor":13,"gold_loss":0}],"is_beta":false,"boss_relics":[],"items_purged_floors":[],"is_endless":false,"potions_floor_spawned":[4,5,8],"killed_by":"Hexaghost","ascension_level":20}}