{"host":"xhi24lkuliptqrs1","time":1614262209,"event":{"mods":["BaseMod","Friendly Minions","HololiveMod","KinomotoSakuraMod(木之本樱)","Marisa（F雨　魔理沙）","Minty Spire (QoL Compilation)","Reimu（博丽灵梦）","Remilia（蕾米莉亚）","Replay The Spire","RumiaBox-露米娅的神秘盒子","StSLib","The Bug Knight","WarShipGirlsR/战舰少女R mod","Yakumo Yukari mod","Youmu（魂魄妖梦）","Yuyuko"],"gold_per_floor":[118,128,128,128,142,142,67,79,79,99,125,136,156,168,168,168,168],"floor_reached":16,"language":"ZHS","playtime":2219,"items_purged":[],"score":106,"play_id":"b974e128-d0cc-457b-98a0-367ca172a29f","local_time":"20210225221009","is_ascension_mode":false,"campfire_choices":[{"data":"PhosphoricSlash","floor":6,"key":"SMITH"},{"data":"TenKingsRetributionOnThePreta","floor":15,"key":"SMITH"}],"circlet_count":0,"master_deck":["Strike_YM","Strike_YM","Strike_YM","Strike_YM","Defend_YM","Defend_YM","Defend_YM","Defend_YM","SlashOfPresentWorld","WheelOfPainOfLivingAndDead","Dramatic Entrance","CrescentMoonSlash","DoubleWheelOfPain","PhosphoricSlash+1","TenKingsRetributionOnThePreta+1","LifeCuttingSword","SlashOfTheEternalFuture","SanzenSekai","MatsuyoiReflectingSatelliteSlash","BloodOfAsura","ASingleThoughtAndInfiniteKalpas","SlashOfMeditation"],"relics":["HalfPhantom","Baka2","Blood Vial","ReplayTheSpireMod:Ninjato"],"acts_visited":["Exordium"],"potions_floor_usage":[13,16],"damage_taken":[{"damage":0,"enemies":"2 Louse","floor":1,"turns":2},{"damage":0,"enemies":"Small Slimes","floor":2,"turns":2},{"damage":9,"enemies":"Cultist","floor":5,"turns":5},{"damage":0,"enemies":"Lots of Slimes","floor":8,"turns":1},{"damage":0,"enemies":"Red Slaver","floor":10,"turns":2},{"damage":11,"enemies":"3 Sentries","floor":11,"turns":5},{"damage":15,"enemies":"2 Fungi Beasts","floor":12,"turns":4},{"damage":23,"enemies":"Blue Slaver","floor":13,"turns":5},{"damage":8,"enemies":"Gremlin Gang","floor":14,"turns":4},{"damage":56,"enemies":"The Guardian","floor":16,"turns":6}],"seed_played":"-1238629893061067880","potions_obtained":[{"floor":1,"key":"ColorlessPotion"},{"floor":4,"key":"SteroidPotion"},{"floor":4,"key":"GamblersBrew"},{"floor":4,"key":"DistilledChaos"},{"floor":14,"key":"Dexterity Potion"}],"is_trial":false,"path_per_floor":["M","M","?","?","M","R","$","M","T","M","E","M","M","M","R","B"],"character_chosen":"YOUMU","items_purchased":["TenKingsRetributionOnThePreta"],"campfire_rested":0,"item_purchase_floors":[7],"current_hp_per_floor":[75,75,75,75,66,66,66,66,66,68,59,46,70,64,64,0,0],"gold":168,"neow_bonus":"RANDOM_COLORLESS","is_daily":false,"chose_seed":false,"campfire_upgraded":2,"win_rate":0.0,"timestamp":1614262209,"path_taken":["M","M","?","?","?","R","?","?","T","M","E","M","?","M","R","BOSS"],"items_purchased_type":["Card"],"build_version":"2020-12-22","purchased_purges":0,"victory":false,"max_hp_per_floor":[75,75,75,75,75,75,75,75,75,75,75,75,75,75,75,83,83],"card_choices":[{"not_picked":["ReplayTheSpireMod:Trickstab","ReplayTheSpireMod:Private Reserves"],"picked":"Dramatic Entrance","floor":0},{"not_picked":["HumanKnowledgeSword","SwordExtraction"],"picked":"CrescentMoonSlash","floor":1},{"not_picked":["ConstancyOfTheConventionalTruth","KarmicPunishmentOfTheIdleAndUnfocused"],"picked":"DoubleWheelOfPain","floor":2},{"not_picked":["LowerRealmReflectionSlash","TwoHundredYojanaInOneSlash"],"picked":"PhosphoricSlash","floor":5},{"not_picked":["SanzenSekai","PhosphoricSlash"],"picked":"LifeCuttingSword","floor":8},{"not_picked":["SlashOfDepartureFromHesitation","SanzenSekai"],"picked":"SlashOfTheEternalFuture","floor":10},{"not_picked":["ConstancyOfTheConventionalTruth","CrescentMoonSlash"],"picked":"SanzenSekai","floor":11},{"not_picked":["ObsessionSword","HesitationCuttingSword"],"picked":"BloodOfAsura","floor":12},{"not_picked":["PretaSword","PhosphoricSlash"],"picked":"ASingleThoughtAndInfiniteKalpas","floor":13},{"not_picked":["LifeCuttingSword","SanzenSekai"],"picked":"SlashOfMeditation","floor":14}],"player_experience":105948,"relics_obtained":[{"floor":1,"key":"Baka"},{"floor":2,"key":"Baka2"},{"floor":9,"key":"Blood Vial"},{"floor":11,"key":"ReplayTheSpireMod:Ninjato"}],"event_choices":[{"damage_healed":0,"gold_gain":0,"player_choice":"Ignored","damage_taken":0,"max_hp_gain":0,"max_hp_loss":0,"event_name":"Shining Light","floor":3,"gold_loss":0},{"damage_healed":0,"gold_gain":0,"player_choice":"Got Potions","damage_taken":0,"max_hp_gain":0,"max_hp_loss":0,"event_name":"Lab","floor":4,"gold_loss":0}],"is_beta":false,"boss_relics":[],"items_purged_floors":[],"is_endless":false,"potions_floor_spawned":[1,8,12,14],"killed_by":"The Guardian","ascension_level":0}}