{"host":"ox77rn1xcurm2t5a","time":1614282046,"event":{"mods":["2.2 Compatiblity","AchievementEnabler","Act Like it!","Aspiration","BaseMod","Best Route Mod","Better Match","Better Note","Better Sensory Stone","Block Reminder","Colored Map","Colored Powertips","Conjunction","Conspire","Custom Start","Energized Spire","GifTheSpireLib","Gold Saver","Gremlin Skip","Halation","Highlight Path","Hubris","Infinite Spire","Minty Spire (QoL Compilation)","Pale of the Ancients","Quick Restart","Reliquary","Replay The Spire","Reworked Bosses","ShortenTheSpire","Spire Exporter","StSLib","Stuff the Spire","Wandering Minibosses"],"gold_per_floor":[147,147,165,185,53,53,88,88,88,88,122,122,122,148,148,148,148],"floor_reached":16,"language":"ENG","playtime":285,"items_purged":["Defend_R"],"score":186,"play_id":"1255f557-b1a8-42c1-ad71-28c6ca29b378","local_time":"20210225214046","is_ascension_mode":true,"campfire_choices":[{"floor":6,"key":"RECALL"},{"data":"Spot Weakness","floor":8,"key":"SMITH"},{"data":"Bash","floor":12,"key":"SMITH"},{"data":"Flame Barrier","floor":15,"key":"SMITH"}],"circlet_count":0,"master_deck":["AscendersBane","Strike_R","Strike_R","Strike_R","Strike_R","Defend_R","Defend_R","Defend_R","Bash+1","Twin Strike","Spot Weakness+1","Uppercut+1","Flame Barrier+1"],"relics":["Burning Blood","Regal Pillow","Boot","conspire:GiftBox","reliquary:Aerogel","Replay:Bottled Steam"],"acts_visited":["Exordium"],"potions_floor_usage":[4],"damage_taken":[{"damage":12,"enemies":"Jaw Worm","floor":1,"turns":4},{"damage":3,"enemies":"2 Louse","floor":3,"turns":4},{"damage":6,"enemies":"Cultist","floor":4,"turns":3},{"damage":30,"enemies":"Lagavulin","floor":7,"turns":5},{"damage":43,"enemies":"3 Sentries","floor":11,"turns":7},{"damage":18,"enemies":"Lagavulin","floor":14,"turns":5},{"damage":31,"enemies":"The Guardian","floor":16,"turns":5}],"seed_played":"7883605117580723921","potions_obtained":[{"floor":3,"key":"Swift Potion"},{"floor":4,"key":"FairyPotion"}],"is_trial":false,"path_per_floor":["M","?","M","M","$","R","E","R","T","T","E","R","?","E","R","B"],"character_chosen":"IRONCLAD","items_purchased":["Uppercut+1"],"campfire_rested":0,"item_purchase_floors":[5],"current_hp_per_floor":[66,66,69,69,69,69,45,45,45,45,8,8,8,27,27,0,0],"gold":148,"neow_bonus":"RANDOM_COMMON_RELIC","is_daily":false,"chose_seed":false,"campfire_upgraded":3,"win_rate":0.0,"timestamp":1614282046,"path_taken":["M","?","M","M","$","R","E","R","T","?","E","R","?","E","R","BOSS"],"items_purchased_type":["Card"],"build_version":"2020-12-22","purchased_purges":1,"victory":false,"max_hp_per_floor":[80,80,80,80,80,80,80,80,80,80,80,80,80,80,80,80,80],"card_choices":[{"not_picked":["Defy Death","ReplayTheSpireMod:Corrosion Curse"],"picked":"Twin Strike","floor":1},{"not_picked":["Armaments","Clothesline","StuffTheSpire:Slingshot"],"picked":"SKIP","floor":3},{"not_picked":["StuffTheSpire:RockThrow","Intimidate"],"picked":"Spot Weakness","floor":4},{"not_picked":["Havoc","Life Link"],"picked":"Flame Barrier","floor":7},{"not_picked":["Body Slam","Searing Blow","Brutality"],"picked":"SKIP","floor":11},{"not_picked":["Run Through","Eclipse","True Grit"],"picked":"SKIP","floor":14}],"player_experience":3275963,"relics_obtained":[{"floor":7,"key":"Boot"},{"floor":10,"key":"conspire:GiftBox"},{"floor":11,"key":"reliquary:Aerogel"},{"floor":14,"key":"Replay:Bottled Steam"}],"event_choices":[],"is_beta":false,"boss_relics":[],"items_purged_floors":[5],"is_endless":false,"potions_floor_spawned":[3,4],"killed_by":"The Guardian","ascension_level":12}}