{"host":"nj4msrt0z6tj4wtb","time":1614270956,"event":{"mods":["AchievementEnabler","BaseMod","Colored Map","Colored Powertips","DeckTracker","Highlight Path","Keyboard Shortcuts","Minty Spire (QoL Compilation)","Quick Restart","Random Character Button","StSLib","SuperFastMode"],"gold_per_floor":[118,136,152,165,3,3,18,33,82,82,99,117,137,169,181,270,282,309,335,347,347],"floor_reached":20,"language":"KOR","playtime":803,"items_purged":["Strike_P"],"score":564,"play_id":"04c8ea9c-81b9-40a9-8cd1-7134489a246a","local_time":"20210226013556","is_ascension_mode":true,"campfire_choices":[{"data":"Eruption","floor":6.0,"key":"SMITH"},{"floor":15.0,"key":"REST"}],"circlet_count":0,"master_deck":["AscendersBane","Strike_P","Strike_P","Strike_P","Defend_P","Defend_P","Defend_P","Defend_P","Eruption+1","Vigilance","CarveReality","Wallop","CrushJoints","MentalFortress","Consecrate","EmptyFist","FlurryOfBlows","MasterReality","Prostrate"],"relics":["Cursed Key","Bronze Scales","MawBank","SlaversCollar"],"acts_visited":["Exordium","TheCity"],"potions_floor_usage":[],"damage_taken":[{"damage":7.0,"enemies":"Small Slimes","floor":1.0,"turns":4.0},{"damage":0.0,"enemies":"Cultist","floor":2.0,"turns":2.0},{"damage":7.0,"enemies":"Jaw Worm","floor":3.0,"turns":3.0},{"damage":6.0,"enemies":"3 Louse","floor":4.0,"turns":3.0},{"damage":0.0,"enemies":"Blue Slaver","floor":7.0,"turns":3.0},{"damage":0.0,"enemies":"2 Fungi Beasts","floor":8.0,"turns":2.0},{"damage":1.0,"enemies":"Large Slime","floor":11.0,"turns":3.0},{"damage":0.0,"enemies":"3 Louse","floor":12.0,"turns":2.0},{"damage":6.0,"enemies":"Looter","floor":13.0,"turns":3.0},{"damage":16.0,"enemies":"3 Sentries","floor":14.0,"turns":8.0},{"damage":34.0,"enemies":"Slime Boss","floor":16.0,"turns":7.0},{"damage":13.0,"enemies":"3 Byrds","floor":18.0,"turns":2.0},{"damage":6.0,"enemies":"Chosen","floor":19.0,"turns":5.0},{"damage":36,"enemies":"Masked Bandits","floor":20,"turns":3}],"seed_played":"-3933973393968964398","potions_obtained":[{"floor":2.0,"key":"Block Potion"},{"floor":3.0,"key":"FearPotion"},{"floor":16.0,"key":"Explosive Potion"},{"floor":18.0,"key":"Fire Potion"}],"is_trial":false,"path_per_floor":["M","M","M","M","$","R","M","M","T","?","M","M","M","E","R","B",null,"M","M","?"],"character_chosen":"WATCHER","items_purchased":["MentalFortress"],"campfire_rested":1,"item_purchase_floors":[5],"current_hp_per_floor":[54,54,47,41,41,41,41,41,41,41,40,40,34,18,38,4,52,39,33,0,0],"gold":347,"neow_bonus":"BOSS_RELIC","is_daily":false,"chose_seed":false,"campfire_upgraded":1,"win_rate":0.0,"timestamp":1614270956,"path_taken":["M","M","M","M","$","R","M","M","T","?","M","M","?","E","R","BOSS","M","M","?"],"items_purchased_type":["Card"],"build_version":"2020-12-22","purchased_purges":1,"victory":false,"max_hp_per_floor":[68,68,68,68,68,68,68,68,68,68,68,68,68,68,68,68,68,68,68,68,68],"card_choices":[{"not_picked":["PathToVictory","FlyingSleeves"],"picked":"CarveReality","floor":1.0},{"not_picked":["ThirdEye","Halt"],"picked":"Wallop","floor":2.0},{"not_picked":["CarveReality","PathToVictory","Wireheading"],"picked":"SKIP","floor":3.0},{"not_picked":["Crescendo","Vengeance"],"picked":"CrushJoints","floor":4.0},{"not_picked":["FlyingSleeves","Study"],"picked":"Consecrate","floor":7.0},{"not_picked":["Consecrate","Nirvana","ClearTheMind"],"picked":"SKIP","floor":8.0},{"not_picked":["Sanctity","Halt"],"picked":"EmptyFist","floor":11.0},{"not_picked":["Protect","JustLucky","ThirdEye"],"picked":"SKIP","floor":12.0},{"not_picked":["Worship","FollowUp","FlyingSleeves"],"picked":"SKIP","floor":13.0},{"not_picked":["PathToVictory","ReachHeaven"],"picked":"FlurryOfBlows","floor":14.0},{"not_picked":["Ragnarok","DeusExMachina"],"picked":"MasterReality","floor":16.0},{"not_picked":["FlyingSleeves","Evaluate","SandsOfTime"],"picked":"SKIP","floor":18.0},{"not_picked":["WaveOfTheHand","Wireheading"],"picked":"Prostrate","floor":19.0}],"player_experience":682366,"relics_obtained":[{"floor":9.0,"key":"Bronze Scales"},{"floor":14.0,"key":"MawBank"}],"event_choices":[{"cards_removed":["Regret"],"damage_healed":0.0,"max_hp_gain":0.0,"max_hp_loss":0.0,"gold_gain":0.0,"event_name":"Purifier","player_choice":"Purged","floor":10.0,"gold_loss":0.0,"damage_taken":0.0},{"damage_healed":0,"gold_gain":0,"player_choice":"Fought Bandits","damage_taken":0,"max_hp_gain":0,"max_hp_loss":0,"event_name":"Masked Bandits","floor":20,"gold_loss":0}],"is_beta":false,"boss_relics":[{"not_picked":["Astrolabe","SacredBark"],"picked":"SlaversCollar"}],"items_purged_floors":[5],"is_endless":false,"potions_floor_spawned":[2,3,7,11,14,16,18],"killed_by":"Masked Bandits","ascension_level":20}}