{"host":"28p8ce41sjwa6lzf","time":1614289367,"event":{"mods":["BaseMod","Bestiary","Colored Map","Colored Powertips","Dark Map","Highlight Path","Minty Spire (QoL Compilation)","Permanent Neow","Quick Restart","Random Character Button","Rare Cards Sparkle","Relic Stats","StSLib","Unceasing Turn Reminder","ojb\u0027s Info Mod: The sequel"],"gold_per_floor":[16,26,38,52,71,103,103,129,156,156,174,174,208,264,264,338,338,350,22,34,34,65,65,92,17,17,17,27,27,37,52,52,125,125,141,141,65,78,88,114,126,172,184,196,218,55,55,83,83,83,83,83,83,26,53,53],"floor_reached":57,"language":"ENG","playtime":4079,"items_purged":[],"score":2710,"play_id":"5397aa63-0454-475a-b718-9b285cb289ed","local_time":"20210225154247","is_ascension_mode":true,"campfire_choices":[{"data":"Cloak And Dagger","floor":7.0,"key":"SMITH"},{"floor":10.0,"key":"REST"},{"floor":12.0,"key":"REST"},{"data":"Malaise","floor":15.0,"key":"SMITH"},{"floor":23.0,"key":"REST"},{"data":"Venomology","floor":27.0,"key":"SMITH"},{"data":"Blade Dance","floor":29.0,"key":"SMITH"},{"data":"Outmaneuver","floor":32.0,"key":"SMITH"},{"data":"Outmaneuver","floor":41.0,"key":"SMITH"},{"floor":47.0,"key":"REST"},{"floor":49.0,"key":"RECALL"},{"floor":53.0,"key":"REST"}],"circlet_count":0,"master_deck":["AscendersBane","Strike_G","Strike_G","Defend_G","Defend_G","Defend_G","Defend_G","Survivor","Neutralize+1","Infinite Blades","After Image","Dash","Bouncing Flask","PiercingWail","Masterful Stab+1","Blade Dance","Cloak And Dagger+1","Malaise+1","Outmaneuver+1","Bouncing Flask","Blade Dance+1","Venomology+1","Deflect","Leg Sweep+1","Adrenaline","Well Laid Plans+1","Outmaneuver+1","Terror","Adrenaline","Caltrops+1","Catalyst","Phantasmal Killer","Blade Dance+1","After Image+1","Caltrops+1","Riddle With Holes+1"],"relics":["Ring of the Snake","Boot","Pear","Whetstone","Centennial Puzzle","Toy Ornithopter","WristBlade","Potion Belt","Bag of Preparation","Red Mask","Mango","Frozen Egg 2","SacredBark","Snake Skull","MawBank","Mercury Hourglass","Shuriken","Akabeko","Calipers"],"acts_visited":["Exordium","TheCity","TheBeyond","TheEnding"],"potions_floor_usage":[56,56],"damage_taken":[{"damage":1.0,"enemies":"Cultist","floor":1.0,"turns":5.0},{"damage":0.0,"enemies":"2 Louse","floor":2.0,"turns":3.0},{"damage":8.0,"enemies":"Jaw Worm","floor":3.0,"turns":4.0},{"damage":0.0,"enemies":"2 Fungi Beasts","floor":4.0,"turns":4.0},{"damage":0.0,"enemies":"Exordium Wildlife","floor":5.0,"turns":3.0},{"damage":22.0,"enemies":"3 Sentries","floor":6.0,"turns":12.0},{"damage":26.0,"enemies":"Gremlin Nob","floor":8.0,"turns":4.0},{"damage":0.0,"enemies":"Blue Slaver","floor":11.0,"turns":2.0},{"damage":16.0,"enemies":"Lagavulin","floor":13.0,"turns":6.0},{"damage":15.0,"enemies":"Gremlin Nob","floor":14.0,"turns":4.0},{"damage":2.0,"enemies":"Hexaghost","floor":16.0,"turns":10.0},{"damage":7.0,"enemies":"2 Thieves","floor":18.0,"turns":3.0},{"damage":12.0,"enemies":"Chosen","floor":20.0,"turns":6.0},{"damage":3.0,"enemies":"Masked Bandits","floor":22.0,"turns":4.0},{"damage":26.0,"enemies":"Gremlin Leader","floor":24.0,"turns":8.0},{"damage":0.0,"enemies":"3 Cultists","floor":28.0,"turns":5.0},{"damage":1.0,"enemies":"Sentry and Sphere","floor":30.0,"turns":5.0},{"damage":1.0,"enemies":"Centurion and Healer","floor":31.0,"turns":5.0},{"damage":14.0,"enemies":"Automaton","floor":33.0,"turns":10.0},{"damage":13.0,"enemies":"3 Darklings","floor":35.0,"turns":5.0},{"damage":3.0,"enemies":"Orb Walker","floor":38.0,"turns":2.0},{"damage":22.0,"enemies":"3 Darklings","floor":39.0,"turns":5.0},{"damage":9.0,"enemies":"Giant Head","floor":40.0,"turns":6.0},{"damage":3.0,"enemies":"Nemesis","floor":42.0,"turns":5.0},{"damage":4.0,"enemies":"Jaw Worm Horde","floor":45.0,"turns":4.0},{"damage":28.0,"enemies":"Reptomancer","floor":48.0,"turns":4.0},{"damage":33.0,"enemies":"Donu and Deca","floor":50.0,"turns":11.0},{"damage":62.0,"enemies":"Time Eater","floor":51.0,"turns":7.0},{"damage":35.0,"enemies":"Shield and Spear","floor":55.0,"turns":8.0},{"damage":82,"enemies":"The Heart","floor":56,"turns":8}],"seed_played":"-6441256213864312813","potions_obtained":[{"floor":1.0,"key":"Dexterity Potion"},{"floor":2.0,"key":"Poison Potion"},{"floor":5.0,"key":"Block Potion"},{"floor":11.0,"key":"Explosive Potion"},{"floor":14.0,"key":"SteroidPotion"},{"floor":22.0,"key":"GamblersBrew"},{"floor":30.0,"key":"FairyPotion"},{"floor":35.0,"key":"CunningPotion"},{"floor":45.0,"key":"CultistPotion"}],"is_trial":false,"path_per_floor":["M","M","M","M","M","E","R","E","T","R","M","R","E","?","R","B",null,"M","$","M","?","?","R","E","?","T","R","M","R","M","M","R","B",null,"M","?","?","M","M","E","R","E","T","T","M","$","R","E","R","B","B",null,"R","$","E","B",null],"character_chosen":"THE_SILENT","items_purchased":["Potion Belt","Bag of Preparation","After Image+1","Block Potion"],"campfire_rested":5,"item_purchase_floors":[19,19,46,54],"current_hp_per_floor":[58,58,50,50,50,28,28,12,12,34,34,56,40,25,25,28,64,62,62,50,28,30,54,52,52,52,52,52,52,56,65,65,66,88,80,80,80,77,60,56,56,58,58,58,59,59,87,64,64,36,40,81,95,95,60,45],"gold":53,"neow_bonus":"TRANSFORM_TWO_CARDS","is_daily":false,"chose_seed":false,"campfire_upgraded":6,"win_rate":0.0,"timestamp":1614289367,"path_taken":["M","M","M","M","M","E","R","E","T","R","M","R","E","?","R","BOSS","M","$","M","?","?","R","E","?","T","R","?","R","M","M","R","BOSS","M","?","?","M","?","E","R","E","T","?","M","$","R","E","R","BOSS","BOSS","R","$","E","BOSS"],"items_purchased_type":["Relic","Relic","Card","Potion"],"build_version":"2020-12-22","purchased_purges":0,"victory":true,"max_hp_per_floor":[66,66,66,66,66,66,66,76,76,76,76,76,76,76,76,76,76,76,76,76,81,81,81,95,95,95,95,95,95,95,95,95,95,95,95,95,95,95,95,95,95,95,95,95,95,95,95,95,95,95,95,95,95,95,95,95],"relic_stats":{"Centennial Puzzle":[59],"counters":[30,168],"Shuriken":[30],"Snake Skull":[47],"Bag of Preparation":[36],"Whetstone":["Neutralize","Masterful Stab"],"Boot":[95],"MawBank":72,"obtain_stats":[{"Potion Belt":19,"Pear":8,"Calipers":55,"SacredBark":34,"Mango":24,"Snake Skull":37,"Bag of Preparation":19,"Whetstone":9,"Frozen Egg 2":26,"Boot":6,"MawBank":40,"Akabeko":48,"Mercury Hourglass":42,"Centennial Puzzle":13,"WristBlade":17,"Shuriken":44,"Red Mask":22,"Toy Ornithopter":14,"Ring of the Snake":0},{"Potion Belt":12,"Pear":7,"Calipers":29,"SacredBark":19,"Mango":15,"Snake Skull":20,"Bag of Preparation":12,"Whetstone":7,"Frozen Egg 2":15,"Boot":6,"MawBank":23,"Akabeko":26,"Mercury Hourglass":24,"Centennial Puzzle":9,"WristBlade":11,"Shuriken":24,"Red Mask":14,"Toy Ornithopter":10,"Ring of the Snake":0},{"Potion Belt":60,"Pear":35,"Calipers":160,"SacredBark":103,"Mango":78,"Snake Skull":108,"Bag of Preparation":60,"Whetstone":35,"Frozen Egg 2":78,"Boot":31,"MawBank":121,"Akabeko":134,"Mercury Hourglass":126,"Centennial Puzzle":43,"WristBlade":57,"Shuriken":126,"Red Mask":70,"Toy Ornithopter":47,"Ring of the Snake":0}],"Toy Ornithopter":105,"Ring of the Snake":[60],"Mercury Hourglass":[117]},"card_choices":[{"not_picked":["Dagger Throw","Footwork"],"picked":"Dash","floor":1.0},{"not_picked":["Deflect","Catalyst"],"picked":"Bouncing Flask","floor":2.0},{"not_picked":["Finisher","Leg Sweep"],"picked":"PiercingWail","floor":3.0},{"not_picked":["Dodge and Roll","Backflip"],"picked":"Masterful Stab","floor":4.0},{"not_picked":["Dagger Spray","Sucker Punch"],"picked":"Blade Dance","floor":5.0},{"not_picked":["Slice","Dagger Throw"],"picked":"Cloak And Dagger","floor":6.0},{"not_picked":["Cloak And Dagger","Noxious Fumes"],"picked":"Malaise","floor":8.0},{"not_picked":["Cloak And Dagger","Concentrate"],"picked":"Outmaneuver","floor":11.0},{"not_picked":["Dodge and Roll","Cloak And Dagger"],"picked":"Bouncing Flask","floor":13.0},{"not_picked":["Dagger Spray","Slice"],"picked":"Blade Dance","floor":14.0},{"not_picked":["A Thousand Cuts","Envenom"],"picked":"Venomology","floor":16.0},{"not_picked":["Backflip","Deadly Poison"],"picked":"Deflect","floor":18.0},{"not_picked":["Finisher","Sucker Punch"],"picked":"Leg Sweep+1","floor":20.0},{"not_picked":["Calculated Gamble","PiercingWail"],"picked":"Adrenaline","floor":24.0},{"not_picked":["Masterful Stab","Poisoned Stab"],"picked":"Well Laid Plans+1","floor":28.0},{"not_picked":["Poisoned Stab","Deadly Poison"],"picked":"Outmaneuver","floor":30.0},{"not_picked":["Tactician","Dagger Throw"],"picked":"Terror","floor":31.0},{"not_picked":["Burst","Tools of the Trade+1"],"picked":"Adrenaline","floor":33.0},{"not_picked":["Sucker Punch+1","Deadly Poison"],"picked":"Caltrops+1","floor":35.0},{"not_picked":["Dagger Spray","Eviscerate","Underhanded Strike"],"picked":"SKIP","floor":38.0},{"not_picked":["Eviscerate","Dodge and Roll"],"picked":"Catalyst","floor":39.0},{"not_picked":["Tactician","Deadly Poison+1"],"picked":"Phantasmal Killer","floor":40.0},{"not_picked":["Dagger Throw+1","Endless Agony+1"],"picked":"Blade Dance+1","floor":42.0},{"not_picked":["Well Laid Plans+1","Blur","Slice"],"picked":"SKIP","floor":45.0},{"not_picked":["Cloak And Dagger","Eviscerate"],"picked":"Caltrops+1","floor":48.0},{"not_picked":["Dagger Spray","Doppelganger"],"picked":"Riddle With Holes+1","floor":55.0}],"player_experience":1416150,"relics_obtained":[{"floor":6.0,"key":"Boot"},{"floor":8.0,"key":"Pear"},{"floor":9.0,"key":"Whetstone"},{"floor":13.0,"key":"Centennial Puzzle"},{"floor":14.0,"key":"Toy Ornithopter"},{"floor":22.0,"key":"Red Mask"},{"floor":24.0,"key":"Mango"},{"floor":26.0,"key":"Frozen Egg 2"},{"floor":40.0,"key":"MawBank"},{"floor":42.0,"key":"Mercury Hourglass"},{"floor":44.0,"key":"Shuriken"},{"floor":48.0,"key":"Akabeko"},{"floor":55.0,"key":"Calipers"}],"event_choices":[{"damage_healed":0.0,"max_hp_gain":0.0,"max_hp_loss":0.0,"gold_gain":0.0,"event_name":"Dead Adventurer","player_choice":"Searched \u00271\u0027 times","floor":14.0,"gold_loss":0.0,"damage_taken":0.0},{"damage_healed":0.0,"max_hp_gain":5.0,"max_hp_loss":0.0,"gold_gain":0.0,"event_name":"Forgotten Altar","player_choice":"Shed Blood","floor":21.0,"gold_loss":0.0,"damage_taken":27.0},{"damage_healed":0.0,"max_hp_gain":0.0,"max_hp_loss":0.0,"gold_gain":0.0,"event_name":"Masked Bandits","player_choice":"Fought Bandits","floor":22.0,"gold_loss":0.0,"damage_taken":0.0},{"cards_removed":["Strike_G"],"damage_healed":0.0,"max_hp_gain":0.0,"max_hp_loss":0.0,"gold_gain":0.0,"event_name":"Beggar","player_choice":"Gave Gold","floor":25.0,"gold_loss":75.0,"damage_taken":0.0},{"cards_removed":["Strike_G"],"damage_healed":0.0,"max_hp_gain":0.0,"max_hp_loss":0.0,"gold_gain":0.0,"event_name":"Falling","player_choice":"Removed Attack","floor":36.0,"gold_loss":0.0,"damage_taken":0.0},{"damage_healed":0.0,"max_hp_gain":0.0,"max_hp_loss":0.0,"gold_gain":0.0,"event_name":"WeMeetAgain","player_choice":"Paid Gold","floor":37.0,"gold_loss":76.0,"damage_taken":0.0,"relics_obtained":["Snake Skull"]}],"is_beta":false,"boss_relics":[{"not_picked":["Philosopher\u0027s Stone","Astrolabe"],"picked":"WristBlade"},{"not_picked":["Busted Crown","Calling Bell"],"picked":"SacredBark"}],"items_purged_floors":[],"is_endless":false,"potions_floor_spawned":[1,2,5,11,14,22,30,35,38,40,45],"ascension_level":20}}