{"host":"b8coxh3nmoxcbj3m","time":1614226594,"event":{"mods":["AchievementEnabler","BaseMod","Colored Map","Minty Spire (QoL Compilation)","StSLib","SuperFastMode"],"gold_per_floor":[115,127,127,148,36,36,111,11,11,11,11,11,11,35,35,154,154,174,174,189,189,207,207,13,13,37,50,50,50,50,69,69,169,169,186,201,251,251,266,266,294,41,41,70,70,21,33,50,50,50],"floor_reached":51,"language":"ZHS","playtime":1450,"items_purged":["Strike_B","Strike_B","Strike_B","Zap"],"score":693,"play_id":"5405c7f6-4083-4c0c-8ab5-29fc1b3fee96","local_time":"20210225121634","is_ascension_mode":false,"campfire_choices":[{"data":"Static Discharge","floor":6,"key":"SMITH"},{"data":"Static Discharge","floor":12,"key":"SMITH"},{"floor":15,"key":"REST"},{"floor":23,"key":"REST"},{"floor":25,"key":"REST"},{"floor":28,"key":"REST"},{"data":"Defragment","floor":32,"key":"SMITH"},{"floor":40,"key":"REST"},{"floor":45,"key":"REST"},{"data":"Electrodynamics","floor":49,"key":"SMITH"}],"circlet_count":0,"master_deck":["Defend_B+1","Defend_B","Dualcast+1","Static Discharge+1","Static Discharge+1","Double Energy","Defragment+1","Electrodynamics+1","Storm+1","Ball Lightning+1","Steam+1","Turbo","Redo+1"],"relics":["Cracked Core","Bloody Idol","White Beast Statue","Ornamental Fan","War Paint","Black Star","Nloth\u0027s Gift","MealTicket","Astrolabe","Thread and Needle","HornCleat","Mercury Hourglass","PreservedInsect","Eternal Feather","Strawberry"],"acts_visited":["Exordium","TheCity","TheBeyond"],"potions_floor_usage":[22,33,33,42,44],"damage_taken":[{"damage":5,"enemies":"Small Slimes","floor":1,"turns":3},{"damage":6,"enemies":"Jaw Worm","floor":2,"turns":4},{"damage":0,"enemies":"2 Louse","floor":4,"turns":2},{"damage":14,"enemies":"Blue Slaver","floor":14,"turns":2},{"damage":42,"enemies":"The Guardian","floor":16,"turns":8},{"damage":25,"enemies":"2 Thieves","floor":18,"turns":4},{"damage":9,"enemies":"Spheric Guardian","floor":20,"turns":3},{"damage":13,"enemies":"Snake Plant","floor":22,"turns":3},{"damage":20,"enemies":"3 Cultists","floor":27,"turns":5},{"damage":10,"enemies":"Chosen and Byrds","floor":31,"turns":4},{"damage":97,"enemies":"Champ","floor":33,"turns":9},{"damage":18,"enemies":"3 Shapes","floor":35,"turns":3},{"damage":19,"enemies":"3 Darklings","floor":36,"turns":3},{"damage":22,"enemies":"Mind Bloom Boss Battle","floor":37,"turns":4},{"damage":10,"enemies":"Jaw Worm Horde","floor":39,"turns":2},{"damage":48,"enemies":"Nemesis","floor":41,"turns":3},{"damage":11,"enemies":"Reptomancer","floor":44,"turns":3},{"damage":0,"enemies":"Sphere and 2 Shapes","floor":47,"turns":2},{"damage":16,"enemies":"Transient","floor":48,"turns":5},{"damage":32,"enemies":"Donu and Deca","floor":50,"turns":4}],"seed_played":"6215440807571648814","potions_obtained":[{"floor":1,"key":"SneckoOil"},{"floor":14,"key":"Strength Potion"},{"floor":16,"key":"SteroidPotion"},{"floor":20,"key":"FocusPotion"},{"floor":22,"key":"Regen Potion"},{"floor":27,"key":"EssenceOfDarkness"},{"floor":31,"key":"FairyPotion"},{"floor":33,"key":"FearPotion"},{"floor":35,"key":"PotionOfCapacity"},{"floor":36,"key":"BlessingOfTheForge"}],"is_trial":false,"path_per_floor":["M","M","?","M","$","R","?","$","T","$","T","R","?","M","R","B",null,"M","?","M","?","M","R","$","R","T","M","R","?","$","M","R","B",null,"M","M","?","?","M","R","E","$","T","E","R","$","M","M","R","B",null],"character_chosen":"DEFECT","items_purchased":["Static Discharge","Defragment","Fruit Juice","Energy Potion"],"campfire_rested":6,"item_purchase_floors":[5,24,42,46],"current_hp_per_floor":[77,71,71,71,71,71,60,60,60,60,60,60,48,34,56,14,76,51,35,26,26,13,35,35,57,57,37,59,59,74,69,69,27,76,63,49,32,32,27,49,6,26,26,27,59,74,79,68,74,42],"gold":50,"neow_bonus":"TEN_PERCENT_HP_BONUS","is_daily":false,"chose_seed":false,"campfire_upgraded":4,"win_rate":0.0,"timestamp":1614226594,"path_taken":["M","M","?","M","$","R","?","$","T","$","?","R","?","?","R","BOSS","M","?","M","?","?","R","$","R","T","M","R","?","$","M","R","BOSS","M","M","?","?","M","R","E","$","T","E","R","?","M","M","R","BOSS"],"items_purchased_type":["Card","Card","Potion","Potion"],"build_version":"2020-12-22","purchased_purges":4,"victory":true,"max_hp_per_floor":[82,82,76,76,76,76,76,76,76,76,76,76,76,76,76,76,76,76,76,76,76,76,76,76,76,76,76,76,76,76,76,76,76,76,76,76,76,76,76,76,76,81,81,88,88,88,88,88,88,88],"card_choices":[{"not_picked":["White Noise","Gash"],"picked":"Static Discharge","floor":1},{"not_picked":["Hello World","Reprogram","Turbo"],"picked":"SKIP","floor":2},{"not_picked":["Streamline","Doom and Gloom","Barrage"],"picked":"SKIP","floor":4},{"not_picked":["Go for the Eyes","Hello World"],"picked":"Double Energy","floor":14},{"not_picked":["Turbo+1","Barrage","Rebound"],"picked":"SKIP","floor":18},{"not_picked":["Beam Cell","Stack","Steam+1"],"picked":"SKIP","floor":20},{"not_picked":["Turbo","Meteor Strike","Hologram"],"picked":"SKIP","floor":22},{"not_picked":["FTL","Sweeping Beam","Turbo"],"picked":"SKIP","floor":27},{"not_picked":["Streamline","Auto Shields","Beam Cell"],"picked":"SKIP","floor":31},{"not_picked":["Thunder Strike","Meteor Strike"],"picked":"Electrodynamics","floor":33},{"not_picked":["Double Energy","Barrage+1","Consume+1"],"picked":"SKIP","floor":35},{"not_picked":["Stack+1","Defragment"],"picked":"Turbo","floor":36},{"not_picked":["Rebound+1","Defragment+1"],"picked":"Redo+1","floor":37},{"not_picked":["Hologram+1","Gash","Conserve Battery+1"],"picked":"SKIP","floor":39},{"not_picked":["Recycle+1","Cold Snap","Hyperbeam"],"picked":"SKIP","floor":41},{"not_picked":["Rip and Tear","Meteor Strike","Biased Cognition"],"picked":"SKIP","floor":44},{"not_picked":["Lockon","Cold Snap+1","Self Repair"],"picked":"SKIP","floor":47},{"not_picked":["Stack+1","Streamline+1","Buffer"],"picked":"SKIP","floor":48}],"player_experience":37875,"relics_obtained":[{"floor":9,"key":"White Beast Statue"},{"floor":11,"key":"Ornamental Fan"},{"floor":19,"key":"Nilry\u0027s Codex"},{"floor":26,"key":"MealTicket"},{"floor":37,"key":"Thread and Needle"},{"floor":41,"key":"HornCleat"},{"floor":41,"key":"Mercury Hourglass"},{"floor":43,"key":"PreservedInsect"},{"floor":44,"key":"Eternal Feather"},{"floor":44,"key":"Strawberry"}],"event_choices":[{"damage_healed":0,"gold_gain":0,"player_choice":"Lose Max HP","damage_taken":0,"relics_obtained":["Golden Idol"],"max_hp_gain":0,"max_hp_loss":6,"event_name":"Golden Idol","floor":3,"gold_loss":0},{"damage_healed":0,"gold_gain":75,"player_choice":"Gather Gold","damage_taken":11,"max_hp_gain":0,"max_hp_loss":0,"event_name":"World of Goop","floor":7,"gold_loss":0},{"damage_healed":0,"gold_gain":0,"player_choice":"Success","damage_taken":12,"relics_obtained":["War Paint"],"max_hp_gain":0,"max_hp_loss":0,"event_name":"Scrap Ooze","floor":13,"gold_loss":0},{"damage_healed":0,"gold_gain":0,"player_choice":"Obtained Book","damage_taken":16,"max_hp_gain":0,"max_hp_loss":0,"event_name":"Cursed Tome","floor":19,"gold_loss":0},{"damage_healed":0,"gold_gain":0,"player_choice":"Traded Relic","damage_taken":0,"relics_obtained":["Nloth\u0027s Gift"],"max_hp_gain":0,"max_hp_loss":0,"event_name":"N\u0027loth","floor":21,"relics_lost":["Nilry\u0027s Codex"],"gold_loss":0},{"damage_healed":0,"gold_gain":0,"player_choice":"Gave Idol","damage_taken":0,"relics_obtained":["Bloody Idol"],"max_hp_gain":0,"max_hp_loss":0,"event_name":"Forgotten Altar","floor":29,"relics_lost":["Golden Idol"],"gold_loss":0},{"damage_healed":0,"gold_gain":0,"player_choice":"Fight","damage_taken":0,"max_hp_gain":0,"max_hp_loss":0,"event_name":"MindBloom","floor":37,"gold_loss":0},{"damage_healed":0,"gold_gain":0,"player_choice":"Memory 1","damage_taken":0,"max_hp_gain":0,"max_hp_loss":0,"event_name":"SensoryStone","floor":38,"gold_loss":0}],"is_beta":false,"boss_relics":[{"not_picked":["SacredBark","FrozenCore"],"picked":"Black Star"},{"not_picked":["Sozu","Coffee Dripper"],"picked":"Astrolabe"}],"items_purged_floors":[5,8,24,42],"is_endless":false,"potions_floor_spawned":[1,14,16,18,20,22,27,31,33,35,36,37,39,41,44,47,48],"ascension_level":0}}