{"host":"kpcx2wrn7eq3nf7c","time":1614281181,"event":{"mods":["100% Spire Juice","Act Like it!","BaseMod","CapriCore","Downfall","Friendly Minions","Marisa£®ÏF”Í°°ƒß¿Ì…≥£©","Minty Spire (QoL Compilation)","StSLib","The Animator","The Immortal","The Marked","The Servant 0.9.4","Together in Spire","Waifu the Spire","Youmu£®ªÍ∆«—˝√Œ£©"],"gold_per_floor":[99,119,137,287,301,314,314,314,214,249,249,262,262,277,289,289,289,289],"floor_reached":16,"language":"ZHS","playtime":706,"items_purged":[],"score":104,"play_id":"aa7d64c5-2fb0-49c7-a2db-70134f6d9217","local_time":"20210226032621","is_ascension_mode":false,"campfire_choices":[{"floor":1.0,"key":"RECALL"},{"data":"sneckomod:UnendingSupply","floor":11.0,"key":"SMITH"},{"data":"sneckomod:DefensiveFlair","floor":13,"key":"SMITH"}],"circlet_count":0,"master_deck":["sneckomod:Strike","sneckomod:Strike","sneckomod:Strike","sneckomod:Defend","sneckomod:Defend","sneckomod:Defend","sneckomod:TailWhip","sneckomod:SnekBite","sneckomod:Unknown","sneckomod:Unknown","sneckomod:Unknown1Cost","sneckomod:UnknownCommonAttack","downfall:Icky","sneckomod:DefensiveFlair+1","Madness","sneckomod:UnendingSupply+1","sneckomod:UnknownUncommonPower"],"relics":["sneckomod:SneckoSoul","Singing Bowl","downfall:HeartBlessingRed","Meat on the Bone"],"acts_visited":[],"potions_floor_usage":[15],"damage_taken":[{"damage":1.0,"enemies":"Jaw Worm","floor":2.0,"turns":4.0},{"damage":4.0,"enemies":"2 Louse","floor":3.0,"turns":3.0},{"damage":6.0,"enemies":"Cultist","floor":5.0,"turns":3.0},{"damage":28.0,"enemies":"Exordium Thugs","floor":6.0,"turns":6.0},{"damage":19.0,"enemies":"Lagavulin","floor":10.0,"turns":7.0},{"damage":12.0,"enemies":"Exordium Wildlife","floor":12.0,"turns":4.0},{"damage":21,"enemies":"3 Louse","floor":14,"turns":4},{"damage":20,"enemies":"Exordium Thugs","floor":15,"turns":6},{"damage":19,"enemies":"DF_ARCHETYPE_STREAMLINE","floor":16,"turns":3}],"seed_played":"5037239890746571588","potions_obtained":[{"floor":6.0,"key":"AttackPotion"},{"floor":12.0,"key":"DistilledChaos"}],"is_trial":false,"path_per_floor":["R","M","M","?","M","M","T","?","R","E","R","M","R","M","M","B"],"character_chosen":"THE_SNECKO","items_purchased":[],"campfire_rested":0,"item_purchase_floors":[],"current_hp_per_floor":[99,98,94,94,88,60,60,51,51,32,32,32,32,25,19,0,0,0],"gold":289,"neow_bonus":"TEN_PERCENT_HP_BONUS","is_daily":false,"chose_seed":false,"campfire_upgraded":2,"win_rate":0.0,"timestamp":1614281181,"path_taken":["R","M","M","?","M","M","T","?","R","E","R","?","R","M","M","BOSS"],"items_purchased_type":[],"build_version":"2020-12-22","purchased_purges":0,"victory":false,"max_hp_per_floor":[99,99,99,99,99,99,99,99,99,99,99,99,99,101,103,103,103,103],"card_choices":[{"not_picked":["sneckomod:SoulDraw","sneckomod:UnknownCommonSkill"],"picked":"sneckomod:Unknown1Cost","floor":2.0},{"not_picked":["sneckomod:QuickMove","sneckomod:Unknown1Cost"],"picked":"sneckomod:UnknownCommonAttack","floor":3.0},{"not_picked":["sneckomod:Unknown2Cost","sneckomod:SlitherStrike"],"picked":"sneckomod:UnknownUncommonPower","floor":5.0},{"not_picked":["sneckomod:QuickBite","sneckomod:UnknownCommonSkill"],"picked":"sneckomod:DefensiveFlair","floor":6.0},{"not_picked":["sneckomod:SnekBeam","sneckomod:DiceCrush"],"picked":"sneckomod:UnendingSupply","floor":10.0},{"not_picked":["sneckomod:UnknownCommonAttack","sneckomod:QuickMove"],"picked":"sneckomod:UnknownUncommonPower","floor":12.0},{"not_picked":["sneckomod:WideSting","sneckomod:UnknownUncommonAttack","sneckomod:DefensiveFlair"],"picked":"Singing Bowl","floor":14},{"not_picked":["sneckomod:WideSting","sneckomod:SoulRoll","sneckomod:UnlimitedRolls"],"picked":"Singing Bowl","floor":15}],"player_experience":1284099,"relics_obtained":[{"floor":7.0,"key":"Singing Bowl"},{"floor":10.0,"key":"Meat on the Bone"}],"event_choices":[{"damage_healed":0.0,"max_hp_gain":0.0,"max_hp_loss":0.0,"gold_gain":0.0,"event_name":"Wheel of Change","player_choice":"Damaged","floor":8.0,"gold_loss":0.0,"damage_taken":9.0}],"is_beta":false,"boss_relics":[],"items_purged_floors":[],"is_endless":false,"potions_floor_spawned":[6,12],"killed_by":"DF_ARCHETYPE_STREAMLINE","ascension_level":0}}