{"host":"b34lfm0pg36jv5no","time":1614211981,"event":{"mods":["BaseMod","Bestiary","Colored Map","Dark Map","Minty Spire (QoL Compilation)","Relic Stats","ojb\u0027s Info Mod"],"gold_per_floor":[117,292,292,292,292,325,344,372,419,454,454,25,67,82,82,188,188,229,303,303,74,34,61,61,160,160,206,311,226,299,299,299,528,555,635,655,713,713,732,800,800,818,818,818,904,291,309,419,419,419,419,419,9,36,36],"floor_reached":56,"language":"ENG","playtime":14191,"items_purged":["Eruption","Adaptation"],"score":1687,"play_id":"29bc8fde-e847-49a9-b71f-a0354623e319","local_time":"20210225001301","is_ascension_mode":true,"campfire_choices":[{"data":"Ragnarok","floor":11,"key":"SMITH"},{"data":"Conclude","floor":15,"key":"SMITH"},{"data":"Prostrate","floor":24,"key":"SMITH"},{"data":"Wish","floor":32,"key":"SMITH"},{"data":"TalkToTheHand","floor":41,"key":"SMITH"},{"floor":49,"key":"RECALL"},{"data":"TalkToTheHand","floor":52,"key":"SMITH"}],"circlet_count":0,"master_deck":["Vigilance","Ragnarok+1","Conclude+1","ThirdEye","Blasphemy","TalkToTheHand+1","TalkToTheHand+1","Omniscience+1","Vault","Prostrate+1","Wish+1","Pray+1","Scrawl","InnerPeace","InnerPeace+1","Devotion","SashWhip+1","Devotion+1","Establishment+1","WaveOfTheHand+1","EmptyBody+1","Omniscience+1","Madness+1","Madness+1","Wireheading+1","TalkToTheHand+1","Nirvana+1","CutThroughFate","CutThroughFate+1","PanicButton+1","DeusExMachina+1","Flash of Steel","Secret Weapon+1","ThirdEye+1","Dark Shackles+1","MentalFortress+1"],"relics":["Pandora\u0027s Box","Akabeko","Anchor","Pen Nib","Toy Ornithopter","CeramicFish","Strange Spoon","PreservedInsect","Bronze Scales","Coffee Dripper","War Paint","Thread and Needle","Happy Flower","Vajra","Toxic Egg 2","Astrolabe","Frozen Egg 2","Orrery","Eternal Feather","Ice Cream","Strawberry","GoldenEye"],"acts_visited":["Exordium","TheCity","TheBeyond","TheEnding"],"potions_floor_usage":[33,35,50,55,55],"damage_taken":[{"damage":0,"enemies":"Jaw Worm","floor":1,"turns":2},{"damage":0,"enemies":"3 Sentries","floor":6,"turns":2},{"damage":0,"enemies":"2 Louse","floor":7,"turns":1},{"damage":0,"enemies":"Lagavulin","floor":8,"turns":2},{"damage":0,"enemies":"3 Sentries","floor":10,"turns":2},{"damage":0,"enemies":"Gremlin Nob","floor":13,"turns":3},{"damage":0,"enemies":"Small Slimes","floor":14,"turns":2},{"damage":0,"enemies":"Hexaghost","floor":16,"turns":2},{"damage":1,"enemies":"2 Thieves","floor":18,"turns":2},{"damage":0,"enemies":"3 Byrds","floor":19,"turns":2},{"damage":3,"enemies":"Slavers","floor":23,"turns":6},{"damage":4,"enemies":"Centurion and Healer","floor":25,"turns":5},{"damage":0,"enemies":"Gremlin Leader","floor":28,"turns":6},{"damage":0,"enemies":"Snake Plant","floor":30,"turns":2},{"damage":24,"enemies":"Collector","floor":33,"turns":9},{"damage":0,"enemies":"3 Darklings","floor":35,"turns":3},{"damage":11,"enemies":"3 Shapes","floor":36,"turns":4},{"damage":8,"enemies":"Maw","floor":37,"turns":6},{"damage":0,"enemies":"Spire Growth","floor":39,"turns":3},{"damage":1,"enemies":"Nemesis","floor":40,"turns":7},{"damage":0,"enemies":"4 Shapes","floor":45,"turns":3},{"damage":0,"enemies":"Mind Bloom Boss Battle","floor":48,"turns":4},{"damage":35,"enemies":"Donu and Deca","floor":50,"turns":5},{"damage":3,"enemies":"Shield and Spear","floor":54,"turns":6},{"damage":12,"enemies":"The Heart","floor":55,"turns":8}],"seed_played":"-9149818146553737630","potions_obtained":[{"floor":1,"key":"Dexterity Potion"},{"floor":7,"key":"Explosive Potion"},{"floor":8,"key":"SteroidPotion"},{"floor":16,"key":"AttackPotion"},{"floor":18,"key":"FearPotion"},{"floor":19,"key":"Regen Potion"},{"floor":22,"key":"DuplicationPotion"},{"floor":33,"key":"DistilledChaos"},{"floor":35,"key":"Weak Potion"},{"floor":39,"key":"CultistPotion"}],"is_trial":false,"path_per_floor":["M","?","?","?","?","E","M","E","T","E","R","$","E","M","R","B",null,"M","M","?","$","?","E","R","M","T","T","E","?","M","?","R","B",null,"M","M","M","?","M","E","R","?","T","?","M","$","?","?","R","B",null,"R","$","E","B",null],"character_chosen":"WATCHER","items_purchased":["Strange Spoon","PreservedInsect","Prostrate","Scrawl","Orrery","PanicButton+1","Eternal Feather","DeusExMachina+1","ThirdEye+1","Dark Shackles+1","Ancient Potion","MentalFortress+1","Strawberry"],"campfire_rested":0,"item_purchase_floors":[12,12,12,21,46,46,46,46,53,53,53,53,53],"current_hp_per_floor":[72,72,60,65,58,58,58,58,58,58,58,58,58,58,58,58,77,76,76,76,76,76,73,73,69,69,69,69,69,69,55,55,36,82,82,71,63,63,63,62,62,52,52,52,52,52,42,42,60,42,82,82,89,86,77],"gold":36,"neow_bonus":"BOSS_RELIC","is_daily":false,"chose_seed":false,"campfire_upgraded":6,"win_rate":0.0,"timestamp":1614211981,"path_taken":["M","?","?","?","?","E","M","E","T","E","R","$","E","M","R","BOSS","M","M","?","$","?","E","R","?","T","?","E","?","M","?","R","BOSS","M","M","M","?","M","E","R","?","T","?","M","$","?","?","R","BOSS","R","$","E","BOSS"],"items_purchased_type":["Relic","Relic","Card","Card","Relic","Card","Relic","Card","Card","Card","Potion","Card","Relic"],"build_version":"2020-12-22","purchased_purges":2,"victory":true,"max_hp_per_floor":[72,72,72,77,77,77,77,77,77,77,77,77,77,77,77,77,77,77,77,77,77,77,77,77,77,77,77,77,77,77,82,82,82,82,82,82,82,82,82,82,82,82,82,82,82,82,82,82,82,82,82,82,89,89,89],"relic_stats":{"Happy Flower":[22],"counters":[25,97],"CeramicFish":270,"Astrolabe":["SashWhip","Devotion","Establishment"],"Eternal Feather":18,"Pen Nib":[13],"PreservedInsect":232,"War Paint":["Pray","Omniscience"],"GoldenEye":[12],"Strange Spoon":[85],"Bronze Scales":[231],"Pandora\u0027s Box":["Adaptation","Ragnarok","Crescendo","Conclude","ThirdEye","Blasphemy","TalkToTheHand","JustLucky"],"obtain_stats":[{"Ice Cream":48,"Happy Flower":27,"CeramicFish":10,"Astrolabe":34,"Vajra":28,"Thread and Needle":26,"Eternal Feather":46,"Pen Nib":8,"PreservedInsect":12,"War Paint":23,"Frozen Egg 2":40,"GoldenEye":54,"Akabeko":3,"Strange Spoon":12,"Anchor":6,"Bronze Scales":13,"Strawberry":53,"Orrery":46,"Pandora\u0027s Box":0,"Coffee Dripper":17,"PureWater":0,"Toxic Egg 2":29,"Toy Ornithopter":9},{"Ice Cream":22,"Happy Flower":12,"CeramicFish":5,"Astrolabe":15,"Vajra":13,"Thread and Needle":12,"Eternal Feather":21,"Pen Nib":4,"PreservedInsect":5,"War Paint":11,"Frozen Egg 2":20,"GoldenEye":24,"Akabeko":1,"Strange Spoon":5,"Anchor":2,"Bronze Scales":6,"Strawberry":23,"Orrery":21,"Pandora\u0027s Box":0,"Coffee Dripper":8,"PureWater":0,"Toxic Egg 2":13,"Toy Ornithopter":4},{"Ice Cream":78,"Happy Flower":31,"CeramicFish":9,"Astrolabe":48,"Vajra":37,"Thread and Needle":31,"Eternal Feather":74,"Pen Nib":7,"PreservedInsect":9,"War Paint":26,"Frozen Egg 2":71,"GoldenEye":89,"Akabeko":2,"Strange Spoon":9,"Anchor":4,"Bronze Scales":12,"Strawberry":83,"Orrery":74,"Pandora\u0027s Box":0,"Coffee Dripper":16,"PureWater":0,"Toxic Egg 2":37,"Toy Ornithopter":7}],"Toy Ornithopter":13},"card_choices":[{"not_picked":["ThirdEye","SashWhip"],"picked":"TalkToTheHand","floor":1},{"not_picked":["Study","Crescendo"],"picked":"Omniscience","floor":6},{"not_picked":["WreathOfFlame","MentalFortress","Study"],"picked":"SKIP","floor":7},{"not_picked":["FlyingSleeves","WaveOfTheHand","Study"],"picked":"SKIP","floor":8},{"not_picked":["EmptyFist","Crescendo"],"picked":"Vault","floor":10},{"not_picked":["ClearTheMind","Blasphemy"],"picked":"LikeWater","floor":13},{"not_picked":["Collect","EmptyBody","SashWhip"],"picked":"SKIP","floor":14},{"not_picked":["Ragnarok","Establishment"],"picked":"Wish","floor":16},{"not_picked":["FollowUp+1","Evaluate","Protect"],"picked":"SKIP","floor":18},{"not_picked":["BowlingBash+1","CarveReality"],"picked":"Pray","floor":19},{"not_picked":["EmptyFist+1","Wallop","SashWhip"],"picked":"SKIP","floor":23},{"not_picked":["DeceiveReality+1","Worship"],"picked":"InnerPeace","floor":25},{"not_picked":["Nirvana","CrushJoints","WheelKick"],"picked":"SKIP","floor":28},{"not_picked":["Nirvana","CrushJoints","WheelKick"],"picked":"SKIP","floor":28},{"not_picked":["FollowUp+1","ClearTheMind+1"],"picked":"InnerPeace+1","floor":30},{"not_picked":["LessonLearned","Alpha+1"],"picked":"Devotion","floor":33},{"not_picked":["Wallop+1","BowlingBash"],"picked":"WaveOfTheHand+1","floor":35},{"not_picked":["Collect+1","PathToVictory+1"],"picked":"EmptyBody+1","floor":36},{"not_picked":["Nirvana+1","Weave+1"],"picked":"FlurryOfBlows+1","floor":37},{"not_picked":["Conclude","Fasting2","InnerPeace+1"],"picked":"SKIP","floor":39},{"not_picked":["FlurryOfBlows+1","JustLucky+1"],"picked":"Omniscience+1","floor":40},{"not_picked":["Vengeance+1","CrushJoints"],"picked":"Wireheading+1","floor":45},{"not_picked":["Alpha+1","Prostrate+1"],"picked":"TalkToTheHand+1","floor":46},{"not_picked":["EmptyBody+1","InnerPeace+1"],"picked":"Nirvana+1","floor":46},{"not_picked":["Vengeance+1","CrushJoints"],"picked":"CutThroughFate","floor":46},{"not_picked":["Sanctity+1","Nirvana+1"],"picked":"CutThroughFate+1","floor":46},{"not_picked":["Dramatic Entrance","Impatience+1"],"picked":"Flash of Steel","floor":47},{"not_picked":["Purity+1","Forethought+1"],"picked":"Secret Weapon+1","floor":47},{"not_picked":["Protect+1","JustLucky+1","MentalFortress+1"],"picked":"SKIP","floor":54}],"player_experience":2681853,"relics_obtained":[{"floor":6,"key":"Anchor"},{"floor":8,"key":"Pen Nib"},{"floor":9,"key":"Toy Ornithopter"},{"floor":10,"key":"CeramicFish"},{"floor":13,"key":"Bronze Scales"},{"floor":23,"key":"War Paint"},{"floor":26,"key":"Thread and Needle"},{"floor":27,"key":"Happy Flower"},{"floor":28,"key":"Vajra"},{"floor":40,"key":"Frozen Egg 2"},{"floor":48,"key":"Ice Cream"},{"floor":54,"key":"GoldenEye"}],"event_choices":[{"damage_healed":0,"gold_gain":175,"player_choice":"AGREE","damage_taken":0,"max_hp_gain":0,"max_hp_loss":0,"event_name":"Liars Game","floor":2,"gold_loss":0,"cards_obtained":["Doubt"]},{"damage_healed":0,"gold_gain":0,"player_choice":"Success","damage_taken":12,"relics_obtained":["Akabeko"],"max_hp_gain":0,"max_hp_loss":0,"event_name":"Scrap Ooze","floor":3,"gold_loss":0},{"damage_healed":0,"gold_gain":0,"player_choice":"Donut","damage_taken":0,"max_hp_gain":5,"max_hp_loss":0,"event_name":"Big Fish","floor":4,"gold_loss":0},{"cards_removed":["Doubt"],"damage_healed":0,"gold_gain":0,"player_choice":"Card Removal","damage_taken":7,"max_hp_gain":0,"max_hp_loss":0,"event_name":"Golden Wing","floor":5,"gold_loss":0},{"damage_healed":0,"gold_gain":0,"player_choice":"Ignored","damage_taken":0,"max_hp_gain":0,"max_hp_loss":0,"event_name":"The Mausoleum","floor":20,"gold_loss":0},{"damage_healed":0,"gold_gain":0,"player_choice":"Bought 3 Potions","damage_taken":0,"max_hp_gain":0,"max_hp_loss":0,"event_name":"The Woman in Blue","floor":22,"gold_loss":0},{"damage_healed":0,"gold_gain":0,"player_choice":"Obtained Relic","damage_taken":0,"relics_obtained":["Toxic Egg 2"],"max_hp_gain":0,"max_hp_loss":0,"event_name":"Addict","floor":29,"gold_loss":85},{"damage_healed":0,"gold_gain":0,"player_choice":"Shed Blood","damage_taken":19,"max_hp_gain":5,"max_hp_loss":0,"event_name":"Forgotten Altar","floor":31,"gold_loss":0},{"cards_removed":["FlurryOfBlows"],"damage_healed":0,"gold_gain":0,"player_choice":"Removed Attack","damage_taken":0,"max_hp_gain":0,"max_hp_loss":0,"event_name":"Falling","floor":38,"gold_loss":0},{"damage_healed":0,"gold_gain":0,"player_choice":"Embrace Madness","damage_taken":10,"max_hp_gain":0,"max_hp_loss":0,"event_name":"Winding Halls","floor":42,"gold_loss":0,"cards_obtained":["Madness","Madness"]},{"damage_healed":0,"gold_gain":0,"player_choice":"Ignored","damage_taken":0,"max_hp_gain":0,"max_hp_loss":0,"event_name":"Tomb of Lord Red Mask","floor":44,"gold_loss":0},{"damage_healed":0,"gold_gain":0,"player_choice":"Memory 3","damage_taken":10,"max_hp_gain":0,"max_hp_loss":0,"event_name":"SensoryStone","floor":47,"gold_loss":0},{"damage_healed":0,"gold_gain":0,"player_choice":"Fight","damage_taken":0,"max_hp_gain":0,"max_hp_loss":0,"event_name":"MindBloom","floor":48,"gold_loss":0}],"is_beta":false,"boss_relics":[{"not_picked":["Cursed Key","Velvet Choker"],"picked":"Coffee Dripper"},{"not_picked":["Calling Bell","Philosopher\u0027s Stone"],"picked":"Astrolabe"}],"items_purged_floors":[12,21],"is_endless":false,"potions_floor_spawned":[1,7,8,16,18,19,33,35,37,39,54],"ascension_level":4}}