{"host":"0rn20prxkpuv2e47","time":1614257213,"event":{"mods":["100% Spire Juice","ATMod(阿瑾Mod)","Act Like it!","Arknights","BaseMod","Downfall","Gensokyo","Hallownest","Library of Ruina","Minty Spire (QoL Compilation)","MostiFishMod","Reimu（博丽灵梦）","Remilia（蕾米莉亚）","Robot Space Explorer","StSLib","The Animator","The Construct","The Cursed","The Mystic","The Servant 0.9.4","Warlord Emblem","[GremlinLeader]The Maniac","[IsaacMod]以撒尖塔","[功能]功能增强和修复MOD","noobMod","【功能Mod】聪明的最终Boss","【遗物卡牌】REMEMod"],"gold_per_floor":[109,109,69,85,85,85,85,85,85,85,85,85,85,100,100,195,195,207,192,202,202,220,220,231,231,231,231,269,269,269,269,269,364,364,388,368,427,427,427,452,452,487,487,487,521,521,551,551,551,551],"floor_reached":51,"language":"ZHS","playtime":1359,"items_purged":["construct:Strike_Gold","construct:Defend_Gold","construct:Defend_Gold","construct:DefenseMode","construct:Defend_Gold","construct:Strike_Gold","construct:Defend_Gold","construct:Defend_Gold","construct:Strike_Gold","construct:Strike_Gold","construct:Strike_Gold","Hallownest:curseDreamersLament","Hallownest:curseDreamersLament","construct:AttackMode","Dramatic Entrance"],"score":1213,"play_id":"9a3743d6-dc65-4bd0-9867-fab61edbf352","local_time":"20210225204653","is_ascension_mode":true,"campfire_choices":[{"data":"construct:ForceCore","floor":6,"key":"SMITH"},{"data":"construct:ForceCore+1","floor":8,"key":"SMITH"},{"data":"REME_TwoStrings","floor":10,"key":"SMITH"},{"data":"construct:FlakBarrage","floor":12,"key":"SMITH"},{"data":"construct:FlakBarrage+1","floor":15,"key":"SMITH"},{"data":"Deep Breath","floor":23,"key":"SMITH"},{"data":"construct:BatteryCore","floor":25,"key":"SMITH"},{"data":"construct:BatteryCore+1","floor":27,"key":"SMITH"},{"data":"construct:HammerDown","floor":29,"key":"SMITH"},{"data":"construct:HammerDown+1","floor":32,"key":"SMITH"},{"data":"construct:HammerDown+1","floor":41,"key":"SMITH"},{"data":"construct:HammerDown","floor":44,"key":"SMITH"},{"data":"construct:HammerDown+1","floor":46,"key":"SMITH"},{"data":"construct:Boost+1","floor":49,"key":"SMITH"}],"circlet_count":0,"master_deck":["construct:HammerDown+2","construct:HammerDown+2","construct:ForceCore+2","construct:FlakBarrage+2","REME_TwoStrings+1","construct:Boost+2","construct:BatteryCore+2","construct:HammerDown+2","construct:GatlingGun+1","Deep Breath+1","construct:Reserves+1","Enlightenment","construct:BatteryAcid+1"],"relics":["construct:ClockworkPhoenix","ice","AT_ATBox","REME_ComplimentaryCards","HushsDoor","DaveBox","RhineSuit","MoneyPower","SynthV:TestCard","DollysMirror","Letter Opener","Gremlin Horn","SalivaCoin","BirthdayGift-Icosahedron","WarlordEmblem:BreastProtector","PageOfSpiderBud","TheAbacus","Oddly Smooth Stone","Question Card","MagicMushroom","Anchor","Civilization","Bottled Lightning","Toolbox","Akabeko","PageOfPinocchio","Hallownest:WatcherSealRelic","JellyFishMachine","Chemical X","AT_ChloranthyRing","construct:RocketBooster","PageOfScarecrow","WarlordEmblem:KitchenKnife","Dodecahedron","SynthV:C4","PageOfNosferatu","Incense Burner","AT_BellDemon","Molten Egg 2","Hallownest:KingsIdolRelic"],"acts_visited":["Gensokyo:Gensokyo","Hallownest:CityofTears","Hallownest:KingdomsEdge"],"potions_floor_usage":[],"damage_taken":[{"damage":0,"enemies":"Gensokyo:Python","floor":1,"turns":2},{"damage":7,"enemies":"Gensokyo:Gryphon","floor":4,"turns":2},{"damage":0,"enemies":"Gensokyo:2_Kodama","floor":14,"turns":1},{"damage":0,"enemies":"Gensokyo:Reimu","floor":16,"turns":3},{"damage":0,"enemies":"Hallownest:2_Mistakes","floor":18,"turns":1},{"damage":0,"enemies":"Hallownest:3_Youths","floor":20,"turns":1},{"damage":0,"enemies":"Hallownest:2_Husk_Sentries","floor":22,"turns":1},{"damage":0,"enemies":"Hallownest:3_Mistakes","floor":24,"turns":1},{"damage":0,"enemies":"Hallownest:Glutton_and_Coward","floor":28,"turns":1},{"damage":0,"enemies":"Hallownest:BossGrimm","floor":33,"turns":3},{"damage":0,"enemies":"Hallownest:2_Littles","floor":35,"turns":1},{"damage":0,"enemies":"Hallownest:2_Primals","floor":37,"turns":1},{"damage":0,"enemies":"Hallownest:eliteCollector","floor":40,"turns":1},{"damage":0,"enemies":"Hallownest:eliteHiveKnight","floor":42,"turns":1},{"damage":0,"enemies":"Hallownest:StalkingDevout","floor":45,"turns":1},{"damage":0,"enemies":"Hallownest:eliteCollector","floor":47,"turns":1},{"damage":0,"enemies":"Hallownest:BossGreyPrinceZote","floor":50,"turns":1}],"seed_played":"-7811285723166444227","potions_obtained":[{"floor":22,"key":"Energy Potion"}],"is_trial":false,"path_per_floor":["M","?","$","M","?","R","$","R","T","R","$","R","T","M","R","B",null,"M","$","M","$","M","R","M","R","T","R","M","R","?","?","R","B",null,"M","$","?","?","$","E","R","E","T","R","E","R","E","?","R","B",null],"character_chosen":"THE_CONSTRUCT_MOD","items_purchased":["DollysMirror","Letter Opener","Gremlin Horn","construct:ForceCore","SalivaCoin","BirthdayGift-Icosahedron","WarlordEmblem:BreastProtector","REME_TwoStrings","PageOfSpiderBud","TheAbacus","Oddly Smooth Stone","construct:BatteryCore","construct:HammerDown","Anchor","Civilization","construct:GatlingGun","Bottled Lightning","Toolbox","Akabeko","Deep Breath","Enlightenment","Chemical X","AT_ChloranthyRing","PageOfScarecrow","WarlordEmblem:KitchenKnife","Dodecahedron"],"campfire_rested":0,"item_purchase_floors":[3,3,3,3,7,7,7,7,11,11,11,17,17,19,19,19,21,21,21,21,34,36,36,39,39,39],"current_hp_per_floor":[85,70,70,63,63,63,63,63,63,63,63,63,63,64,64,65,113,113,113,116,116,121,121,126,126,126,126,131,131,131,131,131,136,134,139,139,144,139,139,144,144,29,29,29,37,37,45,45,45,53],"gold":551,"neow_bonus":"RANDOM_COLORLESS","is_daily":false,"chose_seed":false,"campfire_upgraded":14,"win_rate":0.0,"timestamp":1614257213,"path_taken":["M","?","$","?","?","R","$","R","T","R","$","R","?","M","R","BOSS","M","$","M","$","M","R","M","R","T","R","M","R","?","?","R","BOSS","M","$","?","?","$","E","R","E","T","R","E","R","E","?","R","BOSS"],"items_purchased_type":["Relic","Relic","Relic","Card","Relic","Relic","Relic","Card","Relic","Relic","Relic","Card","Card","Relic","Relic","Card","Relic","Relic","Relic","Card","Card","Relic","Relic","Relic","Relic","Relic"],"build_version":"2020-12-22","purchased_purges":15,"victory":true,"max_hp_per_floor":[85,85,85,85,85,85,113,113,113,113,113,113,113,113,113,113,113,113,113,116,116,121,121,126,126,126,126,131,131,131,131,131,136,134,139,139,144,139,139,144,144,268,268,268,273,273,278,278,278,283],"card_choices":[{"not_picked":["PanicButton","Panacea"],"picked":"Dramatic Entrance","floor":0},{"not_picked":["construct:Electrocute","construct:SyphonStrike"],"picked":"construct:HammerDown","floor":1},{"not_picked":["construct:SweepLaser","construct:GuardCore","construct:Impenetrable","construct:HardReboot"],"picked":"construct:FlakBarrage","floor":4},{"not_picked":["construct:Forcefield","construct:Synchronize","construct:Reinforce","construct:Analyze","construct:Failsafe"],"picked":"construct:Boost","floor":14},{"not_picked":["construct:Hazardproof","construct:Impenetrable+1","construct:Disrupt","construct:OneWayMirror","construct:PhosphorStorm","construct:Agitation"],"picked":"SKIP","floor":18},{"not_picked":["construct:CreateCores","construct:VentSteam","construct:Implosion","construct:Analyze","construct:Reinforce","construct:LaserCore"],"picked":"SKIP","floor":20},{"not_picked":["construct:VentSteam","construct:Accumulate+1","construct:PointDefense","construct:ScrapCannon+1","construct:ShiftStrike","construct:Versatility"],"picked":"SKIP","floor":22},{"not_picked":["construct:HeavyBolt","construct:FlammableFog","construct:Afterburners","construct:SuppressiveFire","construct:FlashFreeze+1","construct:Analyze"],"picked":"SKIP","floor":24},{"not_picked":["construct:PhosphorStorm","construct:HeavyBolt","construct:Dampening","construct:ScrapCannon","construct:PointDefense","construct:ScopeCore"],"picked":"SKIP","floor":28},{"not_picked":["construct:SiegeForm","construct:ShieldGenerator","construct:ShiftingStance","construct:HyperBeam","construct:Bunker"],"picked":"construct:Reserves","floor":33},{"not_picked":["construct:Backfire","construct:Anticipate","construct:Accumulate","construct:PointDefense","construct:Isolate+1","construct:OilSpill"],"picked":"SKIP","floor":35},{"not_picked":["construct:FocusedBeam+1","construct:Autoturret+1","construct:NuclearCore","construct:VentSteam","construct:ScopeCore"],"picked":"construct:BatteryAcid+1","floor":37},{"not_picked":["construct:SuppressiveFire+1","construct:ShiftStrike+1","construct:Missile","construct:FlammableFog+1","construct:SweepLaser+1","construct:FlashFreeze+1"],"picked":"SKIP","floor":40},{"not_picked":["construct:Stasis","construct:Backfire+1","construct:Anticipate+1","construct:ModeShift","construct:SuppressiveFire+1","construct:BatteryCore"],"picked":"SKIP","floor":42},{"not_picked":["construct:NuclearCore+1","construct:Backfire+1","construct:FlakBarrage+1","construct:OmegaCannon","construct:ModeShift","construct:CreateCores"],"picked":"SKIP","floor":45},{"not_picked":["construct:ModeShift","construct:ForceCore","construct:FocusedBeam+1","construct:Chainstrike+1","construct:UnbalancingBlast+1","construct:CreateCores+1"],"picked":"SKIP","floor":47}],"player_experience":164069,"relics_obtained":[{"floor":1,"key":"SynthV:TestCard"},{"floor":13,"key":"Question Card"},{"floor":26,"key":"PageOfPinocchio"},{"floor":37,"key":"construct:RocketBooster"},{"floor":40,"key":"SynthV:C4"},{"floor":42,"key":"PageOfNosferatu"},{"floor":43,"key":"Incense Burner"},{"floor":45,"key":"AT_BellDemon"},{"floor":47,"key":"Molten Egg 2"}],"event_choices":[],"is_beta":false,"boss_relics":[{"not_picked":["Fusion Hammer","bronze:MakeshiftBattery"],"picked":"MagicMushroom"},{"not_picked":[]},{"not_picked":["FeatherPendant","construct:ClawGrip"],"picked":"JellyFishMachine"},{"not_picked":[]}],"items_purged_floors":[3,3,3,3,3,3,3,3,19,19,19,36,36,36,36],"is_endless":false,"potions_floor_spawned":[1,4,4,14,16,16,18,18,20,22,24,33,35,37,40,42,45,45,47,47],"ascension_level":1}}