{"host":"jfbo3eu2ui08ej1u","time":1614244097,"event":{"mods":["2.2 Compatiblity","AchievementEnabler","Act Like it!","Aspiration","BaseMod","Better Altar","Better Match","Better Note","Better Sensory Stone","Better Skull","Better Third Choice","Block Reminder","Colored Map","Colored Powertips","Conspire","DeckTracker","Displayed Cursed Tome","Energized Spire","Fox Events","GifTheSpireLib","Hermit","Hubris","Infinite Spire","Marked Mod","Minty Spire (QoL Compilation)","Monster B Gone","Pale of the Ancients","Poor People Problems","Quick Restart","Relic Filter","Reliquary","Reorder Act Four","Replay The Spire","Shop Mod","Spicy Shops","Spire Arcade","StSLib","Stuff the Spire","The Blue Laboratory","The Disciple","The Forsaken","The Hierophant","The Marked","Uncapped","Unceasing Turn Reminder","Wandering Minibosses"],"gold_per_floor":[114,128,139,153,173,173,173,173,173,207,207,18,33,65,77,165,177,206,218,230,268,300,312,324,324],"floor_reached":24,"language":"ENG","playtime":968,"items_purged":[],"score":412,"play_id":"cdaa9f98-b8b4-480e-b425-e7dbb65cfd74","local_time":"20210225040817","is_ascension_mode":true,"campfire_choices":[{"data":"Noxious Fumes","floor":6.0,"key":"SMITH"},{"data":"hubris:TrickCloak","floor":8.0,"key":"SMITH"},{"data":"infinitespire:Neurotoxin","floor":11,"key":"SMITH"},{"floor":15,"key":"REST"},{"floor":23,"key":"REST"}],"circlet_count":0,"master_deck":["AscendersBane","Strike_G","Strike_G","Strike_G","Strike_G","Strike_G","Defend_G","Defend_G","Defend_G","Defend_G","Defend_G","Survivor","Neutralize","Bane","hubris:TrickCloak+1","Noxious Fumes+1","Deadly Poison","Hidden Blade","infinitespire:DeathsTouch","infinitespire:Neurotoxin+1","Envenom","Dagger Spray","Well Laid Plans","Dagger Throw","A Thousand Cuts","Calculated Gamble","Writhe","Leg Sweep","ReplayTheSpireMod:Necrosis"],"relics":["Ring of the Snake","reliquary:GummyVitamins","reliquary:SilkGlove","MawBank","Honey Jar","reliquary:FerryPass","Red Mask"],"acts_visited":["Exordium","TheCity"],"potions_floor_usage":[10,14,16],"damage_taken":[{"damage":0.0,"enemies":"Jaw Worm","floor":1.0,"turns":4.0},{"damage":0.0,"enemies":"2 Louse","floor":2.0,"turns":3.0},{"damage":1.0,"enemies":"Small Slimes","floor":3.0,"turns":4.0},{"damage":2.0,"enemies":"conspire:2 RoseBushes","floor":4.0,"turns":8.0},{"damage":5.0,"enemies":"Blue Slaver","floor":5.0,"turns":5.0},{"damage":6,"enemies":"Gremlin Nob","floor":10,"turns":3},{"damage":6,"enemies":"Exordium Wildlife","floor":13,"turns":3},{"damage":8,"enemies":"Replay:BlueRogue","floor":14,"turns":6},{"damage":76,"enemies":"Fading Forest","floor":16,"turns":13},{"damage":25,"enemies":"Shell Parasite","floor":18,"turns":6},{"damage":20,"enemies":"Masked Bandits","floor":21,"turns":3},{"damage":7,"enemies":"Spheric Guardian","floor":22,"turns":5},{"damage":36,"enemies":"Gremlin Leader","floor":24,"turns":2}],"seed_played":"5939277956708461667","potions_obtained":[{"floor":3.0,"key":"Fruit Juice"},{"floor":4.0,"key":"Weak Potion"},{"floor":5.0,"key":"blueLaboratory:RememoryPotion"},{"floor":10,"key":"GamblersBrew"},{"floor":14,"key":"Regen Potion"}],"is_trial":false,"path_per_floor":["M","M","M","M","M","R","?","R","T","E","R","$","M","E","R","B",null,"M","?","$","?","M","R","E"],"character_chosen":"THE_SILENT","items_purchased":["Envenom","Dagger Spray"],"campfire_rested":2,"item_purchase_floors":[12,12],"current_hp_per_floor":[65,65,69,67,62,62,44,44,44,38,38,38,32,24,47,2,58,33,33,33,13,6,29,0,0],"gold":324,"neow_bonus":"TEN_PERCENT_HP_BONUS","is_daily":false,"chose_seed":false,"campfire_upgraded":3,"win_rate":0.0,"timestamp":1614244097,"path_taken":["M","M","M","M","M","R","?","R","T","E","R","$","M","E","R","BOSS","M","?","?","?","?","R","E"],"items_purchased_type":["Card","Card"],"build_version":"2020-12-22","purchased_purges":0,"victory":false,"max_hp_per_floor":[72,72,77,77,77,77,77,77,77,77,77,77,77,77,77,77,77,77,77,77,77,77,77,77,77],"card_choices":[{"not_picked":["Fluid Movement","Deflect"],"picked":"Bane","floor":1.0},{"not_picked":["StuffTheSpire:ClusterCrunch","StuffTheSpire:Python"],"picked":"hubris:TrickCloak","floor":2.0},{"not_picked":["Poisoned Stab","Dash"],"picked":"Noxious Fumes","floor":3.0},{"not_picked":["Flechettes","Escape Plan"],"picked":"Deadly Poison","floor":4.0},{"not_picked":["hubris:SlightOfHand","StuffTheSpire:ClusterCrunch"],"picked":"Hidden Blade","floor":5.0},{"not_picked":["ReplayTheSpireMod:Echoes of Time","infinitespire:SealOfDarkness+"],"picked":"infinitespire:DeathsTouch","floor":7.0},{"not_picked":["Skewer","ReplayTheSpireMod:Speed Training"],"picked":"infinitespire:Neurotoxin","floor":10},{"not_picked":["Terror","Acrobatics"],"picked":"Well Laid Plans","floor":13},{"not_picked":["Calculated Gamble","Flechettes"],"picked":"Dagger Throw","floor":14},{"not_picked":["Phantasmal Killer","Replay:Bag of Tricks"],"picked":"A Thousand Cuts","floor":16},{"not_picked":["Hidden Blade","Deadly Poison","All Out Attack"],"picked":"Calculated Gamble","floor":18},{"not_picked":["ReplayTheSpireMod:Speed Training","Flying Knee","Bane"],"picked":"Leg Sweep","floor":21},{"not_picked":["Hidden Blade","Cloak And Dagger","Quick Slash+1"],"picked":"ReplayTheSpireMod:Necrosis","floor":22}],"player_experience":1383747,"relics_obtained":[{"floor":9.0,"key":"reliquary:GummyVitamins"},{"floor":10,"key":"reliquary:SilkGlove"},{"floor":14,"key":"MawBank"},{"floor":21,"key":"Red Mask"}],"event_choices":[{"damage_healed":0,"gold_gain":0,"player_choice":"Opened","damage_taken":0,"relics_obtained":["reliquary:FerryPass"],"max_hp_gain":0,"max_hp_loss":0,"event_name":"The Mausoleum","floor":19,"gold_loss":0,"cards_obtained":["Writhe"]},{"damage_healed":0,"gold_gain":0,"player_choice":"Fought Bandits","damage_taken":0,"max_hp_gain":0,"max_hp_loss":0,"event_name":"Masked Bandits","floor":21,"gold_loss":0}],"is_beta":false,"boss_relics":[{"not_picked":["hubris:ScarierMask","Snecko Scales"],"picked":"Honey Jar"}],"items_purged_floors":[],"is_endless":false,"potions_floor_spawned":[3,4,5,10,14],"killed_by":"Gremlin Leader","ascension_level":20}}