{"host":"5n1fl7z5i1vf7jan","time":1614215804,"event":{"mods":["BaseMod","Minty Spire (QoL Compilation)","Quick Restart","Relic Stats"],"gold_per_floor":[109,109,127,142,8,8,37,55,78,103,103,120,66,86,86,86,86],"floor_reached":16,"language":"ENG","playtime":1194,"items_purged":[],"score":274,"play_id":"585fbd96-4d16-4ae2-9ded-ebbee969fc84","local_time":"20210224171644","is_ascension_mode":true,"campfire_choices":[{"data":"Rebound","floor":6,"key":"SMITH"},{"floor":11,"key":"REST"},{"data":"Zap","floor":15,"key":"SMITH"}],"circlet_count":0,"master_deck":["AscendersBane","Strike_B","Strike_B","Strike_B","Defend_B","Defend_B","Defend_B","Defend_B","Zap+1","Dualcast","Cold Snap","Compile Driver","Capacitor","Glacier","Rebound+1","Sweeping Beam","Ball Lightning","Compile Driver"],"relics":["Cracked Core","NeowsBlessing","PreservedInsect","Strawberry","MealTicket"],"acts_visited":["Exordium"],"potions_floor_usage":[10,12,12,16,16],"damage_taken":[{"damage":0,"enemies":"Small Slimes","floor":1,"turns":1},{"damage":0,"enemies":"Cultist","floor":3,"turns":1},{"damage":0,"enemies":"2 Louse","floor":4,"turns":1},{"damage":48,"enemies":"Gremlin Nob","floor":7,"turns":5},{"damage":5,"enemies":"Looter","floor":8,"turns":4},{"damage":0,"enemies":"Lagavulin","floor":10,"turns":7},{"damage":10,"enemies":"Exordium Thugs","floor":12,"turns":4},{"damage":15,"enemies":"3 Louse","floor":14,"turns":3},{"damage":31,"enemies":"Hexaghost","floor":16,"turns":8}],"seed_played":"-1673818328675747036","potions_obtained":[{"floor":4,"key":"GamblersBrew"},{"floor":7,"key":"Explosive Potion"},{"floor":8,"key":"ColorlessPotion"},{"floor":10,"key":"Energy Potion"},{"floor":12,"key":"AttackPotion"}],"is_trial":false,"path_per_floor":["M","?","M","M","$","R","E","M","T","E","R","M","$","M","R","B"],"character_chosen":"DEFECT","items_purchased":["Glacier","Rebound","Block Potion"],"campfire_rested":1,"item_purchase_floors":[5,5,13],"current_hp_per_floor":[64,64,64,64,64,64,16,11,18,18,41,31,46,31,31,0,0],"gold":86,"neow_bonus":"THREE_ENEMY_KILL","is_daily":false,"chose_seed":false,"campfire_upgraded":2,"win_rate":0.0,"timestamp":1614215804,"path_taken":["M","?","M","M","$","R","E","M","T","E","R","?","$","M","R","BOSS"],"items_purchased_type":["Card","Card","Potion"],"build_version":"2020-12-22","purchased_purges":0,"victory":false,"max_hp_per_floor":[71,71,71,71,71,71,71,71,78,78,78,78,78,78,78,78,78],"relic_stats":{"counters":[9,34],"MealTicket":15,"PreservedInsect":29,"obtain_stats":[{"NeowsBlessing":0,"Strawberry":9,"MealTicket":10,"PreservedInsect":7,"Cracked Core":0},{"NeowsBlessing":0,"Strawberry":5,"MealTicket":6,"PreservedInsect":4,"Cracked Core":0},{"NeowsBlessing":0,"Strawberry":12,"MealTicket":19,"PreservedInsect":8,"Cracked Core":0}]},"card_choices":[{"not_picked":["Gash","Stack"],"picked":"Cold Snap","floor":1},{"not_picked":["Darkness","Aggregate"],"picked":"Compile Driver","floor":3},{"not_picked":["Double Energy","Force Field"],"picked":"Capacitor","floor":4},{"not_picked":["Storm","Static Discharge","Double Energy"],"picked":"SKIP","floor":7},{"not_picked":["Turbo","Force Field"],"picked":"Sweeping Beam","floor":8},{"not_picked":["Fusion","Stack","Turbo"],"picked":"SKIP","floor":10},{"not_picked":["Storm","Cold Snap"],"picked":"Ball Lightning","floor":12},{"not_picked":["Thunder Strike","Chaos"],"picked":"Compile Driver","floor":14}],"player_experience":407416,"relics_obtained":[{"floor":7,"key":"PreservedInsect"},{"floor":9,"key":"Strawberry"},{"floor":10,"key":"MealTicket"}],"event_choices":[{"cards_removed":["Strike_B"],"damage_healed":0,"gold_gain":0,"player_choice":"Offered Basic","damage_taken":0,"max_hp_gain":0,"max_hp_loss":0,"event_name":"Bonfire Elementals","floor":2,"gold_loss":0}],"is_beta":false,"boss_relics":[],"items_purged_floors":[],"is_endless":false,"potions_floor_spawned":[4,7,8,10,12],"killed_by":"Hexaghost","ascension_level":20}}