{"host":"0ueeacaatm8t6jyh","time":1614268886,"event":{"mods":["AchievementEnabler","BaseMod","Colored Powertips","Minty Spire (QoL Compilation)","Quick Restart","Rare Cards Sparkle","Shop Mod","StSLib"],"gold_per_floor":[113,263,188,188,113,146,146,146,161,161,161,161,179,179,195,238,259,259,259,259],"floor_reached":19,"language":"ZHS","playtime":457,"items_purged":["Strike_G"],"score":293,"play_id":"2b9c032d-bd28-4474-80cc-93c521d91b37","local_time":"20210226000126","is_ascension_mode":true,"campfire_choices":[{"data":"Terror","floor":7.0,"key":"SMITH"},{"data":"Neutralize","floor":10.0,"key":"SMITH"},{"floor":14.0,"key":"REST"},{"data":"Footwork","floor":18,"key":"SMITH"}],"circlet_count":0,"master_deck":["AscendersBane","Strike_G","Strike_G","Strike_G","Strike_G","Defend_G","Defend_G","Defend_G","Defend_G+1","Defend_G","Survivor+1","Neutralize+1","Terror+1","Acrobatics","Footwork+1","Heel Hook"],"relics":["Ring of the Snake","NeowsBlessing","InkBottle","Oddly Smooth Stone","Golden Idol","Strawberry","Meat on the Bone"],"acts_visited":["Exordium"],"potions_floor_usage":[16],"damage_taken":[{"damage":0.0,"enemies":"Jaw Worm","floor":1.0,"turns":1.0},{"damage":0.0,"enemies":"Gremlin Nob","floor":6.0,"turns":1.0},{"damage":0.0,"enemies":"Small Slimes","floor":9.0,"turns":1.0},{"damage":0.0,"enemies":"2 Louse","floor":13.0,"turns":3.0},{"damage":3.0,"enemies":"Blue Slaver","floor":15.0,"turns":4.0},{"damage":12,"enemies":"Lagavulin","floor":16,"turns":9},{"damage":2,"enemies":"Looter","floor":17,"turns":4},{"damage":39,"enemies":"Hexaghost","floor":19,"turns":11}],"seed_played":"-7245173807454456986","potions_obtained":[{"floor":1.0,"key":"LiquidMemories"},{"floor":13.0,"key":"PowerPotion"}],"is_trial":false,"path_per_floor":["M","?","?","T","$","E","R","?","M","R","T","?","M","R","M","E","M","R","B"],"character_chosen":"THE_SILENT","items_purchased":[],"campfire_rested":1,"item_purchase_floors":[],"current_hp_per_floor":[59,59,59,59,59,59,59,36,36,36,43,21,21,42,39,27,37,37,0,0],"gold":259,"neow_bonus":"THREE_ENEMY_KILL","is_daily":false,"chose_seed":false,"campfire_upgraded":3,"win_rate":0.0,"timestamp":1614268886,"path_taken":["M","?","?","?","?","E","R","?","?","R","T","?","M","R","M","E","M","R","BOSS"],"items_purchased_type":[],"build_version":"2020-12-22","purchased_purges":1,"victory":false,"max_hp_per_floor":[66,66,66,66,66,66,66,66,66,66,73,73,73,73,73,73,73,73,73,73],"card_choices":[{"not_picked":["Slice","Cloak And Dagger"],"picked":"Terror","floor":1.0},{"not_picked":["Poisoned Stab","Cloak And Dagger","Underhanded Strike"],"picked":"SKIP","floor":6.0},{"not_picked":["Prepared","Bouncing Flask"],"picked":"Acrobatics","floor":9.0},{"not_picked":["Slice","Dagger Spray","Poisoned Stab"],"picked":"SKIP","floor":13.0},{"not_picked":["Flying Knee","Blade Dance"],"picked":"Footwork","floor":15.0},{"not_picked":["Deflect","Accuracy","Expertise"],"picked":"SKIP","floor":16},{"not_picked":["Leg Sweep","Dagger Throw"],"picked":"Heel Hook","floor":17}],"player_experience":583244,"relics_obtained":[{"floor":4.0,"key":"InkBottle"},{"floor":6.0,"key":"Oddly Smooth Stone"},{"floor":11.0,"key":"Strawberry"},{"floor":16,"key":"Meat on the Bone"}],"event_choices":[{"damage_healed":0.0,"max_hp_gain":0.0,"max_hp_loss":0.0,"gold_gain":150.0,"event_name":"Liars Game","player_choice":"AGREE","floor":2.0,"gold_loss":0.0,"damage_taken":0.0,"cards_obtained":["Doubt"]},{"cards_removed":["Doubt"],"damage_healed":0.0,"max_hp_gain":0.0,"max_hp_loss":0.0,"gold_gain":0.0,"event_name":"The Cleric","player_choice":"Card Removal","floor":3.0,"gold_loss":75.0,"damage_taken":0.0},{"damage_healed":0.0,"max_hp_gain":0.0,"max_hp_loss":0.0,"gold_gain":0.0,"event_name":"Golden Idol","player_choice":"Take Damage","floor":8.0,"gold_loss":0.0,"damage_taken":23.0,"relics_obtained":["Golden Idol"]},{"damage_healed":0.0,"max_hp_gain":0.0,"max_hp_loss":0.0,"gold_gain":0.0,"event_name":"Shining Light","player_choice":"Entered Light","floor":12.0,"gold_loss":0.0,"damage_taken":22.0,"cards_upgraded":["Survivor","Defend_G"]}],"is_beta":false,"boss_relics":[],"items_purged_floors":[5],"is_endless":false,"potions_floor_spawned":[1,13],"killed_by":"Hexaghost","ascension_level":19}}