{"host":"5aai2e5pcxh5kz9q","time":1614273064,"event":{"mods":["BaseMod","Block Reminder","DeckTracker","Highlight Path","Minty Spire (QoL Compilation)","Relic Sorter","StSLib","The Problem Sleuth"],"gold_per_floor":[115,115,126,106,124,151,151,72,98,109,109,128,128,157,157,261,261,278,278,278,258,258,258,287,287,287,306,317,317,242,262,262,363,363,376,388,388,408,408,408,418,434,434,451,81,101,101,101,101,101,101],"floor_reached":50,"language":"ENG","playtime":3482,"items_purged":["Iron Wave"],"score":499,"play_id":"79be3d12-b167-4b89-9ebc-00a35c515688","local_time":"20210225111104","is_ascension_mode":false,"campfire_choices":[{"floor":7.0,"key":"REST"},{"floor":11.0,"key":"REST"},{"data":"Rage","floor":13.0,"key":"SMITH"},{"data":"Rampage","floor":15.0,"key":"SMITH"},{"data":"Heavy Blade","floor":23,"key":"SMITH"},{"data":"Whirlwind","floor":29,"key":"SMITH"},{"data":"Berserk","floor":32,"key":"SMITH"},{"data":"Barricade","floor":40,"key":"SMITH"},{"data":"True Grit","floor":47,"key":"SMITH"},{"floor":49,"key":"REST"}],"circlet_count":0,"master_deck":["Intimidate","Headbutt","Ghostly Armor","Flex+1","Shrug It Off+1","Rampage+1","Flex","Rage+1","Inflame","Juggernaut","Whirlwind+1","Bloodletting","Heavy Blade+1","True Grit+1","Intimidate","Reaper","Wild Strike+1","Blood for Blood","Necronomicurse","Berserk+1","Bloodletting","Barricade+1","Hemokinesis+1","Feed+1","Evolve+1","Body Slam+1","Anger+1","Feel No Pain+1","Parasite","Armaments+1","Warcry","Whirlwind","Ghostly Armor","True Grit+1","Evolve+1","Shrug It Off+1","Madness","Madness"],"relics":["Burning Blood","Boot","Tiny Chest","War Paint","Smiling Mask","Pandora\u0027s Box","InkBottle","White Beast Statue","Necronomicon","Gambling Chip","Astrolabe","theSleuth:Tectrixcalibur","Question Card","Frozen Egg 2","Vajra"],"acts_visited":["Exordium","TheCity","TheBeyond"],"potions_floor_usage":[18,24,28,33,33,46,50,50],"damage_taken":[{"damage":3.0,"enemies":"2 Louse","floor":1.0,"turns":3.0},{"damage":4.0,"enemies":"Cultist","floor":3.0,"turns":5.0},{"damage":7.0,"enemies":"Jaw Worm","floor":5.0,"turns":4.0},{"damage":65.0,"enemies":"Lagavulin","floor":6.0,"turns":10.0},{"damage":8.0,"enemies":"Gremlin Gang","floor":10.0,"turns":7.0},{"damage":0.0,"enemies":"Large Slime","floor":12.0,"turns":6.0},{"damage":9.0,"enemies":"3 Sentries","floor":14.0,"turns":9.0},{"damage":46.0,"enemies":"Slime Boss","floor":16.0,"turns":13.0},{"damage":3,"enemies":"3 Byrds","floor":18,"turns":4},{"damage":3,"enemies":"2 Thieves","floor":21,"turns":4},{"damage":35,"enemies":"Gremlin Leader","floor":24,"turns":8},{"damage":7,"enemies":"Snake Plant","floor":27,"turns":3},{"damage":6,"enemies":"Centurion and Healer","floor":28,"turns":4},{"damage":0,"enemies":"3 Cultists","floor":31,"turns":3},{"damage":80,"enemies":"Collector","floor":33,"turns":9},{"damage":29,"enemies":"3 Shapes","floor":35,"turns":1},{"damage":12,"enemies":"3 Darklings","floor":36,"turns":4},{"damage":12,"enemies":"Sphere and 2 Shapes","floor":38,"turns":4},{"damage":51,"enemies":"Writhing Mass","floor":41,"turns":5},{"damage":2,"enemies":"3 Darklings","floor":42,"turns":2},{"damage":24,"enemies":"Jaw Worm Horde","floor":44,"turns":2},{"damage":10,"enemies":"Sphere and 2 Shapes","floor":46,"turns":6},{"damage":116,"enemies":"Donu and Deca","floor":50,"turns":8}],"seed_played":"-1015265758109556413","potions_obtained":[{"floor":4.0,"key":"Regen Potion"},{"floor":5.0,"key":"PowerPotion"},{"floor":6.0,"key":"LiquidMemories"},{"floor":12.0,"key":"Fruit Juice"},{"floor":14.0,"key":"LiquidBronze"},{"floor":18,"key":"Energy Potion"},{"floor":24,"key":"SkillPotion"},{"floor":28,"key":"EssenceOfSteel"},{"floor":31,"key":"Energy Potion"},{"floor":33,"key":"LiquidBronze"},{"floor":35,"key":"Weak Potion"},{"floor":36,"key":"DuplicationPotion"},{"floor":44,"key":"SteroidPotion"},{"floor":46,"key":"Regen Potion"}],"is_trial":false,"path_per_floor":["M","?","M","?","M","E","R","$","T","M","R","M","R","E","R","B",null,"M","?","$","M","T","R","E","?","T","M","M","R","?","M","R","B",null,"M","M","?","M","T","R","M","M","T","M","$","M","R","?","R","B"],"character_chosen":"IRONCLAD","items_purchased":["Shrug It Off","Rampage","Ghostly Armor","True Grit","Vajra","Evolve+1"],"campfire_rested":3,"item_purchase_floors":[8,8,45,45,45,45],"current_hp_per_floor":[80,80,80,80,79,20,44,44,44,42,66,85,85,82,82,42,85,85,85,85,85,85,85,77,61,61,60,60,60,60,85,85,32,85,62,79,79,77,77,77,53,89,89,71,71,89,89,77,93,0,0],"gold":101,"neow_bonus":"RANDOM_COMMON_RELIC","is_daily":false,"chose_seed":false,"campfire_upgraded":7,"win_rate":0.0,"timestamp":1614273064,"path_taken":["M","?","?","?","M","E","R","$","T","?","R","M","R","E","R","BOSS","M","?","$","?","?","R","E","?","T","M","M","R","?","M","R","BOSS","M","M","?","M","?","R","M","M","T","?","$","M","R","?","R","BOSS"],"items_purchased_type":["Card","Card","Card","Card","Relic","Card"],"build_version":"2020-12-22","purchased_purges":1,"victory":false,"max_hp_per_floor":[80,80,80,80,80,80,80,80,80,80,80,85,85,85,85,85,85,85,85,85,85,85,85,85,85,85,85,85,85,85,85,85,85,85,85,85,85,89,89,89,89,89,89,89,89,93,93,93,93,93,93],"card_choices":[{"not_picked":["Sword Boomerang","Warcry"],"picked":"Intimidate","floor":1.0},{"not_picked":["Havoc","Thunderclap"],"picked":"Headbutt","floor":3.0},{"not_picked":["Body Slam","Exhume"],"picked":"Ghostly Armor","floor":5.0},{"not_picked":["Twin Strike","Armaments"],"picked":"Flex","floor":6.0},{"not_picked":["Pommel Strike","Rupture"],"picked":"Flex","floor":10.0},{"not_picked":["Pommel Strike","Limit Break"],"picked":"Rage","floor":12.0},{"not_picked":["Clash","Havoc"],"picked":"Inflame","floor":14.0},{"not_picked":["Impervious","Offering"],"picked":"Juggernaut","floor":16.0},{"not_picked":["Headbutt","Flex"],"picked":"Wild Strike+1","floor":18},{"not_picked":["Pommel Strike+1","Twin Strike"],"picked":"Blood for Blood","floor":21},{"not_picked":["Clothesline","Combust"],"picked":"Iron Wave","floor":24},{"not_picked":["Perfected Strike","Clash"],"picked":"Berserk","floor":27},{"not_picked":["Flex+1","Pommel Strike"],"picked":"Iron Wave","floor":28},{"not_picked":["Hemokinesis","Burning Pact"],"picked":"Bloodletting","floor":31},{"not_picked":["Impervious","Exhume"],"picked":"Barricade","floor":33},{"not_picked":["Wild Strike","Iron Wave"],"picked":"Body Slam+1","floor":35},{"not_picked":["Disarm+1","Headbutt"],"picked":"Anger+1","floor":36},{"not_picked":["Pommel Strike+1","Exhume"],"picked":"Feel No Pain+1","floor":38},{"not_picked":["True Grit","Rage","Dropkick"],"picked":"Armaments+1","floor":41},{"not_picked":["Wild Strike","Uppercut+1","Shockwave"],"picked":"Warcry","floor":42},{"not_picked":["Fire Breathing+1","Intimidate","Seeing Red+1"],"picked":"Whirlwind","floor":44},{"not_picked":["Dropkick","Havoc+1","Sword Boomerang"],"picked":"Shrug It Off+1","floor":46}],"player_experience":257002,"relics_obtained":[{"floor":6.0,"key":"Tiny Chest"},{"floor":9.0,"key":"War Paint"},{"floor":14.0,"key":"Smiling Mask"},{"floor":22,"key":"InkBottle"},{"floor":24,"key":"White Beast Statue"},{"floor":25,"key":"Necronomicon"},{"floor":26,"key":"Gambling Chip"},{"floor":39,"key":"Question Card"},{"floor":43,"key":"Frozen Egg 2"}],"event_choices":[{"cards_removed":["Strike_R"],"damage_healed":0.0,"max_hp_gain":0.0,"max_hp_loss":0.0,"gold_gain":0.0,"event_name":"Bonfire Elementals","player_choice":"Offered Basic","floor":2.0,"gold_loss":0.0,"damage_taken":0.0},{"damage_healed":0.0,"max_hp_gain":0.0,"max_hp_loss":0.0,"gold_gain":0.0,"event_name":"The Woman in Blue","player_choice":"Bought 1 Potion","floor":4.0,"gold_loss":0.0,"damage_taken":0.0},{"damage_healed":0,"gold_gain":0,"player_choice":"Upgraded","damage_taken":0,"max_hp_gain":0,"max_hp_loss":0,"event_name":"Upgrade Shrine","floor":19,"gold_loss":0,"cards_upgraded":["True Grit"]},{"damage_healed":0,"gold_gain":0,"player_choice":"Obtained Book","damage_taken":16,"max_hp_gain":0,"max_hp_loss":0,"event_name":"Cursed Tome","floor":25,"gold_loss":0},{"cards_removed":["Bash"],"damage_healed":0,"gold_gain":0,"player_choice":"Gave Gold","damage_taken":0,"max_hp_gain":0,"max_hp_loss":0,"event_name":"Beggar","floor":30,"gold_loss":75},{"damage_healed":0,"gold_gain":0,"player_choice":"Embrace Madness","damage_taken":12,"max_hp_gain":0,"max_hp_loss":0,"event_name":"Winding Halls","floor":48,"gold_loss":0,"cards_obtained":["Madness","Madness"]}],"is_beta":false,"boss_relics":[{"not_picked":["Busted Crown","Velvet Choker"],"picked":"Pandora\u0027s Box"},{"not_picked":["Snecko Eye","Empty Cage"],"picked":"Astrolabe"}],"items_purged_floors":[45],"is_endless":false,"potions_floor_spawned":[5,6,10,12,14,18,24,27,28,31,33,35,36,38,41,42,44,46],"killed_by":"Donu and Deca","ascension_level":0}}