{"host":"sav7uxregyirlf69","time":1614241137,"event":{"mods":["AchievementEnabler","BaseMod","Colored Map","DeckTracker","Keyboard Shortcuts","Minty Spire (QoL Compilation)","READ ME - Guardian Mod","StSLib","SuperFastMode"],"gold_per_floor":[115,190,190,60,79,109,128,155,155,155,172,152,152,185,185,256,256,270,12,29,29,29,29,44,44,69,69,96,196,209,220,220,220,220],"floor_reached":33,"language":"KOR","playtime":593,"items_purged":["Strike_G","Strike_G"],"score":766,"play_id":"55b29196-ba86-4e47-9440-4c844c1a8eb2","local_time":"20210225171857","is_ascension_mode":true,"campfire_choices":[{"floor":10,"key":"REST"},{"data":"Concentrate","floor":13,"key":"SMITH"},{"data":"Noxious Fumes","floor":15,"key":"SMITH"},{"data":"Tactician","floor":23,"key":"SMITH"},{"data":"Blade Dance","floor":25,"key":"SMITH"},{"floor":27,"key":"REST"},{"floor":32,"key":"REST"}],"circlet_count":0,"master_deck":["AscendersBane","Strike_G","Strike_G","Strike_G","Defend_G","Defend_G","Defend_G","Defend_G","Survivor","Neutralize","Blade Dance+1","Terror","Dagger Throw","Backstab","Dagger Throw","Reflex","Concentrate+1","Noxious Fumes+1","Tactician+1","Acrobatics","PiercingWail","Prepared+1"],"relics":["Ring of the Snake","Omamori","Pocketwatch","Blue Candle","StrikeDummy","Vajra","WristBlade","ClockworkSouvenir","Happy Flower","Strawberry","Bird Faced Urn","White Beast Statue"],"acts_visited":["Exordium","TheCity"],"potions_floor_usage":[6,11,14,16,18,28,33,33],"damage_taken":[{"damage":3,"enemies":"Cultist","floor":1,"turns":4},{"damage":0,"enemies":"Jaw Worm","floor":5,"turns":3},{"damage":18,"enemies":"Lagavulin","floor":6,"turns":7},{"damage":0,"enemies":"Small Slimes","floor":7,"turns":2},{"damage":8,"enemies":"Gremlin Nob","floor":8,"turns":3},{"damage":0,"enemies":"Gremlin Gang","floor":11,"turns":1},{"damage":0,"enemies":"Lagavulin","floor":14,"turns":2},{"damage":0,"enemies":"Slime Boss","floor":16,"turns":5},{"damage":14,"enemies":"3 Byrds","floor":18,"turns":4},{"damage":10,"enemies":"Shell Parasite","floor":20,"turns":2},{"damage":17,"enemies":"Centurion and Healer","floor":24,"turns":4},{"damage":0,"enemies":"Gremlin Leader","floor":28,"turns":4},{"damage":17,"enemies":"Colosseum Slavers","floor":29,"turns":3},{"damage":7,"enemies":"Colosseum Nobs","floor":29,"turns":3},{"damage":19,"enemies":"Snake Plant","floor":30,"turns":2},{"damage":0,"enemies":"Cultist and Chosen","floor":31,"turns":4},{"damage":66,"enemies":"Automaton","floor":33,"turns":6}],"seed_played":"4070393116913490133","potions_obtained":[{"floor":1,"key":"GhostInAJar"},{"floor":6,"key":"ColorlessPotion"},{"floor":8,"key":"DistilledChaos"},{"floor":11,"key":"CunningPotion"},{"floor":14,"key":"Weak Potion"},{"floor":18,"key":"SpeedPotion"},{"floor":24,"key":"Regen Potion"},{"floor":29,"key":"SmokeBomb"},{"floor":31,"key":"CunningPotion"}],"is_trial":false,"path_per_floor":["M","?","?","$","M","E","M","E","T","R","M","?","R","E","R","B",null,"M","$","M","$","?","R","M","R","T","R","E","?","M","M","R","B"],"character_chosen":"THE_SILENT","items_purchased":["Explosive Potion","ClockworkSouvenir"],"campfire_rested":3,"item_purchase_floors":[4,19],"current_hp_per_floor":[56,45,45,45,45,27,27,19,19,38,38,38,38,38,38,38,59,45,45,35,35,35,35,18,18,18,37,58,34,15,17,38,0,0],"gold":220,"neow_bonus":"RANDOM_COMMON_RELIC","is_daily":false,"chose_seed":false,"campfire_upgraded":4,"win_rate":0.0,"timestamp":1614241137,"path_taken":["M","?","?","?","M","E","M","E","T","R","M","?","R","E","R","BOSS","M","$","?","?","?","R","M","R","T","R","E","?","M","?","R","BOSS"],"items_purchased_type":["Potion","Relic"],"build_version":"2020-12-22","purchased_purges":2,"victory":false,"max_hp_per_floor":[66,66,66,66,66,66,66,66,66,66,66,66,66,66,66,66,66,66,66,66,66,66,66,66,66,66,66,73,73,73,73,73,73,73],"card_choices":[{"not_picked":["Reflex","Endless Agony"],"picked":"Blade Dance","floor":1},{"not_picked":["Escape Plan","Deflect"],"picked":"Dagger Throw","floor":5},{"not_picked":["Quick Slash","Grand Finale"],"picked":"Backstab","floor":6},{"not_picked":["Prepared","Backstab"],"picked":"Dagger Throw","floor":7},{"not_picked":["Choke","Underhanded Strike"],"picked":"Reflex","floor":8},{"not_picked":["Poisoned Stab","Flying Knee"],"picked":"Concentrate","floor":11},{"not_picked":["Slice","Dodge and Roll"],"picked":"Noxious Fumes","floor":14},{"not_picked":["Footwork","Cloak And Dagger"],"picked":"Tactician","floor":18},{"not_picked":["Bane+1","Outmaneuver","Dodge and Roll"],"picked":"SKIP","floor":20},{"not_picked":["Choke","Sucker Punch","All Out Attack"],"picked":"SKIP","floor":24},{"not_picked":["Outmaneuver","Dagger Spray","Bane"],"picked":"SKIP","floor":28},{"not_picked":["Storm of Steel","All Out Attack"],"picked":"PiercingWail","floor":30},{"not_picked":["PiercingWail+1","Quick Slash"],"picked":"Prepared+1","floor":31}],"player_experience":1697047,"relics_obtained":[{"floor":6,"key":"Pocketwatch"},{"floor":8,"key":"Blue Candle"},{"floor":9,"key":"StrikeDummy"},{"floor":14,"key":"Vajra"},{"floor":26,"key":"Happy Flower"},{"floor":28,"key":"Strawberry"},{"floor":29,"key":"Bird Faced Urn"},{"floor":29,"key":"White Beast Statue"}],"event_choices":[{"damage_healed":0,"gold_gain":75,"player_choice":"Gather Gold","damage_taken":11,"max_hp_gain":0,"max_hp_loss":0,"event_name":"World of Goop","floor":2,"gold_loss":0},{"damage_healed":0,"gold_gain":0,"cards_transformed":["Defend_G"],"player_choice":"Change","damage_taken":0,"max_hp_gain":0,"max_hp_loss":0,"event_name":"Living Wall","floor":3,"gold_loss":0,"cards_obtained":["Terror"]},{"damage_healed":0,"gold_gain":0,"player_choice":"Bought 1 Potion","damage_taken":0,"max_hp_gain":0,"max_hp_loss":0,"event_name":"The Woman in Blue","floor":12,"gold_loss":0},{"damage_healed":0,"gold_gain":0,"player_choice":"Read","damage_taken":0,"max_hp_gain":0,"max_hp_loss":0,"event_name":"The Library","floor":22,"gold_loss":0,"cards_obtained":["Acrobatics"]},{"damage_healed":0,"gold_gain":0,"player_choice":"Fight","damage_taken":0,"max_hp_gain":0,"max_hp_loss":0,"event_name":"Colosseum","floor":29,"gold_loss":0},{"damage_healed":0,"gold_gain":0,"player_choice":"Fled From Nobs","damage_taken":0,"max_hp_gain":0,"max_hp_loss":0,"event_name":"Colosseum","floor":29,"gold_loss":0},{"damage_healed":0,"gold_gain":0,"player_choice":"Fought Nobs","damage_taken":0,"max_hp_gain":0,"max_hp_loss":0,"event_name":"Colosseum","floor":29,"gold_loss":0}],"is_beta":false,"boss_relics":[{"not_picked":["Runic Dome","SacredBark"],"picked":"WristBlade"}],"items_purged_floors":[4,19],"is_endless":false,"potions_floor_spawned":[1,6,8,11,14,18,24,29,29,30,31],"killed_by":"Automaton","ascension_level":20}}