{"host":"3m32mriab3qyn2w0","time":1614263842,"event":{"mods":["AchievementEnabler","Aspiration","BaseMod","Beaked The Cultist","Better Altar","Better Match","Better Note","Better Sensory Stone","Better Skull","Better Third Choice","Better Vampires","Clawfect","Colored Map","Colored Powertips","Colorless Booster Pack","Conjunction","Conspire","Defuse TimeMaze Blight","Displayed Cursed Tome","Downfall","Emptier Cage","Energized Spire","Exacting","Friendly Minions","Glutton Mod","Halation","Hubris","Hyrulean Relics","Infinite Spire","Marisa????????","Mimic Mod","Minty Spire (QoL Compilation)","Mirrors Mod","Permanent Neow","Relic Sorter","Replay The Spire","Shop Mod","Spicy Shops","Spikes Relics","StSLib","SuperFastMode","The Blue Laboratory","The Bug Knight","The Cursed","Uncapped","Wandering Minibosses"],"gold_per_floor":[119,119,224,224,240,275,275,275,275,275,275,345,372,372,372,475,475,666,666,684,230,230,264,264,336,389,409,309,343,357,307,307,412,412,432,444,444,5916,5304,5304,5304,5316,5339,5372,5372,4605,3569,3587,3587,2987],"floor_reached":51,"language":"ENG","playtime":4983,"items_purged":["hubris:Envy","hubris:Greed","Pride"],"score":1319,"play_id":"99ee4946-d978-40ed-91a7-1549ce7b328b","local_time":"20210225143722","daily_mods":["Heirloom","Flight","Cursed Run"],"is_ascension_mode":false,"campfire_choices":[{"data":"TheCursedMod:LuckyCharm","floor":7.0,"key":"SMITH"},{"data":"TheCursedMod:ReleasedStrength","floor":8.0,"key":"SMITH"},{"data":"TheCursedMod:CleanUpWorkshop","floor":15.0,"key":"SMITH"},{"data":"ReplayTheSpireMod:Echo Chamber","floor":32.0,"key":"SMITH"},{"data":"beaked:AwakenedForm","floor":40,"key":"SMITH"},{"data":"TheCursedMod:HellsGateOpen","floor":45,"key":"SMITH"},{"data":"TheCursedMod:CircleOfWindfury","floor":49,"key":"SMITH"}],"circlet_count":0,"master_deck":["hubris:Hubris","TheCursedMod:Strike_TheCursed","TheCursedMod:Strike_TheCursed","TheCursedMod:Strike_TheCursed","TheCursedMod:Defend_TheCursed+1","TheCursedMod:Defend_TheCursed","TheCursedMod:Defend_TheCursed","TheCursedMod:Defend_TheCursed","TheCursedMod:CursedWand","TheCursedMod:CleanUpWorkshop+1","TheCursedMod:Dregs","TheCursedMod:Torture","TheCursedMod:WearCloak","TheCursedMod:Obscuration+1","TheCursedMod:LuckyCharm+1","TheCursedMod:ReleasedStrength+1","Voices","CloudedMind","TheCursedMod:AbyssShockwave","Regret","TheCursedMod:CursedAmulet+1","TheCursedMod:CursedBoomerang","TheCursedMod:HellsGateOpen","TheCursedMod:HellsGateOpen+1","TheCursedMod:PrepareRite+1","ReplayTheSpireMod:Whispers of Evil","TheCursedMod:CircleOfFlame+1","TheCursedMod:DarkBarrier","TheCursedMod:HellfireBreathing+1","TheCursedMod:ShockAndAwe","TheCursedMod:Strike_TheCursed","TheCursedMod:Wield","ReplayTheSpireMod:Echo Chamber+1","Replay:Sluggish","beaked:AwakenedForm+1","Intolerance","Amnesia","hubris:Compulsion","TheCursedMod:Obscuration+1","Decay","ReplayTheSpireMod:IOU","ReplayTheSpireMod:IOU","ReplayTheSpireMod:IOU","ReplayTheSpireMod:IOU","ReplayTheSpireMod:IOU","ReplayTheSpireMod:IOU","ReplayTheSpireMod:IOU","ReplayTheSpireMod:IOU","ReplayTheSpireMod:IOU","ReplayTheSpireMod:IOU","ReplayTheSpireMod:IOU","ReplayTheSpireMod:IOU","ReplayTheSpireMod:IOU","ReplayTheSpireMod:IOU","ReplayTheSpireMod:IOU","ReplayTheSpireMod:IOU","ReplayTheSpireMod:IOU","ReplayTheSpireMod:IOU","ReplayTheSpireMod:IOU","ReplayTheSpireMod:IOU","ReplayTheSpireMod:IOU","ReplayTheSpireMod:IOU","ReplayTheSpireMod:IOU","ReplayTheSpireMod:IOU","ReplayTheSpireMod:IOU","ReplayTheSpireMod:IOU","ReplayTheSpireMod:IOU","ReplayTheSpireMod:IOU","ReplayTheSpireMod:IOU","ReplayTheSpireMod:IOU","ReplayTheSpireMod:IOU","ReplayTheSpireMod:IOU","ReplayTheSpireMod:IOU","ReplayTheSpireMod:IOU","ReplayTheSpireMod:IOU","ReplayTheSpireMod:IOU","ReplayTheSpireMod:IOU","ReplayTheSpireMod:IOU","ReplayTheSpireMod:IOU","ReplayTheSpireMod:IOU","ReplayTheSpireMod:IOU","ReplayTheSpireMod:IOU","ReplayTheSpireMod:IOU","ReplayTheSpireMod:IOU","ReplayTheSpireMod:IOU","TheCursedMod:CircleOfWindfury+1","TheCursedMod:CursedShiv","Shame","TheCursedMod:CircleOfFlame","TheCursedMod:LuckyCharm","TheCursedMod:ReleasedKnowledge","TheCursedMod:Obscuration+1","TheCursedMod:StunningStrike","TheCursedMod:CircleOfBlood+1","Sickly","TheCursedMod:SmokeScreen+1","TheCursedMod:Obscuration","ReplayTheSpireMod:Echo Chamber+1","TheCursedMod:ForbiddenAlchemy","TheCursedMod:ForbiddenAlchemy","TheCursedMod:RavingStaff+1","Overencumbered"],"relics":["Cursed Key","hubris:BottledHeart","halation:PinkSoulGem","Darkstone Periapt","Du-Vu Doll","Incense Burner","TheCursedMod:MagicCandle","hubris:Reverence","Replay:Wax Seal","zeldaRelics:CourageTriforce","Ring of Searing","Ring of Hypnosis","halation:EternalFortune","zeldaRelics:WisdomTriforce","hubris:DisguiseKit","halation:Prosthetics","champ:DuelingGlove","zeldaRelics:PowerTriforce","energizedSpire:HugeHouse","hexamod:BolsterEngine","Replay:Ancient Bell","Slimebound:StickyStick","champ:DeflectingBracers","ReplayTheSpireMod:CursedCoin","ExplosiveVial","War Paint","infinitespire:Bottled Soul","bronze:DecasWashers","Vajra","Orrery","zeldaRelics:PowerPiece","CatCart","wanderingMiniBosses:LockLocket","MiniBlackHole","hexamod:CandleOfCauterizing","ReplayTheSpireMod:Lightbulb","Lantern","DollysMirror"],"acts_visited":["Exordium","TheCity","TheBeyond"],"potions_floor_usage":[46,46,48,48],"damage_taken":[{"damage":0.0,"enemies":"Jaw Worm","floor":1.0,"turns":6.0},{"damage":14.0,"enemies":"FloatingMirror","floor":3.0,"turns":6.0},{"damage":0.0,"enemies":"conspire:RoseBush","floor":5.0,"turns":3.0},{"damage":14.0,"enemies":"HollowMod:MossKnight","floor":6.0,"turns":12.0},{"damage":10.0,"enemies":"Gremlin Nob","floor":13.0,"turns":5.0},{"damage":0.0,"enemies":"Slime Boss","floor":16.0,"turns":8.0},{"damage":21.0,"enemies":"conspire:FuzzyDice","floor":18.0,"turns":6.0},{"damage":6.0,"enemies":"Spheric Guardian","floor":20.0,"turns":4.0},{"damage":0.0,"enemies":"Slavers","floor":23.0,"turns":4.0},{"damage":0.0,"enemies":"Cultist and Chosen","floor":25.0,"turns":5.0},{"damage":0.0,"enemies":"Centurion and Healer","floor":27.0,"turns":4.0},{"damage":0.0,"enemies":"Nightmare","floor":29.0,"turns":4.0},{"damage":0.0,"enemies":"Snake Plant","floor":30.0,"turns":3.0},{"damage":0.0,"enemies":"Champ","floor":33.0,"turns":4.0},{"damage":0.0,"enemies":"Orb Walker","floor":35.0,"turns":2.0},{"damage":0.0,"enemies":"3 Shapes","floor":36.0,"turns":2.0},{"damage":0,"enemies":"3 Darklings","floor":42,"turns":3},{"damage":0,"enemies":"Nemesis","floor":44,"turns":3},{"damage":0,"enemies":"Orin","floor":46,"turns":4},{"damage":0,"enemies":"Spire Growth","floor":48,"turns":2},{"damage":0,"enemies":"Time Eater","floor":50,"turns":4}],"seed_played":"5680355499777807520","potions_obtained":[{"floor":1.0,"key":"blueLaboratory:BubblePotion"},{"floor":13.0,"key":"Reflective Coating"},{"floor":16.0,"key":"Dexterity Potion"},{"floor":20.0,"key":"PowerPotion"},{"floor":29.0,"key":"PowerPotion"},{"floor":33.0,"key":"Doom Potion"},{"floor":44,"key":"blueLaboratory:PyrophylliteBrew"}],"is_trial":true,"path_per_floor":["M","?","M","?","M","E","R","R","T","?","?","T","E","?","R","B",null,"M","?","M","$","?","E","?","M","T","M","$","NM","M","AVR","R","B",null,"M","M","?","$","$","R","?","M","T","E","R","?","$","M","R","B",null],"character_chosen":"THE_CURSED","items_purchased":["champ:DuelingGlove","TheCursedMod:HellsGateOpen","ReplayTheSpireMod:CursedCoin","ExplosiveVial","Replay:Wax Seal","War Paint","infinitespire:Bottled Soul","TheCursedMod:CircleOfWindfury","TheCursedMod:CursedShiv","bronze:DecasWashers","Vajra","TheCursedMod:MagicCandle","Orrery","MiniBlackHole","hexamod:CandleOfCauterizing","ReplayTheSpireMod:Lightbulb","Lantern","DollysMirror","TheCursedMod:ForbiddenAlchemy"],"campfire_rested":0,"item_purchase_floors":[21,21,38,38,38,38,38,38,38,39,39,39,39,47,47,47,47,47,47],"current_hp_per_floor":[75,75,61,61,61,47,47,47,53,59,62,68,72,72,72,78,67,46,46,40,40,1,1,1,1,1,1,1,1,1,1,1,1,1,1,1,1,1,1,1,1,1,1,1,1,1,1,1,1,1],"gold":2987,"neow_bonus":"","is_daily":false,"chose_seed":false,"campfire_upgraded":7,"win_rate":0.0,"timestamp":1614263842,"path_taken":["M","?","M","?","?","E","R","R","T","?","?","?","E","?","R","BOSS","M","?","?","$","?","E","?","?","T","?","?","NM","M","AVR","R","BOSS","M","M","?","?","$","R","?","M","T","E","R","?","$","?","R","BOSS"],"items_purchased_type":["Relic","Card","Relic","Relic","Relic","Relic","Relic","Card","Card","Relic","Relic","Relic","Relic","Relic","Relic","Relic","Relic","Relic","Card"],"build_version":"2020-12-22","purchased_purges":3,"victory":true,"max_hp_per_floor":[75,75,75,75,75,75,75,75,81,87,90,96,96,96,96,102,67,67,67,67,67,1,1,1,1,1,1,1,1,1,1,1,1,1,1,1,1,1,1,1,1,1,1,1,1,1,1,1,1,1],"card_choices":[{"not_picked":["TheCursedMod:Wield","TheCursedMod:Stretching"],"picked":"TheCursedMod:Torture","floor":1.0},{"not_picked":["TheCursedMod:SpitefulStrike","TheCursedMod:Wield"],"picked":"TheCursedMod:WearCloak","floor":3.0},{"not_picked":["TheCursedMod:CursedBlade","TheCursedMod:CursedShiv"],"picked":"TheCursedMod:Obscuration","floor":3.0},{"not_picked":["TheCursedMod:SpitefulStrike","TheCursedMod:SurpriseAttack"],"picked":"TheCursedMod:LuckyCharm","floor":5.0},{"not_picked":["TheCursedMod:TroublousMinions","TheCursedMod:CursedShiv"],"picked":"TheCursedMod:ReleasedStrength","floor":6.0},{"not_picked":["TheCursedMod:CursedBoomerang","TheCursedMod:RapidMovement"],"picked":"TheCursedMod:AbyssShockwave","floor":13.0},{"not_picked":["TheCursedMod:UltimatePain","TheCursedMod:ParallelWorld","beaked:CheekyTricks"],"picked":"TheCursedMod:DemonSword","floor":16.0},{"not_picked":["TheCursedMod:SpitefulStrike","TheCursedMod:VitalStrike","beaked:DigDeep"],"picked":"TheCursedMod:CursedAmulet+1","floor":18.0},{"not_picked":["TheCursedMod:VitalStrike+1","TheCursedMod:CursedMace","beaked:Tweet"],"picked":"TheCursedMod:CursedBoomerang","floor":20.0},{"not_picked":["TheCursedMod:RavingStaff","TheCursedMod:Mangle","beaked:Flinch"],"picked":"TheCursedMod:TacticalStrike+1","floor":23.0},{"not_picked":["TheCursedMod:RavingStaff","TheCursedMod:ReleasedStrength","beaked:BloodRitual"],"picked":"TheCursedMod:PrepareRite+1","floor":25.0},{"not_picked":["TheCursedMod:WearCloak","TheCursedMod:VitalStrike","beaked:Hexing"],"picked":"TheCursedMod:CircleOfFlame+1","floor":27.0},{"not_picked":["TheCursedMod:HellsGateOpen","TheCursedMod:RavingStaff","beaked:SacrificialAttack"],"picked":"TheCursedMod:DarkBarrier","floor":29.0},{"not_picked":["TheCursedMod:CircleOfBlood","TheCursedMod:Grudge","beaked:Foresight"],"picked":"TheCursedMod:HellfireBreathing+1","floor":29.0},{"not_picked":["TheCursedMod:CursedSpellbook+1","TheCursedMod:Torture","beaked:MimicWarrior"],"picked":"TheCursedMod:ShockAndAwe","floor":30.0},{"not_picked":["TheCursedMod:CircleOfAbyss","TheCursedMod:ForbiddenAlchemy","TheCursedMod:DemonicPact"],"picked":"beaked:AwakenedForm","floor":33.0},{"not_picked":["ReplayTheSpireMod:Whispers of Evil","Decay","downfall:Icky"],"picked":"Intolerance","floor":34.0},{"not_picked":["hubris:Lust","infinitespire:Pacifist","downfall:Icky"],"picked":"Amnesia","floor":34.0},{"not_picked":["hubris:Lust","hubris:Wrath","ReplayTheSpireMod:Doomed"],"picked":"hubris:Compulsion","floor":34.0},{"not_picked":["TheCursedMod:SpitefulStrike","TheCursedMod:CircleOfCorruption","beaked:StickSmack"],"picked":"TheCursedMod:Obscuration+1","floor":35.0},{"not_picked":["TheCursedMod:TacticalStrike","TheCursedMod:FleshFromBone+1","TheCursedMod:HellfireBreathing+1","beaked:Negation"],"picked":"SKIP","floor":36.0},{"not_picked":["TheCursedMod:Wield+1","TheCursedMod:CircleOfBlood","ReplayTheSpireMod:Wings of Steel"],"picked":"TheCursedMod:CircleOfFlame","floor":39},{"not_picked":["TheCursedMod:VitalStrike","TheCursedMod:Evocation+1","beaked:Daydream"],"picked":"TheCursedMod:LuckyCharm","floor":39},{"not_picked":["TheCursedMod:RavingStaff","TheCursedMod:HellfireBreathing+1","beaked:RuinSticks"],"picked":"TheCursedMod:ReleasedKnowledge","floor":39},{"not_picked":["TheCursedMod:CursedBoomerang","TheCursedMod:VitalStrike","ReplayTheSpireMod:Prepare the Ceremony"],"picked":"TheCursedMod:Obscuration+1","floor":39},{"not_picked":["TheCursedMod:AbyssShockwave+1","TheCursedMod:CursedArmor+1","beaked:Resilience"],"picked":"TheCursedMod:StunningStrike","floor":39},{"not_picked":["TheCursedMod:FleshFromBone","TheCursedMod:CircleOfWindfury+1","beaked:Evade"],"picked":"TheCursedMod:CircleOfBlood+1","floor":42},{"not_picked":["TheCursedMod:CursedBlade","TheCursedMod:SaltUponWound","beaked:DigDeep"],"picked":"TheCursedMod:SmokeScreen+1","floor":44},{"not_picked":["TheCursedMod:Torture+1","TheCursedMod:SaltUponWound","beaked:CursingBlood"],"picked":"TheCursedMod:Obscuration","floor":46},{"not_picked":["TheCursedMod:VitalStrike+1","TheCursedMod:CursedShiv","beaked:BloodForTheGods"],"picked":"TheCursedMod:RavingStaff+1","floor":48}],"player_experience":364442,"relics_obtained":[{"floor":6.0,"key":"zeldaRelics:CouragePiece"},{"floor":9.0,"key":"zeldaRelics:CouragePiece"},{"floor":10.0,"key":"Ring of Searing"},{"floor":10.0,"key":"Ring of Hypnosis"},{"floor":12.0,"key":"zeldaRelics:CouragePiece"},{"floor":13.0,"key":"zeldaRelics:WisdomPiece"},{"floor":23.0,"key":"zeldaRelics:WisdomPiece"},{"floor":26.0,"key":"zeldaRelics:WisdomPiece"},{"floor":29.0,"key":"zeldaRelics:PowerPiece"},{"floor":43,"key":"zeldaRelics:PowerPiece"},{"floor":44,"key":"zeldaRelics:PowerPiece"},{"floor":44,"key":"zeldaRelics:PowerPiece"},{"floor":46,"key":"CatCart"},{"floor":46,"key":"wanderingMiniBosses:LockLocket"}],"event_choices":[{"cards_removed":["TheCursedMod:Strike_TheCursed"],"damage_healed":0.0,"max_hp_gain":0.0,"max_hp_loss":0.0,"gold_gain":0.0,"event_name":"Purifier","player_choice":"Purged","floor":4.0,"gold_loss":0.0,"damage_taken":0.0},{"damage_healed":0.0,"max_hp_gain":0.0,"max_hp_loss":0.0,"gold_gain":0.0,"event_name":"betterNote:BetterNote","player_choice":"Ignored","floor":19.0,"gold_loss":0.0,"damage_taken":0.0,"cards_obtained":["Pot Of Greed"]},{"cards_removed":["TheCursedMod:DemonSword"],"damage_healed":0.0,"max_hp_gain":10.0,"max_hp_loss":0.0,"gold_gain":0.0,"event_name":"Bonfire Elementals","player_choice":"Offered Rare","floor":24.0,"gold_loss":0.0,"damage_taken":0.0},{"damage_healed":0.0,"max_hp_gain":0.0,"max_hp_loss":0.0,"gold_gain":0.0,"event_name":"Wheel of Change","player_choice":"Damaged","floor":37.0,"gold_loss":0.0,"damage_taken":0.0},{"damage_healed":0,"gold_gain":0,"player_choice":"Fight","damage_taken":0,"max_hp_gain":0,"max_hp_loss":0,"event_name":"OrinTheCat","floor":46,"gold_loss":0}],"is_beta":false,"boss_relics":[{"not_picked":["ReplayTheSpireMod:SealedPack","zeldaRelics:MasterSword"],"picked":"halation:Prosthetics"},{"not_picked":["hubris:RunicObelisk","hubris:BlackHole"],"picked":"Replay:Ancient Bell"},{"not_picked":["Juzu Bracelet","Dream Catcher"],"picked":"Slimebound:StickyStick"},{"not_picked":["conspire:Flyswatter","Mirror"],"picked":"hubris:Reverence"},{"not_picked":["infinitespire:Joker Card","hexamod:Sixitude"],"picked":"champ:DeflectingBracers"}],"items_purged_floors":[21,28,38],"is_endless":true,"potions_floor_spawned":[1,13,16,20,29,33,44,48],"ascension_level":0}}