{"host":"bx8ylsmj2ob6hd5u","time":1614272859,"event":{"mods":["AchievementEnabler","Act Like it!","Aspiration","BaseMod","Colored Map","Downfall","Duelist Mod","Friendly Minions","Gensokyo","GifTheSpireLib","Hallownest","Hermit","HololiveMod","Hubris","Infinite Spire","Jorbs\u0027s Wanderer Trilogy","KinomotoSakuraMod(????)","Kiyohime????","Koishi","KomeijiMod","Lobotomy","LobotomyExtend","Marisa????????","Minty Spire (QoL Compilation)","Prisma Mod","Rare Cards Sparkle","Reimu??????","Remilia??????","Replay The Spire","StSLib","Td1madao Mod","The Administrix","The Animator","The Bug Knight","The Construct","The Cursed","The Disciple","The Hierophant","The Necromancer","The Poker Player","The Runesmith","The Senshi","The Servant 0.9.4","WarShipGirlsR/????R mod"],"gold_per_floor":[217,227,247,257,272,272,300,300,300,300,300,188,188,188,188,289,289,300,313,313,329,329,329,343,343,366,366,383,383,397,423,423,520,520,540,551,576,594,173,173,140,140,166,166,166,181,196,96,96,196],"floor_reached":51,"language":"ENG","playtime":4691,"items_purged":["CollectionFlower2:ReiMu","Normality","Gensokyo:AllTheWorldsEvil"],"score":649,"play_id":"4ddb3c6b-609a-4625-ab36-f801b74e72ff","local_time":"20210225190738","is_ascension_mode":false,"campfire_choices":[{"data":"InherentArray:ReiMu","floor":6,"key":"SMITH"},{"data":"FineLineFantasy:ReiMu","floor":8,"key":"SMITH"},{"data":"SafetyPray:ReiMu","floor":13,"key":"SMITH"},{"data":"OrbThrow:ReiMu","floor":15,"key":"SMITH"},{"data":"YinYangSange:ReiMu","floor":23,"key":"SMITH"},{"data":"PhosphorusFlame:ReiMu","floor":25,"key":"SMITH"},{"floor":29,"key":"REST"},{"data":"Determination:ReiMu","floor":32,"key":"SMITH"},{"data":"NineCharacters:ReiMu","floor":40,"key":"SMITH"},{"data":"Authority:ReiMu","floor":42,"key":"SMITH"},{"floor":49,"key":"REST"}],"circlet_count":0,"master_deck":["NB:ReiMu","Stagnation:ReiMu","OrbThrow:ReiMu+1","PayForSelf:ReiMu","InherentArray:ReiMu+1","SafetyPray:ReiMu+1","SpiritualOutbreak2:ReiMu","HakureiPhantom:ReiMu","YinYangSange:ReiMu+1","Determination:ReiMu+1","ShadowOfCrow2:ReiMu","Conquer:ReiMu","LearningPray:ReiMu","PassingAway:ReiMu","Meditation:ReiMu","AlertArray:ReiMu+1","Amulet:ReiMu","AirManeuver:ReiMu","PerfectMaid+1","PhosphorusFlame:ReiMu+1","TakeOff:ReiMu+1","Dreaming2:ReiMu+1","Authority:ReiMu+1","Amulet:ReiMu+1","NineCharacters:ReiMu+1","BlastKick2:ReiMu","Sadistic Nature","Meditation:ReiMu","infinitespire:Punishment","RainPray2:ReiMu+1","SpiritualOutbreak2:ReiMu+1"],"relics":["FlyPower:ReiMu","LetterFromLob","Calipers","HornCleat","Gensokyo:OccultBall","Pandora\u0027s Box","Replay:Kaleidoscope","ShineYinYang:ReiMu","Bag of Marbles","hubris:Icosahedron","Happy Flower","Cursed Key","aspiration:ChemicalBlood","Replay:Rubber Ducky","HoshigumaDish"],"acts_visited":["Exordium","TheCity","TheCity"],"potions_floor_usage":[4,7,7,16,21,28,33,33,38,46,46,50,50],"damage_taken":[{"damage":0,"enemies":"Gensokyo:Gryphon","floor":1,"turns":6},{"damage":5,"enemies":"Gensokyo:3_Fairies","floor":2,"turns":5},{"damage":0,"enemies":"Gensokyo:2_Kodama","floor":3,"turns":4},{"damage":8,"enemies":"Gensokyo:VengefulSpirit","floor":4,"turns":7},{"damage":39,"enemies":"Gensokyo:5_Fairies","floor":5,"turns":8},{"damage":4,"enemies":"Gensokyo:Aya","floor":7,"turns":4},{"damage":32,"enemies":"Gensokyo:Yukari","floor":16,"turns":13},{"damage":0,"enemies":"3 Byrds","floor":18,"turns":3},{"damage":5,"enemies":"Chosen","floor":19,"turns":5},{"damage":20,"enemies":"Sentry and Sphere","floor":21,"turns":8},{"damage":12,"enemies":"Cultist and Chosen","floor":24,"turns":6},{"damage":10,"enemies":"Centurion and Healer","floor":28,"turns":6},{"damage":7,"enemies":"Chosen and Byrds","floor":30,"turns":5},{"damage":7,"enemies":"hubris:MusketHawk","floor":33,"turns":12},{"damage":23,"enemies":"Hallownest:3_Siblings","floor":35,"turns":9},{"damage":9,"enemies":"Hallownest:Shield_Heavy","floor":36,"turns":4},{"damage":14,"enemies":"Hallownest:2_Soldiers_and_1_Guardian","floor":38,"turns":16},{"damage":2,"enemies":"Hallownest:2_Wandering_and_1_Horned","floor":41,"turns":5},{"damage":0,"enemies":"Hallownest:Xero_Hu_Marmu","floor":46,"turns":8},{"damage":0,"enemies":"Hallownest:2_Wing_and_1_Kings","floor":47,"turns":5},{"damage":0,"enemies":"Hallownest:BossHollowKnight","floor":50,"turns":9}],"seed_played":"2758415219059250891","potions_obtained":[{"floor":1,"key":"FearPotion"},{"floor":2,"key":"GamblersBrew"},{"floor":5,"key":"bronze:BurnAndBuffPotion"},{"floor":7,"key":"LiquidFlight:ReiMu"},{"floor":19,"key":"LiquidFlight:ReiMu"},{"floor":21,"key":"Fire Potion"},{"floor":24,"key":"SpeedPotion"},{"floor":30,"key":"Milkshake"},{"floor":35,"key":"Regen Potion"},{"floor":36,"key":"FearPotion"},{"floor":41,"key":"Reflective Coating"},{"floor":46,"key":"Doom Potion"},{"floor":46,"key":"Dexterity Potion"}],"is_trial":false,"path_per_floor":["M","M","M","M","M","R","E","R","T","?","?","?","R","M","R","B",null,"M","M","AVR","M","?","R","M","R","T","?","M","R","M","T","R","B",null,"M","M","T","M","$","R","M","R","T","?","?","M","M","$","R","B",null],"character_chosen":"REIMU","items_purchased":["Replay:Rubber Ducky","Sadistic Nature"],"campfire_rested":2,"item_purchase_floors":[39,39],"current_hp_per_floor":[65,60,60,52,13,13,9,9,9,9,9,65,65,65,65,33,65,65,60,60,40,40,40,30,30,30,30,20,39,32,32,32,31,65,42,33,33,34,34,34,32,32,32,16,16,16,16,16,34,34],"gold":196,"neow_bonus":"HUNDRED_GOLD","is_daily":false,"chose_seed":false,"campfire_upgraded":9,"win_rate":0.0,"timestamp":1614272858,"path_taken":["M","M","M","M","M","R","E","R","T","?","?","?","R","M","R","BOSS","M","M","AVR","M","?","R","M","R","T","?","M","R","M","?","R","BOSS","M","M","?","M","$","R","M","R","T","?","?","M","M","$","R","BOSS"],"items_purchased_type":["Relic","Card"],"build_version":"2020-12-22","purchased_purges":3,"victory":true,"max_hp_per_floor":[65,65,65,65,65,65,65,65,65,65,65,65,65,65,65,65,65,65,65,65,65,65,65,65,65,65,65,65,65,65,65,65,65,65,65,65,65,65,65,65,65,65,65,65,60,60,60,60,60,60],"card_choices":[{"not_picked":["SpreadBorder2:ReiMu","SubAcupoint:ReiMu"],"picked":"OrbThrow:ReiMu","floor":1},{"not_picked":["CareerPray:ReiMu","WonderfulDomain:ReiMu"],"picked":"PayForSelf:ReiMu","floor":2},{"not_picked":["SpringWay:ReiMu","Meditation:ReiMu"],"picked":"InherentArray:ReiMu","floor":3},{"not_picked":["Conquer:ReiMu","BarrageOfMoneybags:ReiMu"],"picked":"SafetyPray:ReiMu","floor":4},{"not_picked":["EmergencyTakeOff:ReiMu","KamiSacrifice:ReiMu"],"picked":"SpiritualOutbreak2:ReiMu","floor":5},{"not_picked":["WonderfulDomain:ReiMu","AirStrike:ReiMu"],"picked":"FineLineFantasy:ReiMu","floor":7},{"not_picked":["YinYang:ReiMu","Shading:ReiMu"],"picked":"HakureiPhantom:ReiMu","floor":16},{"not_picked":["BarrageOfMoneybags:ReiMu+1","AirStrike:ReiMu+1"],"picked":"AlertArray:ReiMu+1","floor":18},{"not_picked":["DoubleButterfly:ReiMu","PayForSelf:ReiMu"],"picked":"Amulet:ReiMu","floor":19},{"not_picked":["RainPray2:ReiMu","AlertArray:ReiMu"],"picked":"AirManeuver:ReiMu","floor":21},{"not_picked":["Amulet:ReiMu","Intuition:ReiMu"],"picked":"PhosphorusFlame:ReiMu","floor":24},{"not_picked":["SubAcupoint:ReiMu","YinYangSange:ReiMu+1"],"picked":"TakeOff:ReiMu+1","floor":28},{"not_picked":["SubAcupoint:ReiMu","Amulet:ReiMu+1"],"picked":"Dreaming2:ReiMu+1","floor":30},{"not_picked":["RunawayExorcism:ReiMu","PrayRite:ReiMu"],"picked":"Authority:ReiMu","floor":33},{"not_picked":["AlertArray:ReiMu","SpringWay:ReiMu"],"picked":"Amulet:ReiMu+1","floor":35},{"not_picked":["Enchanting:ReiMu+1","SpreadBorder2:ReiMu"],"picked":"NineCharacters:ReiMu","floor":36},{"not_picked":["SafetyPray:ReiMu","Mountainwind:ReiMu+1"],"picked":"BlastKick2:ReiMu","floor":38},{"not_picked":["SpringWay:ReiMu+1","AirStrike:ReiMu+1"],"picked":"Meditation:ReiMu","floor":41},{"not_picked":["infinitespire:Menacing","ReplayTheSpireMod:Black Plague"],"picked":"infinitespire:Punishment","floor":44},{"not_picked":["Amulet:ReiMu+1","YinYangSange:ReiMu"],"picked":"RainPray2:ReiMu+1","floor":46},{"not_picked":["YinYangSign:ReiMu","Crusade:ReiMu"],"picked":"SpiritualOutbreak2:ReiMu+1","floor":47}],"player_experience":1621478,"relics_obtained":[{"floor":1,"key":"LetterFromLob"},{"floor":7,"key":"Calipers"},{"floor":9,"key":"HornCleat"},{"floor":16,"key":"Gensokyo:OccultBall"},{"floor":19,"key":"Gensokyo:OccultBall"},{"floor":26,"key":"Bag of Marbles"},{"floor":31,"key":"Happy Flower"},{"floor":33,"key":"Gensokyo:OccultBall"},{"floor":35,"key":"Gensokyo:OccultBall"},{"floor":37,"key":"aspiration:ChemicalBlood"},{"floor":38,"key":"Gensokyo:OccultBall"},{"floor":43,"key":"HoshigumaDish"}],"event_choices":[],"is_beta":false,"boss_relics":[{"not_picked":["Replay:Wanted Poster","RedLine:ReiMu"],"picked":"Pandora\u0027s Box"},{"not_picked":["Tiny House","aspiration:PoetsPen_weak"],"picked":"Cursed Key"}],"items_purged_floors":[20,39,48],"is_endless":false,"potions_floor_spawned":[1,2,5,7,19,21,24,30,35,36,41,46],"ascension_level":0}}