{"host":"o9lehcdjc4u6j9un","time":1614282809,"event":{"mods":["Aspiration","BaseMod","Better-Laid Plans","Bossed Relics","Colored Map","Hermit","Marisa£®ÏF”Í°°ƒß¿Ì…≥£©","Minty Spire (QoL Compilation)","StSLib","The Alterego","The Marked","The Runesmith"],"gold_per_floor":[11,30,30,44,58,58,87,87,87,100,114,114,127,155,155,260,260,275,275,290,308,319,319,334,334,381,381,392,392,418,27,27,27,27],"floor_reached":33,"language":"ZHS","playtime":1325,"items_purged":["Strike_B"],"score":295,"play_id":"6ef45701-3495-4366-a688-b0a80cefb936","local_time":"20210226035329","is_ascension_mode":true,"campfire_choices":[{"data":"Zap","floor":6.0,"key":"SMITH"},{"data":"Dualcast","floor":12.0,"key":"SMITH"},{"data":"Fusion","floor":15,"key":"SMITH"},{"data":"Go for the Eyes","floor":23,"key":"SMITH"},{"data":"Defend_B","floor":25,"key":"SMITH"},{"data":"Defend_B","floor":27,"key":"SMITH"},{"data":"Self Repair","floor":29,"key":"SMITH"},{"data":"Beam Cell","floor":32,"key":"SMITH"}],"circlet_count":0,"master_deck":["Defend_B+1","Defend_B+1","Defend_B+1","Defend_B+1","Zap+1","Dualcast+1","Cold Snap","Ball Lightning","Go for the Eyes+1","Fusion+1","Ball Lightning","Beam Cell+1","Self Repair+1","Fusion+1","Seek+1","Electrodynamics","Sweeping Beam","Conserve Battery+1","Sunder+1","Hologram+1","Chrysalis+1"],"relics":["Cracked Core","aspiration:FetidBarrel","War Paint","Toxic Egg 2","aspiration:Lifesprig","Astrolabe","Orichalcum","Smiling Mask","Bag of Marbles"],"acts_visited":["Exordium","TheCity"],"potions_floor_usage":[14,33],"damage_taken":[{"damage":1.0,"enemies":"Jaw Worm","floor":1.0,"turns":3.0},{"damage":15.0,"enemies":"Small Slimes","floor":2.0,"turns":2.0},{"damage":0.0,"enemies":"2 Louse","floor":4.0,"turns":2.0},{"damage":3.0,"enemies":"Looter","floor":5.0,"turns":3.0},{"damage":25.0,"enemies":"3 Sentries","floor":7.0,"turns":7.0},{"damage":0.0,"enemies":"2 Fungi Beasts","floor":10.0,"turns":2.0},{"damage":2.0,"enemies":"Blue Slaver","floor":11.0,"turns":3.0},{"damage":13.0,"enemies":"Gremlin Gang","floor":13.0,"turns":4.0},{"damage":6,"enemies":"Gremlin Nob","floor":14,"turns":3},{"damage":37,"enemies":"The Guardian","floor":16,"turns":9},{"damage":0,"enemies":"3 Byrds","floor":18,"turns":3},{"damage":2,"enemies":"Shell Parasite","floor":20,"turns":4},{"damage":14,"enemies":"Centurion and Healer","floor":21,"turns":7},{"damage":18,"enemies":"Shelled Parasite and Fungi","floor":22,"turns":6},{"damage":10,"enemies":"Sentry and Sphere","floor":24,"turns":3},{"damage":7,"enemies":"Snecko","floor":28,"turns":3},{"damage":14,"enemies":"Book of Stabbing","floor":30,"turns":4},{"damage":52,"enemies":"Automaton","floor":33,"turns":8}],"seed_played":"-6991753342067044694","potions_obtained":[{"floor":1.0,"key":"FairyPotion"},{"floor":2.0,"key":"FocusPotion"},{"floor":7.0,"key":"FearPotion"},{"floor":18,"key":"Fire Potion"},{"floor":28,"key":"BlessingOfTheForge"}],"is_trial":false,"path_per_floor":["M","M","?","M","M","R","E","?","T","M","M","R","M","E","R","B",null,"M","?","M","M","M","R","M","R","T","R","M","R","E","$","R","B"],"character_chosen":"DEFECT","items_purchased":["Chrysalis+1","Bag of Marbles"],"campfire_rested":0,"item_purchase_floors":[31,31],"current_hp_per_floor":[74,59,47,47,44,44,19,12,12,19,24,24,18,19,19,17,75,75,61,66,59,48,48,45,45,45,45,45,45,41,41,41,0,0],"gold":27,"neow_bonus":"TRANSFORM_TWO_CARDS","is_daily":false,"chose_seed":false,"campfire_upgraded":8,"win_rate":0.0,"timestamp":1614282809,"path_taken":["M","M","?","M","M","R","E","?","T","M","M","R","M","E","R","BOSS","M","?","M","M","M","R","M","R","T","R","M","R","E","$","R","BOSS"],"items_purchased_type":["Card","Relic"],"build_version":"2020-12-22","purchased_purges":1,"victory":false,"max_hp_per_floor":[75,75,75,75,75,75,75,75,75,75,75,75,75,75,75,75,75,75,80,80,80,80,80,80,80,80,80,80,80,80,80,80,80,80],"card_choices":[{"not_picked":["Tempest","Cold Snap"],"picked":"Go for the Eyes","floor":1.0},{"not_picked":["Darkness","Rip and Tear"],"picked":"Fusion","floor":2.0},{"not_picked":["Compile Driver","Go for the Eyes"],"picked":"Ball Lightning","floor":4.0},{"not_picked":["Conserve Battery","Leap"],"picked":"Beam Cell","floor":5.0},{"not_picked":["Coolheaded","All For One"],"picked":"Self Repair","floor":7.0},{"not_picked":["Rip and Tear","Blizzard","Compile Driver"],"picked":"SKIP","floor":10.0},{"not_picked":["Heatsinks","Scrape"],"picked":"Fusion+1","floor":11.0},{"not_picked":["Turbo+1","Barrage","Stack+1"],"picked":"SKIP","floor":13.0},{"not_picked":["Double Energy+1","Scrape"],"picked":"Seek+1","floor":14},{"not_picked":["Machine Learning","Echo Form"],"picked":"Electrodynamics","floor":16},{"not_picked":["Double Energy+1","Glacier+1"],"picked":"Sweeping Beam","floor":18},{"not_picked":["BootSequence+1","Capacitor","Cold Snap"],"picked":"SKIP","floor":20},{"not_picked":["Barrage+1","White Noise+1"],"picked":"Conserve Battery+1","floor":21},{"not_picked":["Turbo+1","Lockon","Reinforced Body+1"],"picked":"SKIP","floor":22},{"not_picked":["Reinforced Body+1","Cold Snap"],"picked":"Sunder+1","floor":24},{"not_picked":["Rip and Tear","Coolheaded+1"],"picked":"Hologram+1","floor":28},{"not_picked":["Storm","Rip and Tear","Barrage+1"],"picked":"SKIP","floor":30}],"player_experience":195915,"relics_obtained":[{"floor":7.0,"key":"War Paint"},{"floor":9.0,"key":"Toxic Egg 2"},{"floor":14,"key":"aspiration:Lifesprig"},{"floor":26,"key":"Orichalcum"},{"floor":30,"key":"Smiling Mask"}],"event_choices":[{"damage_healed":0.0,"max_hp_gain":0.0,"max_hp_loss":0.0,"gold_gain":0.0,"event_name":"Scrap Ooze","player_choice":"Success","floor":3.0,"gold_loss":0.0,"damage_taken":12.0,"relics_obtained":["aspiration:FetidBarrel"]},{"cards_removed":["Strike_B"],"damage_healed":0.0,"max_hp_gain":0.0,"max_hp_loss":0.0,"gold_gain":0.0,"event_name":"Golden Wing","player_choice":"Card Removal","floor":8.0,"gold_loss":0.0,"damage_taken":7.0},{"damage_healed":0,"gold_gain":0,"player_choice":"Shed Blood","damage_taken":19,"max_hp_gain":5,"max_hp_loss":0,"event_name":"Forgotten Altar","floor":19,"gold_loss":0}],"is_beta":false,"boss_relics":[{"not_picked":["aspiration:RandomNobGenerator","aspiration:RunesmithSkillbook"],"picked":"Astrolabe"}],"items_purged_floors":[31],"is_endless":false,"potions_floor_spawned":[1,2,7,11,18,28,30],"killed_by":"Automaton","ascension_level":1}}