{"host":"mvhzznpw3ffw85pv","time":1614253793,"event":{"mods":["AchievementEnabler","BaseMod","Bestiary","Block Reminder","Colored Map","Highlight Path","Minty Spire (QoL Compilation)","Relic Stats"],"gold_per_floor":[111,125,125,135,135,135,169,183,207,64,64,95,95,114,114,195,195,216,242,142,142,162,162,162,162],"floor_reached":24,"language":"ENG","playtime":1456,"items_purged":["Strike_P","Strike_P"],"score":393,"play_id":"022e780b-ea09-486c-8878-3c6477d3b04c","local_time":"20210225064953","is_ascension_mode":true,"campfire_choices":[{"data":"CutThroughFate","floor":6,"key":"SMITH"},{"floor":11,"key":"REST"},{"data":"SignatureMove","floor":15,"key":"SMITH"},{"floor":23,"key":"REST"}],"circlet_count":0,"master_deck":["AscendersBane","Strike_P","Strike_P","Defend_P","Defend_P","Defend_P","Defend_P","Eruption+1","Vigilance","Impatience","CutThroughFate+1","Evaluate","Nirvana","SignatureMove+1","Wireheading","DeusExMachina","Wireheading","LikeWater"],"relics":["PureWater","Boot","Oddly Smooth Stone","CeramicFish","Velvet Choker","Tiny Chest"],"acts_visited":["Exordium","TheCity"],"potions_floor_usage":[16,24],"damage_taken":[{"damage":6,"enemies":"Small Slimes","floor":1,"turns":4},{"damage":0,"enemies":"Cultist","floor":2,"turns":2},{"damage":0,"enemies":"2 Louse","floor":4,"turns":4},{"damage":19,"enemies":"3 Sentries","floor":7,"turns":13},{"damage":15,"enemies":"2 Fungi Beasts","floor":8,"turns":4},{"damage":0,"enemies":"Gremlin Nob","floor":12,"turns":1},{"damage":3,"enemies":"Blue Slaver","floor":14,"turns":4},{"damage":13,"enemies":"Hexaghost","floor":16,"turns":8},{"damage":3,"enemies":"Chosen","floor":18,"turns":4},{"damage":23,"enemies":"2 Thieves","floor":19,"turns":4},{"damage":14,"enemies":"Shelled Parasite and Fungi","floor":22,"turns":5},{"damage":61,"enemies":"Slavers","floor":24,"turns":3}],"seed_played":"533708583636375114","potions_obtained":[{"floor":2,"key":"Dexterity Potion"},{"floor":4,"key":"Strength Potion"},{"floor":18,"key":"Strength Potion"}],"is_trial":false,"path_per_floor":["M","M","?","M","?","R","E","M","T","$","R","E","$","M","R","B",null,"M","M","$","?","M","R","E"],"character_chosen":"WATCHER","items_purchased":["Wireheading"],"campfire_rested":2,"item_purchase_floors":[10],"current_hp_per_floor":[55,55,55,55,55,55,36,21,21,21,41,41,41,38,38,25,57,54,31,31,31,17,37,0,0],"gold":162,"neow_bonus":"RANDOM_COLORLESS","is_daily":false,"chose_seed":false,"campfire_upgraded":2,"win_rate":0.0,"timestamp":1614253793,"path_taken":["M","M","?","M","?","R","E","M","T","$","R","E","$","?","R","BOSS","M","M","$","?","?","R","E"],"items_purchased_type":["Card"],"build_version":"2020-12-22","purchased_purges":2,"victory":false,"max_hp_per_floor":[68,68,68,68,68,68,68,68,68,68,68,68,68,68,68,68,68,68,68,68,68,68,68,68,68],"relic_stats":{"counters":[12,56],"CeramicFish":27,"Tiny Chest":0,"Boot":[2],"obtain_stats":[{"CeramicFish":12,"Oddly Smooth Stone":9,"Velvet Choker":17,"Tiny Chest":21,"PureWater":0,"Boot":7},{"CeramicFish":6,"Oddly Smooth Stone":5,"Velvet Choker":8,"Tiny Chest":10,"PureWater":0,"Boot":4},{"CeramicFish":28,"Oddly Smooth Stone":27,"Velvet Choker":40,"Tiny Chest":48,"PureWater":0,"Boot":23}]},"card_choices":[{"not_picked":["Mind Blast","Forethought"],"picked":"Impatience","floor":0},{"not_picked":["FollowUp","Indignation","ClearTheMind"],"picked":"SKIP","floor":1},{"not_picked":["ClearTheMind","FearNoEvil"],"picked":"CutThroughFate","floor":2},{"not_picked":["JustLucky","ForeignInfluence"],"picked":"Evaluate","floor":4},{"not_picked":["Perseverance","WreathOfFlame","Nirvana"],"picked":"SKIP","floor":7},{"not_picked":["Perseverance","WreathOfFlame"],"picked":"Nirvana","floor":7},{"not_picked":["MentalFortress","PathToVictory"],"picked":"SignatureMove","floor":8},{"not_picked":["Prostrate","Protect","TalkToTheHand"],"picked":"SKIP","floor":12},{"not_picked":["Pray","Wallop","MentalFortress"],"picked":"SKIP","floor":14},{"not_picked":["Alpha","Brilliance"],"picked":"DeusExMachina","floor":16},{"not_picked":["Wallop","EmptyBody"],"picked":"Wireheading","floor":18},{"not_picked":["CrushJoints","Protect"],"picked":"LikeWater","floor":19},{"not_picked":["Fasting2","CutThroughFate","PathToVictory"],"picked":"SKIP","floor":22}],"player_experience":672602,"relics_obtained":[{"floor":7,"key":"Boot"},{"floor":9,"key":"Oddly Smooth Stone"},{"floor":12,"key":"CeramicFish"}],"event_choices":[{"damage_healed":0,"gold_gain":0,"player_choice":"Ignored","damage_taken":0,"max_hp_gain":0,"max_hp_loss":0,"event_name":"Liars Game","floor":3,"gold_loss":0},{"damage_healed":0,"gold_gain":0,"player_choice":"Upgraded","damage_taken":0,"max_hp_gain":0,"max_hp_loss":0,"event_name":"Upgrade Shrine","floor":5,"gold_loss":0,"cards_upgraded":["Eruption"]},{"damage_healed":0,"gold_gain":0,"player_choice":"Gave Potion","damage_taken":0,"relics_obtained":["Tiny Chest"],"max_hp_gain":0,"max_hp_loss":0,"event_name":"WeMeetAgain","floor":21,"gold_loss":0}],"is_beta":false,"boss_relics":[{"not_picked":["VioletLotus","Runic Dome"],"picked":"Velvet Choker"}],"items_purged_floors":[10,20],"is_endless":false,"potions_floor_spawned":[2,4,7,12,18],"killed_by":"Slavers","ascension_level":14}}