{"host":"5lv0icc8l08nkbqt","time":1614248734,"event":{"mods":["Act Like it!","Aspiration","BaseMod","Colored Map","Conspire","Elementarium","Energized Spire","Gensokyo","Hallownest","Hubris","JesterMod","Jorbs\u0027s Wanderer Trilogy","Marisa????????","Menagerie","Minty Spire (QoL Compilation)","Pale of the Ancients","Reliquary","Replay The Spire","Ruina","Shade Mod","Spicy Shops","StSLib","The Blue Laboratory","The Disciple","The Hierophant","The Marked","Wandering Minibosses"],"gold_per_floor":[114,114,124,124,4,4,38,53,53,284,297,316,316,66,66,171,171,188,113,113,113,126,126,157,170,170,170,183,183,83,94,94,148,148,163,103,103,38,38,38,38,58,58,58,87,87,101,127,127,127,127,127,127],"floor_reached":52,"language":"ENG","playtime":3242,"items_purged":["Shade:Strike_Shade","Doubt"],"score":886,"play_id":"14f29cbf-2d59-45da-86ad-6c96acc68f1d","local_time":"20210225142534","is_ascension_mode":true,"campfire_choices":[{"data":"Shade:AnimateDead","floor":6,"key":"SMITH"},{"data":"Shade:PressTheAttack","floor":13,"key":"SMITH"},{"floor":15,"key":"REST"},{"data":"Shade:LichForm","floor":23,"key":"SMITH"},{"data":"Shade:GoDigging","floor":27,"key":"SMITH"},{"data":"Shade:PoundOfFlesh","floor":29,"key":"SMITH"},{"data":"Shade:RavenousHorde","floor":32,"key":"SMITH"},{"data":"Shade:LichForm","floor":40,"key":"SMITH"},{"data":"Bullet Time","floor":49,"key":"SMITH"}],"circlet_count":0,"master_deck":["Shade:Defend_Shade","Shade:AnimateDead+1","Shade:CarefulCut","Shade:CloudOfShrapnel","Shade:ExtraLimbs","Shade:LichForm+1","Shade:FleshLikeOak","Shade:PressTheAttack+1","Shade:PoundOfFlesh+1","Shade:CoffinDance","Specialist","Shade:Coordination","Shade:GraveStillness","Bullet Time+1","Blur","Blur","Shade:GoDigging+1","Shade:RavenousHorde+1","Shade:LichForm+1","Shade:Brains","Gensokyo:CustomPotion","Gensokyo:GreaterSplit+1","Doubt","Gensokyo:LockedMedkit","Shade:AblativeArmor+1","Shade:FuneraryJewels+1"],"relics":["Shade:YorickSkull","hubris:Icosahedron","Thread and Needle","Nunchaku","reliquary:Stiletto","Onion Ring","Eternal Feather","conspire:Boomerang","energizedSpire:OgreHead","aspiration:AnachronicSnailShell","Pondfish Scales","Vajra","hubris:ScarierMask","Gremlin Food","Gensokyo:EmptyGrave","Replay:Bottled Flurry","reliquary:HotPoker","aspiration:SeaSaltIceCream","aspiration:Nostalgia","Ring of the Snake","paleoftheancients:Timepiece","CultistMask"],"acts_visited":["Exordium","Gensokyo:Gensokyo","ruina:Briah","Gensokyo:Gensokyoest"],"potions_floor_usage":[33,48,50,52],"damage_taken":[{"damage":1,"enemies":"Gensokyo:2_Kodama","floor":1,"turns":3},{"damage":0,"enemies":"Gensokyo:3_Fairies","floor":3,"turns":3},{"damage":10,"enemies":"Gensokyo:Cirno","floor":7,"turns":6},{"damage":4,"enemies":"Gensokyo:Gryphon","floor":8,"turns":4},{"damage":24,"enemies":"conspire:MimicChest","floor":10,"turns":11},{"damage":0,"enemies":"Gensokyo:Python_and_Kodama","floor":11,"turns":5},{"damage":0,"enemies":"Gensokyo:LivingMonolith","floor":12,"turns":2},{"damage":18,"enemies":"Gensokyo:Reimu","floor":16,"turns":11},{"damage":0,"enemies":"ruina:2_Scarecrows","floor":18,"turns":4},{"damage":7,"enemies":"ruina:3_Bats","floor":22,"turns":5},{"damage":33,"enemies":"ruina:Mountain","floor":24,"turns":5},{"damage":3,"enemies":"ruina:KingOfGreed","floor":25,"turns":3},{"damage":3,"enemies":"ruina:QueenOfHate","floor":28,"turns":4},{"damage":8,"enemies":"ruina:3_Scarecrows","floor":31,"turns":4},{"damage":12,"enemies":"ruina:JesterOfNihil","floor":33,"turns":6},{"damage":2,"enemies":"Gensokyo:3_Boulders","floor":35,"turns":4},{"damage":2,"enemies":"Gensokyo:3_Bats","floor":42,"turns":3},{"damage":13,"enemies":"Gensokyo:Marisa","floor":45,"turns":8},{"damage":7,"enemies":"Gensokyo:Rafflesia","floor":47,"turns":8},{"damage":7,"enemies":"Gensokyo:Kasen","floor":48,"turns":6},{"damage":2,"enemies":"Gensokyo:Yuyuko","floor":50,"turns":6},{"damage":77,"enemies":"Gensokyo:Yuyuko","floor":51,"turns":9},{"damage":72,"enemies":"Gensokyo:Yuyuko","floor":52,"turns":8}],"seed_played":"-608159971986226655","potions_obtained":[{"floor":1,"key":"Venom Potion"},{"floor":10,"key":"blueLaboratory:PhilterOfMotion"},{"floor":16,"key":"Swift Potion"},{"floor":22,"key":"blueLaboratory:ExaltedPotion"},{"floor":35,"key":"ColorlessPotion"},{"floor":48,"key":"Ancient Potion"}],"is_trial":false,"path_per_floor":["M","?","M","?","COS","R","E","M","T","?","M","M","R","$","R","B",null,"M","$","?","?","M","R","E","M","T","R","M","R","$","M","R","B",null,"M","?","?","COS","?","R","?","M","T","?","E","T","M","E","R","B","M","M"],"character_chosen":"SHADE","items_purchased":["conspire:Boomerang","Specialist"],"campfire_rested":1,"item_purchase_floors":[14,14],"current_hp_per_floor":[38,58,58,58,58,58,48,44,44,20,20,20,26,26,54,36,65,65,65,65,65,58,65,32,29,29,38,35,44,44,36,45,33,65,63,63,63,63,63,65,65,63,63,60,51,51,60,53,60,60,60,0,0],"gold":127,"neow_bonus":"RANDOM_EVENT","is_daily":false,"chose_seed":false,"campfire_upgraded":8,"win_rate":0.0,"timestamp":1614248734,"path_taken":["M","?","M","?","COS","R","E","M","T","?","M","M","R","$","R","BOSS","M","$","?","?","?","R","E","M","T","R","M","R","?","M","R","BOSS","M","?","?","COS","?","R","?","?","T","?","E","?","?","E","R","BOSS","M","M"],"items_purchased_type":["Relic","Card"],"build_version":"2020-12-22","purchased_purges":2,"victory":false,"max_hp_per_floor":[65,65,65,65,65,65,65,65,65,65,65,65,65,65,65,65,65,65,65,65,65,65,65,65,65,65,65,65,65,65,65,65,65,65,65,65,65,65,65,65,65,65,65,60,60,60,60,60,60,60,60,60,60],"card_choices":[{"not_picked":["Shade:SpectralStrikes","Shade:Brains"],"picked":"Shade:CloudOfShrapnel","floor":1},{"not_picked":["Shade:FeralStrike","Shade:SkeletonHug"],"picked":"Shade:ExtraLimbs","floor":3},{"not_picked":["Shade:FeralStrike","Shade:Premonition"],"picked":"Shade:LichForm","floor":7},{"not_picked":["Shade:AncientSpear","Shade:Premonition"],"picked":"Shade:FleshLikeOak","floor":8},{"not_picked":["Shade:FreshBones","Shade:FuneraryArmor"],"picked":"Shade:PressTheAttack","floor":10},{"not_picked":["Shade:WallOfFlesh","Shade:Carnophage"],"picked":"Shade:PoundOfFlesh","floor":11},{"not_picked":["Shade:CallWraith","Shade:BoneShards"],"picked":"Shade:CoffinDance","floor":12},{"not_picked":["Shade:MadHubris","Shade:SelfBurial"],"picked":"Shade:Coordination","floor":16},{"not_picked":["Shade:FuneraryArmor","Shade:Doomsay"],"picked":"Shade:GraveStillness","floor":18},{"not_picked":["Shade:AncientSpear+1","Shade:WallOfFlesh","Shade:FleshOffering"],"picked":"SKIP","floor":22},{"not_picked":["Shade:TouchOfTheGrave","Shade:PotionOfRestlessness"],"picked":"Shade:GoDigging","floor":24},{"not_picked":["Shade:CoffinDance","Shade:Doomsay","Shade:TouchOfTheGrave"],"picked":"SKIP","floor":25},{"not_picked":["Shade:ClawBack","Shade:Premonition","Shade:SoulPierce"],"picked":"SKIP","floor":28},{"not_picked":["Shade:Premonition","Shade:AncientSpear+1"],"picked":"Shade:RavenousHorde","floor":31},{"not_picked":["Shade:Coordination","Shade:UnbarTheGrave"],"picked":"Shade:LichForm","floor":33},{"not_picked":["Shade:SpectralStrikes","Shade:Asphyxiate+1"],"picked":"Shade:Brains","floor":35},{"not_picked":["Shade:CommandSoldier+1","Shade:GoDigging"],"picked":"Shade:AblativeArmor+1","floor":42},{"not_picked":["Shade:ExtraLimbs+1","Shade:SelfBurial","Shade:ClawBack"],"picked":"SKIP","floor":45},{"not_picked":["Shade:FuneraryArmor+1","Shade:Trample+1","Shade:FleshToFlesh+1"],"picked":"SKIP","floor":47},{"not_picked":["Shade:GreyBargain","Shade:Awaken+1"],"picked":"Shade:FuneraryJewels+1","floor":48}],"player_experience":1767832,"relics_obtained":[{"floor":7,"key":"Thread and Needle"},{"floor":9,"key":"reliquary:Stiletto"},{"floor":10,"key":"Eternal Feather"},{"floor":24,"key":"Pondfish Scales"},{"floor":26,"key":"Vajra"},{"floor":43,"key":"Gremlin Food"},{"floor":45,"key":"Replay:Bottled Flurry"},{"floor":46,"key":"reliquary:HotPoker"},{"floor":48,"key":"aspiration:SeaSaltIceCream"}],"event_choices":[],"is_beta":false,"boss_relics":[{"not_picked":["hubris:RunicObelisk","reliquary:RedCape"],"picked":"energizedSpire:OgreHead"},{"not_picked":["energizedSpire:MagnifyingGlass","hubris:VirtuousBlindfold"],"picked":"hubris:ScarierMask"}],"items_purged_floors":[19,30],"is_endless":false,"potions_floor_spawned":[1,10,16,22,25,35,48],"killed_by":"Gensokyo:Yuyuko","ascension_level":3}}