{"host":"b9sas8jv6tsy9swm","time":1614254283,"event":{"mods":["AchievementEnabler","BaseMod","Minty Spire (QoL Compilation)","Permanent Neow","Quick Restart","StSLib"],"gold_per_floor":[113,133,143,143,155,188,188,206,230,47,88,38,51,78,78,173,223,237,251,251,350,350,382,411,455,467,499,289,302,227,227,227,324,324,344,358,295,295,295,325,325,358,358,389,389,389,419,419,419,419,419],"floor_reached":50,"language":"ZHS","playtime":2008,"items_purged":["Defend_P","Defend_P","Strike_P"],"score":776,"play_id":"ea48a68d-b7a2-4bd1-83f2-d00110fe1a1c","local_time":"20210225195803","is_ascension_mode":true,"campfire_choices":[{"data":"Wallop","floor":7.0,"key":"SMITH"},{"data":"Eruption","floor":15.0,"key":"SMITH"},{"data":"Apotheosis","floor":32.0,"key":"SMITH"},{"floor":46.0,"key":"RECALL"},{"data":"Vault","floor":49.0,"key":"SMITH"}],"circlet_count":0,"master_deck":["Eruption+1","Vigilance","Crescendo","MasterReality+1","Consecrate","Wallop+1","ClearTheMind","ForeignInfluence","BowlingBash","SpiritShield","FearNoEvil","FlurryOfBlows","Tantrum","Adaptation","Apotheosis+1","Vault+1","CutThroughFate","Impatience"],"relics":["PureWater","Strawberry","Damaru","Membership Card","Bag of Marbles","Tiny House","MawBank","Bird Faced Urn","Sling","Philosopher\u0027s Stone","Oddly Smooth Stone","Ancient Tea Set","Nunchaku","Du-Vu Doll","Pantograph"],"acts_visited":["Exordium","TheCity","TheBeyond"],"potions_floor_usage":[],"damage_taken":[{"damage":2.0,"enemies":"2 Louse","floor":1.0,"turns":3.0},{"damage":0.0,"enemies":"Small Slimes","floor":2.0,"turns":2.0},{"damage":0.0,"enemies":"Jaw Worm","floor":3.0,"turns":2.0},{"damage":8.0,"enemies":"Looter","floor":5.0,"turns":3.0},{"damage":4.0,"enemies":"3 Sentries","floor":6.0,"turns":4.0},{"damage":6.0,"enemies":"Exordium Thugs","floor":8.0,"turns":3.0},{"damage":11.0,"enemies":"Blue Slaver","floor":11.0,"turns":3.0},{"damage":6.0,"enemies":"Looter","floor":13.0,"turns":3.0},{"damage":0.0,"enemies":"Lagavulin","floor":14.0,"turns":4.0},{"damage":16.0,"enemies":"Hexaghost","floor":16.0,"turns":7.0},{"damage":16.0,"enemies":"Shell Parasite","floor":18.0,"turns":3.0},{"damage":0.0,"enemies":"Chosen","floor":19.0,"turns":3.0},{"damage":0.0,"enemies":"Gremlin Leader","floor":23.0,"turns":2.0},{"damage":9.0,"enemies":"Centurion and Healer","floor":24.0,"turns":5.0},{"damage":18.0,"enemies":"Book of Stabbing","floor":25.0,"turns":6.0},{"damage":0.0,"enemies":"Snecko","floor":27.0,"turns":3.0},{"damage":4.0,"enemies":"Shelled Parasite and Fungi","floor":29.0,"turns":2.0},{"damage":8.0,"enemies":"Automaton","floor":33.0,"turns":6.0},{"damage":0.0,"enemies":"3 Shapes","floor":35.0,"turns":2.0},{"damage":0.0,"enemies":"3 Darklings","floor":36.0,"turns":3.0},{"damage":0.0,"enemies":"Reptomancer","floor":40.0,"turns":3.0},{"damage":32.0,"enemies":"Nemesis","floor":42.0,"turns":3.0},{"damage":7.0,"enemies":"Reptomancer","floor":44.0,"turns":3.0},{"damage":1.0,"enemies":"Giant Head","floor":47.0,"turns":3.0},{"damage":91,"enemies":"Time Eater","floor":50,"turns":6}],"seed_played":"6232966265765237477","potions_obtained":[{"floor":1.0,"key":"GamblersBrew"},{"floor":2.0,"key":"Fruit Juice"},{"floor":3.0,"key":"LiquidMemories"},{"floor":6.0,"key":"SneckoOil"},{"floor":19.0,"key":"SneckoOil"},{"floor":29.0,"key":"SteroidPotion"},{"floor":33.0,"key":"FearPotion"},{"floor":35.0,"key":"SneckoOil"},{"floor":40.0,"key":"EntropicBrew"}],"is_trial":false,"path_per_floor":["M","M","M","?","M","E","R","M","T","$","M","?","M","E","R","B",null,"M","M","?","?","?","E","M","E","T","M","$","M","?","?","R","B",null,"M","M","$","?","$","E","$","E","T","E","?","R","E","?","R","B"],"character_chosen":"WATCHER","items_purchased":["Membership Card","Sling","Apotheosis"],"campfire_rested":0,"item_purchase_floors":[10,28,28],"current_hp_per_floor":[63,68,68,68,60,63,63,57,57,57,46,46,40,40,40,24,82,66,66,66,66,66,66,57,39,39,41,41,37,37,37,37,33,82,82,82,82,82,82,82,82,50,50,47,47,47,50,50,50,0,0],"gold":419,"neow_bonus":"TRANSFORM_TWO_CARDS","is_daily":false,"chose_seed":false,"campfire_upgraded":4,"win_rate":0.0,"timestamp":1614254283,"path_taken":["M","M","M","?","M","E","R","M","T","$","M","?","M","E","R","BOSS","M","M","?","?","?","E","?","E","T","M","$","M","?","?","R","BOSS","M","M","$","?","$","E","$","E","T","E","?","R","E","?","R","BOSS"],"items_purchased_type":["Relic","Relic","Card"],"build_version":"2020-12-22","purchased_purges":3,"victory":false,"max_hp_per_floor":[65,70,70,70,70,77,77,77,77,77,77,77,77,77,77,77,82,82,82,82,82,82,82,82,82,82,82,82,82,82,82,82,82,82,82,82,82,82,82,82,82,82,82,82,82,82,82,82,82,82,82],"card_choices":[{"not_picked":["WreathOfFlame","Evaluate"],"picked":"Consecrate","floor":1.0},{"not_picked":["Evaluate","WindmillStrike"],"picked":"Wallop","floor":2.0},{"not_picked":["Protect","ReachHeaven"],"picked":"ClearTheMind","floor":3.0},{"not_picked":["SashWhip","FlyingSleeves","ThirdEye"],"picked":"SKIP","floor":5.0},{"not_picked":["Omniscience","Evaluate"],"picked":"ForeignInfluence","floor":6.0},{"not_picked":["FollowUp","JustLucky","ForeignInfluence"],"picked":"SKIP","floor":8.0},{"not_picked":["JustLucky","Halt","Wireheading"],"picked":"SKIP","floor":11.0},{"not_picked":["SashWhip","WreathOfFlame","FlyingSleeves"],"picked":"SKIP","floor":13.0},{"not_picked":["Halt","Weave"],"picked":"BowlingBash","floor":14.0},{"not_picked":["ConjureBlade","Alpha"],"picked":"SpiritShield","floor":16.0},{"not_picked":["FlyingSleeves","BattleHymn"],"picked":"FearNoEvil","floor":17.0},{"not_picked":["PathToVictory","FollowUp","CrushJoints"],"picked":"SKIP","floor":18.0},{"not_picked":["Halt","PathToVictory","FlyingSleeves+1"],"picked":"SKIP","floor":19.0},{"not_picked":["FlyingSleeves","SignatureMove"],"picked":"FlurryOfBlows","floor":23.0},{"not_picked":["ClearTheMind","Perseverance"],"picked":"Tantrum","floor":24.0},{"not_picked":["FollowUp","Vault"],"picked":"Adaptation","floor":25.0},{"not_picked":["Consecrate","ClearTheMind","ThirdEye"],"picked":"SKIP","floor":27.0},{"not_picked":["EmptyFist","PathToVictory","Consecrate"],"picked":"SKIP","floor":29.0},{"not_picked":["Wish","DevaForm"],"picked":"Vault","floor":33.0},{"not_picked":["Weave","Sanctity","EmptyFist+1"],"picked":"SKIP","floor":35.0},{"not_picked":["Wireheading","ThirdEye"],"picked":"CutThroughFate","floor":36.0},{"not_picked":["Tantrum","ForeignInfluence","WreathOfFlame"],"picked":"SKIP","floor":40.0},{"not_picked":["Crescendo+1","WreathOfFlame","EmptyFist"],"picked":"SKIP","floor":42.0},{"not_picked":["LessonLearned","Conclude+1","ThirdEye+1"],"picked":"SKIP","floor":44.0},{"not_picked":["The Bomb","Apotheosis"],"picked":"Impatience","floor":45.0},{"not_picked":["CutThroughFate+1","Sanctity+1","FollowUp"],"picked":"SKIP","floor":47.0}],"player_experience":404337,"relics_obtained":[{"floor":6.0,"key":"Strawberry"},{"floor":9.0,"key":"Damaru"},{"floor":14.0,"key":"Bag of Marbles"},{"floor":23.0,"key":"MawBank"},{"floor":25.0,"key":"Bird Faced Urn"},{"floor":40.0,"key":"Oddly Smooth Stone"},{"floor":42.0,"key":"Ancient Tea Set"},{"floor":43.0,"key":"Nunchaku"},{"floor":44.0,"key":"Du-Vu Doll"},{"floor":47.0,"key":"Pantograph"}],"event_choices":[{"damage_healed":0.0,"max_hp_gain":0.0,"max_hp_loss":0.0,"gold_gain":0.0,"event_name":"Liars Game","player_choice":"Ignored","floor":4.0,"gold_loss":0.0,"damage_taken":0.0},{"cards_removed":["Defend_P"],"damage_healed":0.0,"max_hp_gain":0.0,"max_hp_loss":0.0,"gold_gain":0.0,"event_name":"The Cleric","player_choice":"Card Removal","floor":12.0,"gold_loss":50.0,"damage_taken":0.0},{"damage_healed":0.0,"max_hp_gain":0.0,"max_hp_loss":0.0,"gold_gain":0.0,"event_name":"Vampires","player_choice":"Ignored","floor":20.0,"gold_loss":0.0,"damage_taken":0.0},{"damage_healed":0.0,"max_hp_gain":0.0,"max_hp_loss":0.0,"gold_gain":99.0,"event_name":"Nest","player_choice":"Stole From Cult","floor":21.0,"gold_loss":0.0,"damage_taken":0.0},{"damage_healed":0.0,"max_hp_gain":0.0,"max_hp_loss":0.0,"gold_gain":0.0,"event_name":"Cursed Tome","player_choice":"Ignored","floor":22.0,"gold_loss":0.0,"damage_taken":0.0},{"cards_removed":["Strike_P"],"damage_healed":0.0,"max_hp_gain":0.0,"max_hp_loss":0.0,"gold_gain":0.0,"event_name":"Beggar","player_choice":"Gave Gold","floor":30.0,"gold_loss":75.0,"damage_taken":0.0},{"cards_removed":["Strike_P"],"damage_healed":0.0,"max_hp_gain":0.0,"max_hp_loss":0.0,"gold_gain":0.0,"event_name":"Back to Basics","player_choice":"Elegance","floor":31.0,"gold_loss":0.0,"damage_taken":0.0},{"damage_healed":0.0,"max_hp_gain":0.0,"max_hp_loss":0.0,"gold_gain":0.0,"event_name":"Tomb of Lord Red Mask","player_choice":"Ignored","floor":38.0,"gold_loss":0.0,"damage_taken":0.0},{"damage_healed":0.0,"max_hp_gain":0.0,"max_hp_loss":0.0,"gold_gain":0.0,"event_name":"SensoryStone","player_choice":"Memory 1","floor":45.0,"gold_loss":0.0,"damage_taken":0.0},{"damage_healed":0.0,"max_hp_gain":0.0,"max_hp_loss":0.0,"gold_gain":0.0,"event_name":"Purifier","player_choice":"Ignored","floor":48.0,"gold_loss":0.0,"damage_taken":0.0}],"is_beta":false,"boss_relics":[{"not_picked":["Sozu","Black Star"],"picked":"Tiny House"},{"not_picked":["Busted Crown","Cursed Key"],"picked":"Philosopher\u0027s Stone"}],"items_purged_floors":[10,28,37],"is_endless":false,"potions_floor_spawned":[1,2,3,6,19,29,33,35,40,44,47],"killed_by":"Time Eater","ascension_level":2}}