{"host":"knspyp6dy614fx6e","time":1614236917,"event":{"mods":["ATMod(°¢èªMod)","Aspiration","BaseMod","Bestiary","Better Altar","Better Skull","Better Third Choice","Block Reminder","Card Filter","Conspire","DeckTracker","Dota2Spire","Energized Spire","Jedi Mod","Minty Spire (QoL Compilation)","Monster B Gone","Quick Restart","Relic Filter Mod","Relic Stats","Reliquary","StSLib","TestMod","Waifu the Spire","Weighted Paths","¡¾ÒÅÎï¿¨ÅÆ¡¿REMEMod"],"gold_per_floor":[118,131,17,33,33,64,64,92,92,108,128,128,153,197,197,299,299,312,358,283,300,250,250,250,250],"floor_reached":24,"language":"ZHS","playtime":735,"items_purged":["Defend_R"],"score":436,"play_id":"dacac68b-2ff3-44d9-83ad-993d1a88b97c","local_time":"20210225150837","is_ascension_mode":true,"campfire_choices":[{"data":"AT_DrawKnifeCut","floor":7.0,"key":"SMITH"},{"data":"Armaments","floor":12.0,"key":"SMITH"},{"data":"Metallicize","floor":15.0,"key":"SMITH"},{"data":"Berserk","floor":23,"key":"SMITH"}],"circlet_count":0,"master_deck":["AscendersBane","Strike_R","Strike_R","Strike_R","Strike_R","Defend_R","Defend_R","Defend_R","Bash","Perfected Strike","AT_DrawKnifeCut+1","Metallicize","Wild Strike","Flex","Armaments+1","Perfected Strike","Metallicize+1","Berserk+1","Whirlwind","conspire:SpireCoStock"],"relics":["Burning Blood","AT_ATBox","testmod-TestBox","REME_ComplimentaryCards","Dota2Spire:ShivaGuard","Bronze Scales","The Courier","Happy Flower","Dota2Spire:HandOfMidas","Velvet Choker"],"acts_visited":["Exordium","TheCity"],"potions_floor_usage":[21],"damage_taken":[{"damage":6.0,"enemies":"Cultist","floor":1.0,"turns":3.0},{"damage":0.0,"enemies":"2 Louse","floor":2.0,"turns":2.0},{"damage":4.0,"enemies":"Jaw Worm","floor":4.0,"turns":3.0},{"damage":15.0,"enemies":"3 Sentries","floor":6.0,"turns":7.0},{"damage":3.0,"enemies":"Gremlin Nob","floor":8.0,"turns":3.0},{"damage":16.0,"enemies":"Exordium Thugs","floor":10.0,"turns":3.0},{"damage":14.0,"enemies":"Red Slaver","floor":11.0,"turns":2.0},{"damage":5.0,"enemies":"3 Sentries","floor":13.0,"turns":4.0},{"damage":5.0,"enemies":"Gremlin Gang","floor":14.0,"turns":4.0},{"damage":4.0,"enemies":"Hexaghost","floor":16.0,"turns":9.0},{"damage":0.0,"enemies":"Chosen","floor":18.0,"turns":3.0},{"damage":37.0,"enemies":"Shell Parasite","floor":19.0,"turns":5.0},{"damage":27,"enemies":"Snake Plant","floor":21,"turns":2},{"damage":28,"enemies":"Slavers","floor":24,"turns":1}],"seed_played":"-1992669840410113888","potions_obtained":[{"floor":1.0,"key":"PowerPotion"},{"floor":2.0,"key":"Ancient Potion"},{"floor":6.0,"key":"DuplicationPotion"},{"floor":10.0,"key":"Weak Potion"},{"floor":19.0,"key":"jedi:tentaclejuice"}],"is_trial":false,"path_per_floor":["M","M","$","M","?","E","R","E","T","M","M","R","E","M","R","B",null,"M","M","?","M","?","R","E"],"character_chosen":"IRONCLAD","items_purchased":["Metallicize"],"campfire_rested":0,"item_purchase_floors":[3],"current_hp_per_floor":[68,68,68,68,73,64,64,67,67,57,49,49,50,51,51,53,68,73,42,42,21,21,21,0,0],"gold":250,"neow_bonus":"ONE_RARE_RELIC","is_daily":false,"chose_seed":false,"campfire_upgraded":4,"win_rate":0.0,"timestamp":1614236917,"path_taken":["M","M","$","M","?","E","R","E","T","M","M","R","E","M","R","BOSS","M","M","?","M","?","R","E"],"items_purchased_type":["Card"],"build_version":"2020-12-22","purchased_purges":1,"victory":false,"max_hp_per_floor":[68,68,68,68,73,73,73,73,73,73,73,73,73,73,73,73,73,73,73,73,73,73,73,73,73],"relic_stats":{"Happy Flower":[11],"counters":[14,51],"Bronze Scales":[94],"obtain_stats":[{"Dota2Spire:HandOfMidas":13,"AT_ATBox":0,"testmod-TestBox":0,"Happy Flower":9,"Bronze Scales":6,"Velvet Choker":17,"Dota2Spire:ShivaGuard":0,"The Courier":8,"Burning Blood":0,"REME_ComplimentaryCards":0},{"Dota2Spire:HandOfMidas":8,"AT_ATBox":0,"testmod-TestBox":0,"Happy Flower":5,"Bronze Scales":4,"Velvet Choker":10,"Dota2Spire:ShivaGuard":0,"The Courier":5,"Burning Blood":0,"REME_ComplimentaryCards":0},{"Dota2Spire:HandOfMidas":27,"AT_ATBox":0,"testmod-TestBox":0,"Happy Flower":18,"Bronze Scales":15,"Velvet Choker":40,"Dota2Spire:ShivaGuard":0,"The Courier":18,"Burning Blood":0,"REME_ComplimentaryCards":0}],"Burning Blood":69},"card_choices":[{"not_picked":["Flame Barrier","Havoc"],"picked":"Perfected Strike","floor":1.0},{"not_picked":["Cleave","Flex"],"picked":"AT_DrawKnifeCut","floor":2.0},{"not_picked":["REME_FearOfPain","Hemokinesis","Cleave"],"picked":"SKIP","floor":4.0},{"not_picked":["Clothesline","Warcry"],"picked":"Wild Strike","floor":6.0},{"not_picked":["Wild Strike","Iron Wave"],"picked":"Flex","floor":8.0},{"not_picked":["Bludgeon","Headbutt","Sword Boomerang"],"picked":"SKIP","floor":10.0},{"not_picked":["Entrench","Pummel"],"picked":"Armaments","floor":11.0},{"not_picked":["Armaments","Twin Strike"],"picked":"Perfected Strike","floor":13.0},{"not_picked":["REME_Cut","Seeing Red"],"picked":"Metallicize","floor":14.0},{"not_picked":["Reaper","Bludgeon"],"picked":"Berserk","floor":16.0},{"not_picked":["Rupture","Hemokinesis+1","Armaments"],"picked":"SKIP","floor":18.0},{"not_picked":["Pommel Strike","Ghostly Armor"],"picked":"Whirlwind","floor":19.0},{"not_picked":["Clothesline","Thunderclap","Evolve"],"picked":"SKIP","floor":21}],"player_experience":347639,"relics_obtained":[{"floor":6.0,"key":"Bronze Scales"},{"floor":8.0,"key":"The Courier"},{"floor":9.0,"key":"Happy Flower"},{"floor":13.0,"key":"Dota2Spire:HandOfMidas"}],"event_choices":[{"damage_healed":0.0,"max_hp_gain":5.0,"max_hp_loss":0.0,"gold_gain":0.0,"event_name":"Big Fish","player_choice":"Donut","floor":5.0,"gold_loss":0.0,"damage_taken":0.0},{"cards_removed":["Strike_R"],"damage_healed":0.0,"max_hp_gain":0.0,"max_hp_loss":0.0,"gold_gain":0.0,"event_name":"Beggar","player_choice":"Gave Gold","floor":20.0,"gold_loss":75.0,"damage_taken":0.0},{"damage_healed":0,"gold_gain":0,"player_choice":"Invest 1","damage_taken":0,"max_hp_gain":0,"max_hp_loss":0,"event_name":"conspire:Investor","floor":22,"gold_loss":0}],"is_beta":false,"boss_relics":[{"not_picked":["reliquary:Craggleroot","testmod-Temperance"],"picked":"Velvet Choker"}],"items_purged_floors":[3],"is_endless":false,"potions_floor_spawned":[1,2,6,10,19],"killed_by":"Slavers","ascension_level":20}}