{"host":"uztstxpt0qnssyef","time":1614272995,"event":{"mods":["BaseMod","Downfall","Minty Spire (QoL Compilation)","StSLib"],"gold_per_floor":[99,118,118,14,34,51,74,74,104,104,124,158,158,168,187,187,187,187],"floor_reached":16,"language":"ENG","playtime":1235,"items_purged":[],"score":208,"play_id":"86263cff-a71d-4b77-90b6-bd7e4ad4c7ec","local_time":"20210225120955","daily_mods":["ControlledChaos","downfall:Improvised"],"is_ascension_mode":true,"campfire_choices":[{"data":"sneckomod:CheapStock","floor":8,"key":"SMITH"}],"circlet_count":0,"master_deck":["AscendersBane","sneckomod:Strike","sneckomod:Strike","sneckomod:Strike","sneckomod:Defend","sneckomod:Defend+1","sneckomod:Defend","sneckomod:TailWhip","sneckomod:SnekBite","sneckomod:Unknown","sneckomod:Unknown+1","sneckomod:UnknownCommonAttack","sneckomod:UnknownCommonAttack","sneckomod:UnknownCommonAttack","sneckomod:UnknownCommonSkill","sneckomod:UnknownCommonSkill","sneckomod:UnknownUncommonSkill","sneckomod:Unknown","bronze:ChosenStrike","sneckomod:WideSting","downfall:Malfunctioning","sneckomod:QuickMove","sneckomod:CheapStock+1","sneckomod:Unknown1Cost","sneckomod:UnknownColorless","sneckomod:UnknownExhaust","sneckomod:WideSting","Noxious Fumes+1","sneckomod:UnknownDraw","sneckomod:SerpentMind","Cloak And Dagger","sneckomod:SoulRoll","sneckomod:TrashToTreasure"],"relics":["sneckomod:SneckoSoul","Frozen Eye","Pen Nib","Question Card"],"acts_visited":["Exordium"],"potions_floor_usage":[9,15,16],"damage_taken":[{"damage":0,"enemies":"2 Louse","floor":2,"turns":2},{"damage":0,"enemies":"downfall:FleeingMerchant","floor":4,"turns":4},{"damage":0,"enemies":"Jaw Worm","floor":5,"turns":4},{"damage":0,"enemies":"Cultist","floor":6,"turns":4},{"damage":1,"enemies":"2 Fungi Beasts","floor":9,"turns":4},{"damage":27,"enemies":"downfall:LooterAlt","floor":11,"turns":3},{"damage":30,"enemies":"Gremlin Nob","floor":12,"turns":4},{"damage":8,"enemies":"Red Slaver","floor":14,"turns":2},{"damage":9,"enemies":"3 Louse","floor":15,"turns":3},{"damage":16,"enemies":"DF_ARCHETYPE_STREAMLINE","floor":16,"turns":3}],"seed_played":"2880486851900895489","potions_obtained":[{"floor":6,"key":"Block Potion"},{"floor":9,"key":"LiquidBronze"},{"floor":12,"key":"EssenceOfSteel"},{"floor":15,"key":"ColorlessPotion"}],"is_trial":true,"path_per_floor":["R","M","?","$","M","M","T","R","M","R","M","E","R","M","M","B"],"character_chosen":"THE_SNECKO","items_purchased":["sneckomod:CheapStock","sneckomod:Unknown1Cost"],"campfire_rested":0,"item_purchase_floors":[4,4],"current_hp_per_floor":[75,75,75,75,75,75,75,75,74,74,62,32,32,24,15,0,0,0],"gold":187,"neow_bonus":"","is_daily":false,"chose_seed":false,"campfire_upgraded":1,"win_rate":0.0,"timestamp":1614272995,"path_taken":["R","M","?","?","M","M","T","R","M","R","M","E","R","?","M","BOSS"],"items_purchased_type":["Card","Card"],"build_version":"2020-12-22","purchased_purges":0,"victory":false,"max_hp_per_floor":[83,83,83,83,83,83,83,83,83,83,83,83,83,83,83,83,83,83],"card_choices":[{"not_picked":["sneckomod:UnknownUncommonPower","sneckomod:DiceBlock"],"picked":"sneckomod:WideSting","floor":2},{"not_picked":["sneckomod:UnknownCommonAttack","sneckomod:UnknownUncommonPower"],"picked":"sneckomod:QuickMove","floor":4},{"not_picked":["sneckomod:DiceCrush","sneckomod:SoulRoll"],"picked":"sneckomod:UnknownColorless","floor":5},{"not_picked":["sneckomod:UnknownColorless","sneckomod:QuickMove"],"picked":"sneckomod:UnknownExhaust","floor":6},{"not_picked":["sneckomod:SerpentIdol","sneckomod:UnknownX"],"picked":"sneckomod:WideSting","floor":9},{"not_picked":["sneckomod:Unknown2Cost","sneckomod:UnknownWeak"],"picked":"sneckomod:UnknownDraw","floor":11},{"not_picked":["sneckomod:UnknownDraw","sneckomod:SlitherStrike"],"picked":"sneckomod:SerpentMind","floor":12},{"not_picked":["sneckomod:PureSnecko","sneckomod:UnknownBlock","sneckomod:UnknownCommonAttack"],"picked":"sneckomod:SoulRoll","floor":14},{"not_picked":["sneckomod:UnknownStrength","sneckomod:UnknownCommonSkill","sneckomod:Unknown1Cost"],"picked":"sneckomod:TrashToTreasure","floor":15}],"player_experience":558469,"relics_obtained":[{"floor":7,"key":"Pen Nib"},{"floor":12,"key":"Question Card"}],"event_choices":[],"is_beta":false,"boss_relics":[],"items_purged_floors":[],"is_endless":false,"potions_floor_spawned":[6,9,12,15],"killed_by":"DF_ARCHETYPE_STREAMLINE","ascension_level":20}}