{"host":"zp8jvycvinn13jdb","time":1614269765,"event":{"mods":["BaseMod","Better Match","Colored Powertips","Downfall","Googly Eyes","Hermit","Minty Spire (QoL Compilation)","Rare Cards Sparkle","Relic Stats","StSLib","SuperFastMode","Synergy Search","The Bug Knight","The Cursed"],"gold_per_floor":[113,113,113,38,52,52,1,1,1,26,59,59,59,102,102,102,102],"floor_reached":16,"language":"ENG","playtime":702,"items_purged":["Bash"],"score":106,"play_id":"f9c01fcb-e1ef-454a-8894-90dc271023dd","local_time":"20210225111605","is_ascension_mode":false,"campfire_choices":[{"floor":6,"key":"RECALL"},{"data":"Wild Strike","floor":8,"key":"SMITH"},{"floor":12,"key":"REST"},{"data":"Inflame","floor":15,"key":"SMITH"}],"circlet_count":0,"master_deck":["Strike_R","Strike_R","Strike_R","Strike_R","Strike_R","Defend_R","Defend_R","Defend_R","Defend_R","Wild Strike+1","Cleave","Shrug It Off","CurseOfTheBell","CurseOfTheBell","Injury","Juggernaut","Inflame+1"],"relics":["Burning Blood","Golden Idol","Question Card","downfall:ExtraCursedBell","Nunchaku","Pantograph","TungstenRod","Toxic Egg 2"],"acts_visited":["Exordium"],"potions_floor_usage":[],"damage_taken":[{"damage":0,"enemies":"Small Slimes","floor":1,"turns":3},{"damage":1,"enemies":"2 Louse","floor":5,"turns":2},{"damage":5,"enemies":"Jaw Worm","floor":10,"turns":4},{"damage":33,"enemies":"3 Sentries","floor":11,"turns":10},{"damage":39,"enemies":"Lagavulin","floor":14,"turns":9},{"damage":106,"enemies":"The Guardian","floor":16,"turns":16}],"seed_played":"-4996719756525254968","potions_obtained":[{"floor":1,"key":"FairyPotion"}],"is_trial":false,"path_per_floor":["M","?","?","$","M","R","$","R","T","M","E","R","?","E","R","B"],"character_chosen":"IRONCLAD","items_purchased":["Cleave"],"campfire_rested":1,"item_purchase_floors":[7],"current_hp_per_floor":[88,93,86,86,86,86,86,86,86,86,59,84,84,51,51,0,0],"gold":102,"neow_bonus":"TEN_PERCENT_HP_BONUS","is_daily":false,"chose_seed":false,"campfire_upgraded":2,"win_rate":0.0,"timestamp":1614269765,"path_taken":["M","?","?","?","?","R","?","R","T","M","E","R","?","E","R","BOSS"],"items_purchased_type":["Card"],"build_version":"2020-12-22","purchased_purges":1,"victory":false,"max_hp_per_floor":[88,93,86,86,86,86,86,86,86,86,86,86,86,86,86,86,86],"relic_stats":{"Nunchaku":[2],"counters":[6,44],"Golden Idol":24,"Pantograph":25,"Question Card":1,"obtain_stats":[{"Nunchaku":13,"Golden Idol":3,"Pantograph":13,"downfall:ExtraCursedBell":13,"Toxic Egg 2":14,"Question Card":11,"Burning Blood":0,"TungstenRod":13},{"Nunchaku":4,"Golden Idol":1,"Pantograph":4,"downfall:ExtraCursedBell":4,"Toxic Egg 2":5,"Question Card":4,"Burning Blood":0,"TungstenRod":4},{"Nunchaku":19,"Golden Idol":3,"Pantograph":19,"downfall:ExtraCursedBell":19,"Toxic Egg 2":28,"Question Card":19,"Burning Blood":0,"TungstenRod":19}],"Burning Blood":18,"TungstenRod":18},"card_choices":[{"not_picked":["Seeing Red","Thunderclap"],"picked":"Wild Strike","floor":1},{"not_picked":["Dropkick","Infernal Blade","Clothesline"],"picked":"SKIP","floor":5},{"not_picked":["Clothesline","Dark Embrace"],"picked":"Shrug It Off","floor":10},{"not_picked":["Feel No Pain","Searing Blow","Ghostly Armor"],"picked":"SKIP","floor":11},{"not_picked":["Rage+1","Combust","Reaper"],"picked":"Inflame","floor":14}],"player_experience":173817,"relics_obtained":[{"floor":11,"key":"Question Card"},{"floor":13,"key":"Nunchaku"},{"floor":13,"key":"Pantograph"},{"floor":13,"key":"TungstenRod"},{"floor":14,"key":"Toxic Egg 2"}],"event_choices":[{"damage_healed":0,"gold_gain":0,"player_choice":"Donut","damage_taken":0,"max_hp_gain":5,"max_hp_loss":0,"event_name":"Big Fish","floor":2,"gold_loss":0},{"damage_healed":0,"gold_gain":0,"player_choice":"Lose Max HP","damage_taken":0,"relics_obtained":["Golden Idol"],"max_hp_gain":0,"max_hp_loss":7,"event_name":"Golden Idol","floor":3,"gold_loss":0}],"is_beta":false,"boss_relics":[],"items_purged_floors":[4],"is_endless":false,"potions_floor_spawned":[1],"killed_by":"The Guardian","ascension_level":0}}