{"host":"i0avyit1s6jb1siw","time":1614248326,"event":{"mods":["BaseMod","DeckTracker","Dota2Spire","Minty Spire (QoL Compilation)","Quick Restart","StSLib","SuperFastMode"],"gold_per_floor":[119,119,13,30,30,30,44,44,64,64,64,92,110,127,162,162,162,162,237,237,257,257,272,162,178,178,190,190,202,202,47,47,73,84,115,115,192,192,192,265,265,275,293,310,320,336,349,380,392,392,392,423,423,449,468,481,481,481,481,481,481],"floor_reached":60,"language":"ENG","playtime":1511,"items_purged":["Sever Soul"],"score":2284,"play_id":"9fdd12d8-4f58-4505-9a5e-3e807f6e1727","local_time":"20210225111846","is_ascension_mode":true,"campfire_choices":[{"data":"Bash","floor":6.0,"key":"SMITH"},{"data":"Anger","floor":8.0,"key":"SMITH"},{"data":"Fire Breathing","floor":17.0,"key":"SMITH"},{"data":"Shockwave","floor":18.0,"key":"SMITH"},{"data":"Burning Pact","floor":26.0,"key":"SMITH"},{"data":"Feel No Pain","floor":28.0,"key":"SMITH"},{"data":"Battle Trance","floor":32.0,"key":"SMITH"},{"data":"Power Through","floor":36.0,"key":"SMITH"},{"data":"Second Wind","floor":39.0,"key":"SMITH"},{"floor":57.0,"key":"RECALL"},{"data":"Feel No Pain","floor":58.0,"key":"SMITH"}],"circlet_count":0,"master_deck":["AscendersBane","Defend_R","Defend_R","Bash+1","Entrench","Intimidate","Shrug It Off","Evolve+1","Anger+1","Reckless Charge","Second Wind+1","Shockwave+1","Fire Breathing+1","Burning Pact+1","Feel No Pain+1","Battle Trance+1","Power Through+1","Impervious","Immolate+1","Burning Pact+1","Burning Pact+1","Sentinel","Parasite","Feel No Pain+1","Rage+1","Power Through"],"relics":["Burning Blood","Dota2Spire:MonkeyKingBar","Dota2Spire:BladeMail","Charon\u0027s Ashes","Dota2Spire:LotusOrb","Mark of Pain","Dota2Spire:AssaultCuirass","Dota2Spire:BattleFury","Self Forming Clay","Runic Pyramid","Astrolabe","Shuriken","Dota2Spire:EyeOfSkadi","Blue Candle","Dead Branch"],"acts_visited":["Exordium","TheCity","TheBeyond"],"potions_floor_usage":[],"damage_taken":[{"damage":24.0,"enemies":"Jaw Worm","floor":1.0,"turns":5.0},{"damage":7.0,"enemies":"Small Slimes","floor":4.0,"turns":4.0},{"damage":0.0,"enemies":"2 Louse","floor":7.0,"turns":3.0},{"damage":1.0,"enemies":"2 Fungi Beasts","floor":9.0,"turns":3.0},{"damage":21.0,"enemies":"Gremlin Nob","floor":12.0,"turns":4.0},{"damage":8.0,"enemies":"Red Slaver","floor":13.0,"turns":3.0},{"damage":0.0,"enemies":"Blue Slaver","floor":14.0,"turns":1.0},{"damage":4.0,"enemies":"Lagavulin","floor":15.0,"turns":5.0},{"damage":22.0,"enemies":"Slime Boss","floor":19.0,"turns":5.0},{"damage":18.0,"enemies":"Shell Parasite","floor":21.0,"turns":4.0},{"damage":13.0,"enemies":"Spheric Guardian","floor":23.0,"turns":4.0},{"damage":0.0,"enemies":"3 Cultists","floor":25.0,"turns":4.0},{"damage":4.0,"enemies":"Centurion and Healer","floor":27.0,"turns":4.0},{"damage":0.0,"enemies":"Snecko","floor":29.0,"turns":3.0},{"damage":0.0,"enemies":"Book of Stabbing","floor":33.0,"turns":4.0},{"damage":4.0,"enemies":"Sentry and Sphere","floor":34.0,"turns":3.0},{"damage":2.0,"enemies":"Gremlin Leader","floor":35.0,"turns":4.0},{"damage":3.0,"enemies":"Automaton","floor":37.0,"turns":6.0},{"damage":0.0,"enemies":"Automaton","floor":40.0,"turns":6.0},{"damage":0.0,"enemies":"3 Shapes","floor":42.0,"turns":1.0},{"damage":0.0,"enemies":"Orb Walker","floor":43.0,"turns":3.0},{"damage":9.0,"enemies":"4 Shapes","floor":44.0,"turns":2.0},{"damage":18.0,"enemies":"Writhing Mass","floor":45.0,"turns":4.0},{"damage":10.0,"enemies":"Transient","floor":46.0,"turns":6.0},{"damage":11.0,"enemies":"Jaw Worm Horde","floor":47.0,"turns":2.0},{"damage":0.0,"enemies":"Giant Head","floor":48.0,"turns":6.0},{"damage":0.0,"enemies":"Sphere and 2 Shapes","floor":49.0,"turns":1.0},{"damage":0.0,"enemies":"Nemesis","floor":52.0,"turns":5.0},{"damage":0.0,"enemies":"Giant Head","floor":54.0,"turns":6.0},{"damage":0.0,"enemies":"3 Darklings","floor":55.0,"turns":2.0},{"damage":4.0,"enemies":"Writhing Mass","floor":56.0,"turns":4.0},{"damage":54.0,"enemies":"Donu and Deca","floor":59.0,"turns":10.0},{"damage":39,"enemies":"Awakened One","floor":60,"turns":9}],"seed_played":"841918236910785506","potions_obtained":[{"floor":7.0,"key":"PowerPotion"},{"floor":9.0,"key":"Dota2Spire:Clarity"},{"floor":13.0,"key":"GamblersBrew"},{"floor":19.0,"key":"CultistPotion"},{"floor":37.0,"key":"DuplicationPotion"}],"is_trial":false,"path_per_floor":["M","?","$","M","?","R","M","R","M","T","T","E","M","M","E","?","R","R","B",null,"M","?","M","?","M","R","M","R","M","T","$","R","E","M","E","R","B",null,"R","B",null,"M","M","M","M","M","M","E","M","T","T","E","?","E","M","M","R","R","B","B"],"character_chosen":"IRONCLAD","items_purchased":["Evolve","Anger","Power Through"],"campfire_rested":0,"item_purchase_floors":[3,3,31],"current_hp_per_floor":[32,25,25,24,24,24,30,30,35,35,35,20,18,24,26,26,26,26,10,59,47,47,40,40,46,46,48,48,54,54,54,54,60,62,66,66,69,69,69,75,75,75,75,72,60,56,51,57,63,68,68,74,74,80,80,80,80,80,32,0,0],"gold":481,"neow_bonus":"TRANSFORM_TWO_CARDS","is_daily":false,"chose_seed":false,"campfire_upgraded":10,"win_rate":0.0,"timestamp":1614248326,"path_taken":["M","?","$","M","?","R","M","R","M","T","T","E","M","M","E","?","R","R","BOSS","M","?","?","?","M","R","M","R","?","T","$","R","E","?","E","R","BOSS","R","BOSS","M","M","M","M","M","M","E","M","T","T","E","?","E","?","M","R","R","BOSS","BOSS"],"items_purchased_type":["Card","Card","Card"],"build_version":"2020-12-22","purchased_purges":1,"victory":false,"max_hp_per_floor":[75,75,75,75,75,75,75,75,75,75,75,75,75,75,75,75,75,75,75,75,75,75,75,75,75,75,75,75,75,75,75,75,75,75,75,75,75,75,75,75,75,75,75,75,75,75,75,75,75,80,80,80,80,80,80,80,80,80,80,80,80],"card_choices":[{"not_picked":["Seeing Red","Iron Wave"],"picked":"Shrug It Off","floor":1.0},{"not_picked":["Entrench","Sword Boomerang"],"picked":"Cleave","floor":4.0},{"not_picked":["Clothesline","Warcry"],"picked":"Reckless Charge","floor":7.0},{"not_picked":["Sword Boomerang","Cleave"],"picked":"Second Wind","floor":9.0},{"not_picked":["Demon Form","Warcry"],"picked":"Shockwave","floor":12.0},{"not_picked":["Iron Wave","Burning Pact"],"picked":"Fire Breathing","floor":13.0},{"not_picked":["Fire Breathing","Iron Wave","Heavy Blade"],"picked":"SKIP","floor":14.0},{"not_picked":["Perfected Strike","Heavy Blade","Clothesline"],"picked":"SKIP","floor":15.0},{"not_picked":["True Grit","Searing Blow"],"picked":"Burning Pact","floor":21.0},{"not_picked":["Blood for Blood","Twin Strike"],"picked":"Feel No Pain","floor":23.0},{"not_picked":["Armaments","Dropkick","Clothesline+1"],"picked":"SKIP","floor":25.0},{"not_picked":["Rupture","Brutality","Anger"],"picked":"SKIP","floor":27.0},{"not_picked":["Inflame","Dual Wield"],"picked":"Battle Trance","floor":29.0},{"not_picked":["Twin Strike","Evolve","Cleave"],"picked":"SKIP","floor":33.0},{"not_picked":["Armaments","Sword Boomerang","Metallicize"],"picked":"SKIP","floor":34.0},{"not_picked":["Metallicize","Armaments","Carnage"],"picked":"SKIP","floor":35.0},{"not_picked":["Double Tap","Reaper"],"picked":"Impervious","floor":40.0},{"not_picked":["Clash+1","Battle Trance","Metallicize"],"picked":"SKIP","floor":42.0},{"not_picked":["True Grit","Pommel Strike","Warcry"],"picked":"SKIP","floor":43.0},{"not_picked":["Searing Blow+1","Combust"],"picked":"Sentinel","floor":44.0},{"not_picked":["Sword Boomerang+1","Reckless Charge+1"],"picked":"Feel No Pain","floor":45.0},{"not_picked":["Flex","Inflame","Pommel Strike+1"],"picked":"SKIP","floor":46.0},{"not_picked":["Blood for Blood","Combust+1","Anger+1"],"picked":"SKIP","floor":47.0},{"not_picked":["Clash+1","Clothesline","Berserk"],"picked":"SKIP","floor":48.0},{"not_picked":["Clothesline","Fire Breathing","Sword Boomerang"],"picked":"SKIP","floor":49.0},{"not_picked":["Second Wind+1","Bloodletting+1"],"picked":"Rage","floor":52.0},{"not_picked":["Entrench","Warcry","Iron Wave"],"picked":"SKIP","floor":54.0},{"not_picked":["Rupture","Perfected Strike"],"picked":"Power Through","floor":55.0},{"not_picked":["True Grit","Thunderclap+1","Pummel+1"],"picked":"SKIP","floor":56.0}],"player_experience":2519604,"relics_obtained":[{"floor":10.0,"key":"Dota2Spire:MonkeyKingBar"},{"floor":11.0,"key":"Dota2Spire:BladeMail"},{"floor":12.0,"key":"Charon\u0027s Ashes"},{"floor":15.0,"key":"Dota2Spire:LotusOrb"},{"floor":30.0,"key":"Dota2Spire:AssaultCuirass"},{"floor":33.0,"key":"Dota2Spire:BattleFury"},{"floor":35.0,"key":"Self Forming Clay"},{"floor":48.0,"key":"Shuriken"},{"floor":50.0,"key":"Dota2Spire:EyeOfSkadi"},{"floor":52.0,"key":"Blue Candle"},{"floor":54.0,"key":"Dead Branch"}],"event_choices":[{"cards_removed":["Defend_R"],"damage_healed":0.0,"max_hp_gain":0.0,"max_hp_loss":0.0,"gold_gain":0.0,"event_name":"Golden Wing","player_choice":"Card Removal","floor":2.0,"gold_loss":0.0,"damage_taken":7.0},{"damage_healed":0.0,"max_hp_gain":0.0,"max_hp_loss":0.0,"gold_gain":0.0,"event_name":"Scrap Ooze","player_choice":"Fled","floor":5.0,"gold_loss":0.0,"damage_taken":0.0},{"damage_healed":0.0,"max_hp_gain":0.0,"max_hp_loss":0.0,"gold_gain":0.0,"event_name":"Living Wall","player_choice":"Grow","floor":16.0,"gold_loss":0.0,"damage_taken":0.0,"cards_upgraded":["Evolve"]},{"damage_healed":0.0,"max_hp_gain":0.0,"max_hp_loss":0.0,"gold_gain":0.0,"cards_transformed":["Strike_R"],"event_name":"Transmorgrifier","player_choice":"Transformed","floor":22.0,"gold_loss":0.0,"damage_taken":0.0,"cards_obtained":["Sever Soul"]},{"cards_removed":["Strike_R"],"damage_healed":0.0,"max_hp_gain":0.0,"max_hp_loss":0.0,"gold_gain":0.0,"event_name":"Designer","player_choice":"Upgrade and Remove","floor":24.0,"gold_loss":110.0,"damage_taken":0.0,"cards_upgraded":["Strike_R"]},{"damage_healed":0.0,"max_hp_gain":0.0,"max_hp_loss":0.0,"gold_gain":0.0,"event_name":"Upgrade Shrine","player_choice":"Upgraded","floor":53.0,"gold_loss":0.0,"damage_taken":0.0,"cards_upgraded":["Rage"]}],"is_beta":false,"boss_relics":[{"not_picked":["Ectoplasm","Runic Dome"],"picked":"Mark of Pain"},{"not_picked":["SacredBark","Velvet Choker"],"picked":"Runic Pyramid"},{"not_picked":["Busted Crown","Tiny House"],"picked":"Astrolabe"}],"items_purged_floors":[31],"is_endless":false,"potions_floor_spawned":[7,9,13,14,19,27,33,35,37,40,42,43,45,52,54,55],"killed_by":"Awakened One","ascension_level":20}}