{"host":"flm17o2q7bfjyna6","time":1614218083,"event":{"mods":["2.2 Compatiblity","Act Like it!","BaseMod","Better Altar","Better Match","Better Note","Better Sensory Stone","Better Skull","Better Third Choice","Better Vampires","Colored Map","Colored Powertips","DeckTracker","Downfall","Fox Events","Minty Spire (QoL Compilation)","Quick Restart","Reworked Bosses","Spicy Shops","StSLib","TheSwordswoman","Wandering Minibosses"],"gold_per_floor":[99,99,99,99,99,99,99,110,141,52,152,52,86,106,122,226,226,226,244,169,169,54,54,128,165,165,177,192,222,222,222,242,341,341,341,351,6,22,39,73,73,73,65,340,240,270,270,288,663,563],"floor_reached":51,"language":"ENG","playtime":3751,"items_purged":["champ:Strike","champ:Defend","champ:Strike"],"score":890,"play_id":"5c13aec3-fb83-42e4-acaf-33caf005251f","local_time":"20210224205443","is_ascension_mode":true,"campfire_choices":[{"floor":1,"key":"RECALL"},{"data":"champ:FaceSlap","floor":12,"key":"SMITH"},{"data":"champ:GladiatorForm","floor":18,"key":"SMITH"},{"data":"champ:UltimateStance","floor":23,"key":"SMITH"},{"data":"champ:FanOfKnives","floor":26,"key":"SMITH"},{"data":"champ:Taunt","floor":30,"key":"SMITH"},{"data":"champ:LastStand","floor":35,"key":"SMITH"},{"floor":45,"key":"REST"},{"data":"champ:StanceDance","floor":47,"key":"SMITH"}],"circlet_count":0,"master_deck":["champ:Strike","champ:Defend","champ:Defend","champ:Defend","champ:Execute","champ:Taunt+1","champ:PerfectedStrike","champ:BringItOn","champ:FanOfKnives+1","champ:EnGarde","champ:FaceSlap+1","champ:StanceDance+1","champ:TornadoPunch","champ:Devastate","champ:GutPunch","champ:FancyFootwork+1","champ:EnGarde","champ:GladiatorForm+1","CurseOfTheBell","champ:UltimateStance+1","champ:ShieldSigil+1","champ:EndlessRage+1","champ:IronFortress+1","champ:Shatter","champ:RageSigil","champ:IronFortress+1","champ:SkillfulDodge+1","champ:LastStand+1","champ:ArenaPreparation+1","Swift Strike","champ:AdrenalArmor+1","champ:StanceDance+1","champ:SwordSigil","champ:FalseCounter+1","Regret","champ:Encircle+1","champ:Improvising"],"relics":["champ:ChampionCrown","downfall:HeartsMalice","Gremlin Horn","Toy Ornithopter","Champion Belt","downfall:HeartBlessingRed","hexamod:BolsterEngine","Calling Bell","Lantern","Sundial","TungstenRod","bronze:DecasWashers","Juzu Bracelet","champ:PowerArmor","Question Card","hexamod:Sixitude","Regal Pillow","Bag of Preparation","Medical Kit","downfall:HeartBlessingBlue","War Paint","wanderingMiniBosses:LockLocket"],"acts_visited":["Exordium","TheCity","TheBeyond"],"potions_floor_usage":[29,33,33,38,39,40,50,50,50],"damage_taken":[{"damage":0,"enemies":"Small Slimes","floor":2,"turns":1},{"damage":0,"enemies":"Cultist","floor":3,"turns":1},{"damage":0,"enemies":"2 Louse","floor":5,"turns":1},{"damage":0,"enemies":"Exordium Wildlife","floor":8,"turns":3},{"damage":22,"enemies":"Gremlin Nob","floor":9,"turns":5},{"damage":20,"enemies":"downfall:FleeingMerchant","floor":10,"turns":6},{"damage":8,"enemies":"downfall:FleeingMerchant","floor":11,"turns":3},{"damage":12,"enemies":"3 Sentries","floor":13,"turns":4},{"damage":18,"enemies":"3 Louse","floor":14,"turns":2},{"damage":1,"enemies":"downfall:LooterAlt","floor":15,"turns":2},{"damage":55,"enemies":"DF_ARCHETYPE_STREAMLINE","floor":16,"turns":12},{"damage":16,"enemies":"downfall:LooterAlt2","floor":19,"turns":4},{"damage":4,"enemies":"downfall:FleeingMerchant","floor":22,"turns":4},{"damage":22,"enemies":"3 Byrds","floor":25,"turns":5},{"damage":29,"enemies":"3 Cultists","floor":27,"turns":5},{"damage":55,"enemies":"Centurion and Healer","floor":28,"turns":7},{"damage":25,"enemies":"Slavers","floor":29,"turns":5},{"damage":82,"enemies":"Snecko","floor":32,"turns":6},{"damage":70,"enemies":"IC_MUSHROOM_ARCHETYPE","floor":33,"turns":9},{"damage":21,"enemies":"Orb Walker","floor":36,"turns":3},{"damage":33,"enemies":"downfall:FleeingMerchant","floor":37,"turns":4},{"damage":18,"enemies":"3 Shapes","floor":38,"turns":4},{"damage":48,"enemies":"downfall:FleeingMerchant","floor":39,"turns":5},{"damage":149,"enemies":"Nemesis","floor":40,"turns":9},{"damage":0,"enemies":"downfall:FleeingMerchant","floor":43,"turns":1},{"damage":52,"enemies":"Giant Head","floor":46,"turns":7},{"damage":99,"enemies":"Maw","floor":48,"turns":8},{"damage":41,"enemies":"Transient","floor":49,"turns":6},{"damage":50,"enemies":"WA_ARCHETYPE_DIVINITY","floor":50,"turns":6}],"seed_played":"-1109466248624322888","potions_obtained":[{"floor":8,"key":"Slimebound:ThreeZeroPotion"},{"floor":9,"key":"SteroidPotion"},{"floor":11,"key":"champ:UltimateStancePotion"},{"floor":29,"key":"hexamod:SoulburnPotion"},{"floor":31,"key":"Slimebound:ThreeZeroPotion"},{"floor":33,"key":"Fruit Juice"},{"floor":36,"key":"Weak Potion"},{"floor":38,"key":"PowerPotion"},{"floor":46,"key":"BlessingOfTheForge"},{"floor":48,"key":"DuplicationPotion"}],"is_trial":false,"path_per_floor":["R","M","M","?","M","?","T","M","E","$","?","R","E","M","M","B",null,"R","M","?","?","$","R","T","M","R","M","M","E","R","?","M","B",null,"R","M","$","M","$","E","T","?","$","?","R","E","R","M","M","B",null],"character_chosen":"THE_CHAMP","items_purchased":["champ:TornadoPunch","Question Card","Swift Strike","Regal Pillow","Bag of Preparation","Medical Kit"],"campfire_rested":1,"item_purchase_floors":[10,37,37,43,43,43],"current_hp_per_floor":[90,90,90,90,90,90,90,90,78,68,65,65,58,50,49,9,90,90,84,84,84,85,85,85,88,88,79,64,74,74,74,27,22,90,90,90,90,95,95,16,16,16,16,16,72,80,80,36,30,21],"gold":563,"neow_bonus":"THREE_ENEMY_KILL","is_daily":false,"chose_seed":false,"campfire_upgraded":7,"win_rate":0.0,"timestamp":1614218083,"path_taken":["R","M","M","?","?","?","T","M","E","$","?","R","E","M","M","BOSS","R","M","?","?","$","R","T","?","R","M","M","E","R","?","M","BOSS","R","M","$","M","$","E","T","?","?","?","R","E","R","M","M","BOSS"],"items_purchased_type":["Card","Relic","Card","Relic","Relic","Relic"],"build_version":"2020-12-22","purchased_purges":3,"victory":true,"max_hp_per_floor":[90,90,90,90,90,90,90,90,90,90,90,90,90,90,90,90,90,90,90,90,90,90,90,90,90,90,90,90,90,90,90,90,90,90,90,90,90,95,95,95,95,95,95,95,105,105,105,105,105,105],"card_choices":[{"not_picked":["champ:FlashCut","champ:DeathBlow"],"picked":"champ:PerfectedStrike","floor":2},{"not_picked":["champ:EnragedBash","champ:Shatter"],"picked":"champ:BringItOn","floor":3},{"not_picked":["champ:Circumvent","champ:PerfectedStrike"],"picked":"champ:FanOfKnives","floor":5},{"not_picked":["champ:ShieldSigil","champ:IgnorePain"],"picked":"champ:EnGarde","floor":8},{"not_picked":["champ:SwordSigil","champ:ViciousMockery"],"picked":"champ:FaceSlap","floor":9},{"not_picked":["champ:BerserkersShout","champ:BringItOn"],"picked":"champ:StanceDance","floor":10},{"not_picked":["champ:FanOfKnives","champ:ArenaPreparation"],"picked":"champ:Devastate","floor":11},{"not_picked":["champ:CrookedStrike","champ:Circumvent"],"picked":"champ:GutPunch","floor":13},{"not_picked":["champ:PreemptiveStrike","champ:BringItOn"],"picked":"champ:FancyFootwork","floor":14},{"not_picked":["champ:FocusedBerserking","champ:Haymaker"],"picked":"champ:EnGarde","floor":15},{"not_picked":["champ:HeavySlash","champ:LastStand"],"picked":"champ:GladiatorForm","floor":16},{"not_picked":["champ:PerfectedStrike","champ:RageSigil"],"picked":"champ:UltimateStance","floor":19},{"not_picked":["champ:Shatter+1","champ:BladeFlurry+1"],"picked":"champ:ShieldSigil+1","floor":20},{"not_picked":["champ:Endure+1","champ:Parry+1"],"picked":"champ:EndlessRage+1","floor":20},{"not_picked":["champ:CrownThrow","champ:StanceDance"],"picked":"champ:IronFortress+1","floor":22},{"not_picked":["champ:GutPunch","champ:FanOfKnives"],"picked":"champ:Shatter","floor":25},{"not_picked":["champ:GutPunch","champ:Parry"],"picked":"champ:RageSigil","floor":27},{"not_picked":["champ:GutPunch","champ:ShieldSigil"],"picked":"champ:IronFortress+1","floor":28},{"not_picked":["champ:TornadoPunch+1","champ:CrookedStrike"],"picked":"champ:SkillfulDodge","floor":29},{"not_picked":["champ:ShieldSigil+1","champ:Endure+1","champ:Duel"],"picked":"SKIP","floor":32},{"not_picked":["champ:EnchantShield","champ:StrikeOfGenius"],"picked":"champ:LastStand","floor":33},{"not_picked":["champ:Circumvent","champ:PreciseThrust"],"picked":"champ:ArenaPreparation+1","floor":36},{"not_picked":["champ:EnGarde+1","champ:DefensiveShout","champ:BladeFlurry"],"picked":"SKIP","floor":37},{"not_picked":["champ:RecklessLeap","champ:DefensiveShout+1","champ:CrownThrow"],"picked":"champ:AdrenalArmor+1","floor":38},{"not_picked":["champ:BerserkerStyle","champ:Haymaker","champ:CrownThrow+1"],"picked":"champ:StanceDance+1","floor":39},{"not_picked":["champ:BerserkersShout","champ:StanceDance+1","champ:RageSigil"],"picked":"champ:SwordSigil","floor":40},{"not_picked":["champ:BringItOn","champ:DeathBlow","champ:Backstep"],"picked":"champ:FalseCounter+1","floor":43},{"not_picked":["champ:CrownThrow+1","champ:AdrenalArmor","champ:DefensiveShout+1"],"picked":"champ:Encircle+1","floor":46},{"not_picked":["champ:PerfectedStrike+1","champ:EnGarde+1","champ:TornadoPunch"],"picked":"champ:Improvising","floor":48},{"not_picked":["champ:Shatter+1","champ:Haymaker+1","champ:AdrenalArmor+1","champ:Backstep"],"picked":"SKIP","floor":49}],"player_experience":2009122,"relics_obtained":[{"floor":7,"key":"Gremlin Horn"},{"floor":9,"key":"Toy Ornithopter"},{"floor":11,"key":"Champion Belt"},{"floor":13,"key":"hexamod:BolsterEngine"},{"floor":17,"key":"Lantern"},{"floor":17,"key":"Sundial"},{"floor":17,"key":"TungstenRod"},{"floor":24,"key":"bronze:DecasWashers"},{"floor":29,"key":"Juzu Bracelet"},{"floor":40,"key":"hexamod:Sixitude"},{"floor":46,"key":"War Paint"},{"floor":49,"key":"wanderingMiniBosses:LockLocket"}],"event_choices":[{"damage_healed":0,"gold_gain":0,"player_choice":"2","damage_taken":0,"max_hp_gain":0,"max_hp_loss":0,"event_name":"betterMatch:BetterMatch","floor":20,"gold_loss":0,"cards_obtained":["betterMatch:CommonCard","betterMatch:UncommonCard"]},{"damage_healed":0,"gold_gain":0,"player_choice":"Got Potions","damage_taken":0,"max_hp_gain":0,"max_hp_loss":0,"event_name":"Lab","floor":31,"gold_loss":0}],"is_beta":false,"boss_relics":[{"not_picked":["Black Star","Sozu"],"picked":"Calling Bell"},{"not_picked":["Busted Crown","Pandora\u0027s Box"],"picked":"champ:PowerArmor"}],"items_purged_floors":[10,22,37],"is_endless":false,"potions_floor_spawned":[8,9,11,14,25,29,32,33,36,38,46,48],"ascension_level":4}}