{"host":"d52brwsy6af8zvaq","time":1614273395,"event":{"mods":["AchievementEnabler","BaseMod","Bestiary","Highlight Path","Minty Spire (QoL Compilation)","Quick Restart","Relic Stats","ojb\u0027s Better Paths Mod"],"gold_per_floor":[116,130,205,205,215,249,249,280,280,280,295,295,260,291,291,365,365,365,365,365,365,365,365,365],"floor_reached":23,"language":"ENG","playtime":1290,"items_purged":[],"score":418,"play_id":"bbe5c999-055a-447a-a70d-2c6d89bc4dbf","local_time":"20210225101635","is_ascension_mode":true,"campfire_choices":[{"data":"Static Discharge","floor":10.0,"key":"SMITH"},{"data":"Dualcast","floor":12.0,"key":"SMITH"},{"data":"Genetic Algorithm","floor":15.0,"key":"SMITH"}],"circlet_count":0,"master_deck":["AscendersBane","Strike_B","Strike_B","Strike_B","Strike_B","Defend_B","Defend_B","Defend_B","Defend_B","Zap+1","Dualcast+1","Cold Snap","Glacier","Static Discharge+1","Undo","Capacitor","Parasite","Self Repair","Genetic Algorithm+1","Compile Driver","Electrodynamics","Hologram","Decay","Defragment","Defragment"],"relics":["Cracked Core","Question Card","Mummified Hand","Pantograph","Symbiotic Virus","Ectoplasm"],"acts_visited":["Exordium","TheCity"],"potions_floor_usage":[],"damage_taken":[{"damage":6.0,"enemies":"2 Louse","floor":1.0,"turns":3.0},{"damage":4.0,"enemies":"Small Slimes","floor":2.0,"turns":3.0},{"damage":0.0,"enemies":"Jaw Worm","floor":5.0,"turns":3.0},{"damage":7.0,"enemies":"Lagavulin","floor":6.0,"turns":10.0},{"damage":26.0,"enemies":"Gremlin Nob","floor":8.0,"turns":5.0},{"damage":7.0,"enemies":"Exordium Wildlife","floor":11.0,"turns":6.0},{"damage":5.0,"enemies":"Lagavulin","floor":14.0,"turns":9.0},{"damage":38.0,"enemies":"Hexaghost","floor":16.0,"turns":11.0},{"damage":12.0,"enemies":"Spheric Guardian","floor":18.0,"turns":5.0},{"damage":7.0,"enemies":"3 Byrds","floor":21.0,"turns":4.0},{"damage":9.0,"enemies":"Snake Plant","floor":22.0,"turns":3.0},{"damage":58,"enemies":"Gremlin Leader","floor":23,"turns":4}],"seed_played":"5885418731079273143","potions_obtained":[{"floor":5.0,"key":"PotionOfCapacity"},{"floor":6.0,"key":"Weak Potion"},{"floor":14.0,"key":"Dexterity Potion"}],"is_trial":false,"path_per_floor":["M","M","?","?","M","E","?","E","T","R","M","R","?","E","R","B",null,"M","?","?","M","M","E"],"character_chosen":"DEFECT","items_purchased":[],"campfire_rested":0,"item_purchase_floors":[],"current_hp_per_floor":[58,54,43,43,43,36,53,27,27,27,27,27,44,46,46,40,63,58,58,58,58,49,0,0],"gold":365,"neow_bonus":"THREE_CARDS","is_daily":false,"chose_seed":false,"campfire_upgraded":3,"win_rate":0.0,"timestamp":1614273395,"path_taken":["M","M","?","?","M","E","?","E","T","R","M","R","?","E","R","BOSS","M","?","?","M","M","E"],"items_purchased_type":[],"build_version":"2020-12-22","purchased_purges":0,"victory":false,"max_hp_per_floor":[71,71,71,71,71,71,71,71,71,71,71,71,71,71,71,71,71,71,71,71,71,71,71,71],"relic_stats":{"counters":[12,66],"Mummified Hand":[28],"Pantograph":25,"Ectoplasm":45,"Question Card":8,"obtain_stats":[{"Mummified Hand":8,"Pantograph":9,"Ectoplasm":17,"Cracked Core":0,"Question Card":6,"Symbiotic Virus":14},{"Mummified Hand":5,"Pantograph":5,"Ectoplasm":8,"Cracked Core":0,"Question Card":4,"Symbiotic Virus":7},{"Mummified Hand":24,"Pantograph":24,"Ectoplasm":50,"Cracked Core":0,"Question Card":19,"Symbiotic Virus":39}]},"card_choices":[{"not_picked":["Conserve Battery","Consume"],"picked":"Cold Snap","floor":0.0},{"not_picked":["Steam","Hologram"],"picked":"Glacier","floor":1.0},{"not_picked":["Double Energy","Rebound"],"picked":"Static Discharge","floor":2.0},{"not_picked":["Heatsinks","Stack"],"picked":"Undo","floor":5.0},{"not_picked":["Rebound","Cold Snap"],"picked":"Capacitor","floor":6.0},{"not_picked":["Chill","Loop","Turbo"],"picked":"Self Repair","floor":8.0},{"not_picked":["Skim","Steam","Thunder Strike"],"picked":"Genetic Algorithm","floor":11.0},{"not_picked":["Gash","Redo","Undo"],"picked":"Compile Driver","floor":14.0},{"not_picked":["Hyperbeam","Multi-Cast","Thunder Strike"],"picked":"Electrodynamics","floor":16.0},{"not_picked":["Barrage","Leap","Compile Driver"],"picked":"Hologram","floor":18.0},{"not_picked":["Redo","Double Energy","Sweeping Beam"],"picked":"Defragment","floor":21.0},{"not_picked":["BootSequence","Beam Cell","Sweeping Beam+1"],"picked":"Defragment","floor":22.0}],"player_experience":2369300,"relics_obtained":[{"floor":6.0,"key":"Question Card"},{"floor":8.0,"key":"Mummified Hand"},{"floor":9.0,"key":"Pantograph"},{"floor":14.0,"key":"Symbiotic Virus"}],"event_choices":[{"damage_healed":0.0,"max_hp_gain":0.0,"max_hp_loss":0.0,"gold_gain":75.0,"event_name":"World of Goop","player_choice":"Gather Gold","floor":3.0,"gold_loss":0.0,"damage_taken":11.0},{"damage_healed":0.0,"max_hp_gain":0.0,"max_hp_loss":0.0,"gold_gain":0.0,"event_name":"Living Wall","player_choice":"Grow","floor":4.0,"gold_loss":0.0,"damage_taken":0.0,"cards_upgraded":["Zap"]},{"damage_healed":17.0,"max_hp_gain":0.0,"max_hp_loss":0.0,"gold_gain":0.0,"event_name":"Mushrooms","player_choice":"Healed and dodged fight","floor":7.0,"gold_loss":0.0,"damage_taken":0.0,"cards_obtained":["Parasite"]},{"damage_healed":17.0,"max_hp_gain":0.0,"max_hp_loss":0.0,"gold_gain":0.0,"event_name":"The Cleric","player_choice":"Healed","floor":13.0,"gold_loss":35.0,"damage_taken":0.0},{"damage_healed":0.0,"max_hp_gain":0.0,"max_hp_loss":0.0,"gold_gain":0.0,"event_name":"Ghosts","player_choice":"Ignored","floor":19.0,"gold_loss":0.0,"damage_taken":0.0},{"damage_healed":0.0,"max_hp_gain":0.0,"max_hp_loss":0.0,"gold_gain":0.0,"event_name":"Forgotten Altar","player_choice":"Smashed Altar","floor":20.0,"gold_loss":0.0,"damage_taken":0.0,"cards_obtained":["Decay"]}],"is_beta":false,"boss_relics":[{"not_picked":["Tiny House","Runic Dome"],"picked":"Ectoplasm"}],"items_purged_floors":[],"is_endless":false,"potions_floor_spawned":[5,6,14],"killed_by":"Gremlin Leader","ascension_level":20}}