{"host":"c3mohl8225ccym5l","time":1614246064,"event":{"mods":["Act Like it!","BaseMod","Beaked The Cultist","BetterRewards","Card Forge","Downfall","Duelist Mod","Glutton Mod","GungeonMod","Hallownest","Hermit","Ironclad Rager","Jorbs\u0027s Wanderer Trilogy","Marisa????????","Marked Mod","Minty Spire (QoL Compilation)","Pikachu Mod","Shade Mod","Shop Mod","StSLib","Td1madao Mod","The Administrix","The Blackbeard","The Bladedancer","The Bug Knight","The Clintock","The Construct","The Cursed","The Disciple","The Hierophant","The Jungle","The Kombatant","The Marked","The Necromancer","The Poker Player","The Senshi","The Servant 0.9.4","The Wild Card","TheBandit","TheFirefly","TheVacant","Yuri Mod"],"gold_per_floor":[116,128,138,148,162,188,188,206,206,264,294,307,117,137,137,259,309,329,363,17,37,37,37,53,53,53,53,63,74,110,146,182,182,182,297,297,314,333,333,373,373,398,412,236,236,114,144,183,183,216,216,236,236,236,112,140,160],"floor_reached":58,"language":"ENG","playtime":2904,"items_purged":["blademaster:WrongfulFootwork","blackbeard:BlackbeardStrike+1","blackbeard:IntimidatingStrike+1"],"score":1466,"play_id":"6ef0a322-ffd3-495e-b272-475bcdb87610","local_time":"20210225034104","is_ascension_mode":false,"campfire_choices":[{"floor":15,"key":"REST"},{"floor":23,"key":"RECALL"},{"floor":27,"key":"REST"},{"floor":33,"key":"REST"},{"floor":49,"key":"REST"},{"floor":51,"key":"REST"},{"floor":54,"key":"REST"}],"circlet_count":0,"master_deck":["blackbeard:BlackbeardDefend+1","blackbeard:BlackbeardDefend+1","blackbeard:BlackbeardDefend+1","blackbeard:Cutlass+1","blackbeard:Anchor+1","blackbeard:Rum+1","blackbeard:RearmingStrike+1","blackbeard:FieryDefense+1","blackbeard:InfiniteBarrage+1","blackbeard:WiseDefense+1","blackbeard:CloakAndCannonball+1","blackbeard:Rum+1","blackbeard:CloakAndCannonball+1","blackbeard:GoldenDefense+1","blackbeard:GoldenDefense+1","blackbeard:BountyHunter+1","blackbeard:GoldenStrike+1","blackbeard:Salvager+1","blackbeard:CannonBarrage+1","blackbeard:GoldenStrike+1","blackbeard:GoldenStrike+1","blackbeard:Rum+1","blackbeard:GoldenCannonball+1","blackbeard:GoldenRain+1","blackbeard:InfiniteBarrage+1","blackbeard:InfiniteBarrage+1","blackbeard:FinalBarrage+1","blackbeard:GoldenStrike+1","blackbeard:GoldenStrike+1","Parasite","blackbeard:GoldenCannonball+1","blackbeard:GoldenStrike+1","blackbeard:BountyHunter+1","blackbeard:GoldenCannonball+1","HandOfGreed+1","blackbeard:InfiniteBarrage+1","blackbeard:GoldenStrike+1","blackbeard:RemoveScurvy+1"],"relics":["blackbeard:LoadTheCannons","Hammer of Thor","Seething Fire","Anvil of the Gods","Membership Card","Anchor","HollowMod:PaleOreRelic","DemoMod:Orange","Happy Flower","Ancient Tea Set","Toxic Egg 2","DemoMod:MeltedRock","Tiny House","DemoMod:GundromedaStrain","Lee\u0027s Waffle","Letter Opener","DemoMod:RatBoots","DemoMod:ResourcefulSack","DemoMod:PartiallyEatenCheese","construct:WeddingRing","DemoMod:WeirdEgg","DemoMod:Metronome","Mummified Hand","Meat on the Bone","DemoMod:GlassGuonStoneRelic","Blood Vial"],"acts_visited":["Exordium","TheCity","DemoMod:Maze","TheBeyond","TheEnding"],"potions_floor_usage":[3,6,11,34,34,42,56],"damage_taken":[{"damage":0,"enemies":"Jaw Worm","floor":1,"turns":2},{"damage":0,"enemies":"2 Louse","floor":2,"turns":2},{"damage":0,"enemies":"Small Slimes","floor":3,"turns":3},{"damage":2,"enemies":"3 Louse","floor":4,"turns":4},{"damage":0,"enemies":"Looter","floor":5,"turns":3},{"damage":13,"enemies":"Lagavulin","floor":6,"turns":8},{"damage":0,"enemies":"Exordium Wildlife","floor":8,"turns":3},{"damage":7,"enemies":"Lagavulin Event","floor":10,"turns":7},{"damage":0,"enemies":"Gremlin Nob","floor":11,"turns":2},{"damage":0,"enemies":"Gremlin Gang","floor":12,"turns":4},{"damage":0,"enemies":"Large Slime","floor":14,"turns":3},{"damage":1,"enemies":"The Guardian","floor":16,"turns":13},{"damage":0,"enemies":"3 Byrds","floor":18,"turns":5},{"damage":0,"enemies":"Centurion and Healer","floor":19,"turns":11},{"damage":0,"enemies":"Snecko","floor":21,"turns":3},{"damage":0,"enemies":"Cultist and Chosen","floor":24,"turns":6},{"damage":0,"enemies":"DemoMod:2_Veteran_bullet_kins_and_red_shotgun_kin","floor":28,"turns":1},{"damage":0,"enemies":"DemoMod:Veteran_shot_gun_kin_and_bullet_kin","floor":29,"turns":2},{"damage":0,"enemies":"DemoMod:Red_and_blue_shotgun_kin_with_gunsinger","floor":30,"turns":2},{"damage":0,"enemies":"DemoMod:Veteran_shot_gun_kin_and_blue_shotgun_kin_with_gunsinger","floor":31,"turns":3},{"damage":1,"enemies":"DemoMod:Veteran_shot_gun_kin_and_blue_shotgun_kin","floor":32,"turns":3},{"damage":29,"enemies":"DemoMod:ResourcefulRat","floor":34,"turns":15},{"damage":17,"enemies":"DemoMod:ResourcefulRat","floor":35,"turns":9},{"damage":0,"enemies":"Orb Walker","floor":37,"turns":2},{"damage":0,"enemies":"3 Shapes","floor":38,"turns":1},{"damage":8,"enemies":"4 Shapes","floor":40,"turns":3},{"damage":0,"enemies":"Nemesis","floor":42,"turns":5},{"damage":5,"enemies":"Writhing Mass","floor":43,"turns":4},{"damage":0,"enemies":"Reptomancer","floor":47,"turns":2},{"damage":5,"enemies":"Spire Growth","floor":48,"turns":5},{"damage":0,"enemies":"4 Shapes","floor":50,"turns":2},{"damage":48,"enemies":"Awakened One","floor":52,"turns":10},{"damage":24,"enemies":"Shield and Spear","floor":56,"turns":4},{"damage":13,"enemies":"The Heart","floor":57,"turns":6}],"seed_played":"2706355164886966561","potions_obtained":[{"floor":1,"key":"SpeedPotion"},{"floor":2,"key":"SkillPotion"},{"floor":10,"key":"DistilledChaos"},{"floor":17,"key":"SteroidPotion"},{"floor":19,"key":"SkillPotion"},{"floor":21,"key":"AttackPotion"},{"floor":35,"key":"GamblersBrew"},{"floor":43,"key":"Energy Potion"},{"floor":48,"key":"ColorlessPotion"}],"is_trial":false,"path_per_floor":["M","M","M","M","M","E","?","M","T","?","E","M","$","M","R","B",null,"M","M","$","M","$","R","M","?","T","R","M","M","M","M","M","R","B","B",null,"M","M","?","M","?","E","M","$","T","$","E","M","R","M","R","B",null,"R","$","E","B",null],"character_chosen":"BLACKBEARD_CLASS","items_purchased":["blackbeard:Anchor","blackbeard:Rum","Membership Card","blackbeard:RearmingStrike","Anchor","HollowMod:PaleOreRelic","DemoMod:GnawedKey","blackbeard:GoldenStrike","DemoMod:MeltedRock","DemoMod:GundromedaStrain","Lee\u0027s Waffle","Letter Opener","blackbeard:GoldenStrike","blackbeard:BountyHunter","DemoMod:Metronome","blackbeard:GoldenCannonball","HandOfGreed","blackbeard:GoldenStrike","blackbeard:RemoveScurvy+1"],"campfire_rested":6,"item_purchase_floors":[0,0,0,0,0,0,0,13,13,20,20,20,44,44,44,46,46,55,55],"current_hp_per_floor":[52,52,52,50,50,37,20,20,20,13,13,13,13,13,39,38,92,92,92,99,99,99,99,99,99,99,99,99,99,99,99,98,99,70,53,99,99,99,99,91,91,91,86,86,86,86,86,81,99,99,99,51,99,99,99,75,64],"gold":160,"neow_bonus":"","is_daily":false,"chose_seed":false,"campfire_upgraded":0,"win_rate":0.0,"timestamp":1614246064,"path_taken":["M","M","M","M","M","E","?","M","T","?","E","M","$","M","R","BOSS","M","M","$","M","$","R","M","?","T","R","M","M","M","M","M","R","BOSS","BOSS","M","?","?","M","?","E","M","$","T","?","E","M","R","M","R","BOSS","R","$","E","BOSS"],"items_purchased_type":["Card","Card","Relic","Card","Relic","Relic","Relic","Card","Relic","Relic","Relic","Relic","Card","Card","Relic","Card","Card","Card","Card"],"build_version":"2020-12-22","purchased_purges":3,"victory":true,"max_hp_per_floor":[87,87,87,87,87,87,87,87,87,87,87,87,87,87,87,87,92,92,92,99,99,99,99,99,99,99,99,99,99,99,99,99,99,99,99,99,99,99,99,99,99,99,99,99,99,99,99,99,99,99,99,99,99,99,99,99,99],"card_choices":[{"not_picked":["blackbeard:DeadlyArsenal","blackbeard:Recklessness"],"picked":"blackbeard:InfiniteBarrage","floor":1},{"not_picked":["blackbeard:Scrap","blackbeard:TacticalRetreat"],"picked":"blackbeard:WiseDefense","floor":2},{"not_picked":["blackbeard:Spear","blackbeard:Sword","blackbeard:MegaUpgrade"],"picked":"SKIP","floor":3},{"not_picked":["blackbeard:Sword","blackbeard:Dagger"],"picked":"blackbeard:CloakAndCannonball","floor":4},{"not_picked":["blackbeard:PowderKeg","blackbeard:DoubleBottom"],"picked":"blackbeard:Rum","floor":5},{"not_picked":["blackbeard:GoldenStrike","blackbeard:TacticalRetreat"],"picked":"blackbeard:CloakAndCannonball","floor":6},{"not_picked":["blackbeard:DangerousBlow","blackbeard:DeadlyArsenal"],"picked":"blackbeard:GoldenDefense","floor":8},{"not_picked":["blackbeard:FishingNets+1","blackbeard:Recklessness+1"],"picked":"blackbeard:GoldenDefense+1","floor":11},{"not_picked":["blackbeard:TacticalRetreat+1","blackbeard:WiseDefense+1"],"picked":"blackbeard:BountyHunter","floor":12},{"not_picked":["blackbeard:RearmingStrike","blackbeard:TacticalRetreat+1","blackbeard:Spear+1"],"picked":"SKIP","floor":14},{"not_picked":["blackbeard:UndeadForm","blackbeard:BoostMorale+1"],"picked":"blackbeard:Salvager","floor":16},{"not_picked":["blackbeard:Sharpening+1","blackbeard:WiseDefense+1"],"picked":"blackbeard:CannonBarrage+1","floor":17},{"not_picked":["blackbeard:Fencing+1","blackbeard:SwordDance+1","blackbeard:Spear+1"],"picked":"SKIP","floor":18},{"not_picked":["blackbeard:CaptainsCabin+1","blackbeard:Sword+1"],"picked":"blackbeard:GoldenStrike+1","floor":19},{"not_picked":["blackbeard:TacticalRetreat+1","blackbeard:DoubleCannonball","blackbeard:WeaponProficiency"],"picked":"SKIP","floor":21},{"not_picked":["blackbeard:TacticalRetreat+1","blackbeard:BeatUp+1"],"picked":"blackbeard:GoldenStrike","floor":24},{"not_picked":["blackbeard:DangerousBlow","blackbeard:TacticalRetreat+1","blackbeard:DoubleBottom+1"],"picked":"SKIP","floor":28},{"not_picked":["blackbeard:Toast+1","blackbeard:Fencing+1"],"picked":"blackbeard:GoldenCannonball","floor":29},{"not_picked":["blackbeard:Boarding","blackbeard:Dagger+1"],"picked":"blackbeard:GoldenRain","floor":30},{"not_picked":["blackbeard:Rum","blackbeard:WeaponProficiency+1"],"picked":"blackbeard:InfiniteBarrage+1","floor":31},{"not_picked":["blackbeard:Eyepatch","blackbeard:WoodenLeg"],"picked":"blackbeard:InfiniteBarrage","floor":32},{"not_picked":["blackbeard:PowerHungry+1","blackbeard:MegaUpgrade+1"],"picked":"blackbeard:FinalBarrage","floor":35},{"not_picked":["blackbeard:DoubleCannonball","blackbeard:Sword+1","blackbeard:Upgrade+1"],"picked":"SKIP","floor":37},{"not_picked":["blackbeard:AgileStrike+1","blackbeard:Sword+1","blackbeard:Recklessness+1"],"picked":"SKIP","floor":38},{"not_picked":["blackbeard:RearmingStrike+1","blackbeard:UndeadForm"],"picked":"blackbeard:GoldenStrike","floor":40},{"not_picked":["blackbeard:TacticalRetreat+1","blackbeard:JollyRoger+1"],"picked":"blackbeard:GoldenStrike","floor":42},{"not_picked":["blackbeard:FishingNets+1","blackbeard:SwordDance+1"],"picked":"blackbeard:GoldenCannonball","floor":43},{"not_picked":["blackbeard:Scrap+1","blackbeard:WiseDefense+1"],"picked":"blackbeard:InfiniteBarrage+1","floor":47},{"not_picked":["blackbeard:PiratesWill+1","blackbeard:Toast+1","blackbeard:Sword+1"],"picked":"SKIP","floor":48},{"not_picked":["blackbeard:Sword+1","blackbeard:CloakAndCannonball+1","blackbeard:DoubleBottom+1"],"picked":"SKIP","floor":50},{"not_picked":["blackbeard:RearmingStrike+1","blackbeard:CatONineTails+1","blackbeard:PirateEarring"],"picked":"SKIP","floor":56}],"player_experience":213323,"relics_obtained":[{"floor":6,"key":"Happy Flower"},{"floor":11,"key":"Toxic Egg 2"},{"floor":36,"key":"DemoMod:RatBoots"},{"floor":36,"key":"DemoMod:ResourcefulSack"},{"floor":36,"key":"DemoMod:PartiallyEatenCheese"},{"floor":36,"key":"construct:WeddingRing"},{"floor":42,"key":"DemoMod:WeirdEgg"},{"floor":45,"key":"Mummified Hand"},{"floor":47,"key":"Meat on the Bone"},{"floor":56,"key":"Blood Vial"}],"event_choices":[{"damage_healed":0,"gold_gain":0,"player_choice":"Entered Light","damage_taken":17,"max_hp_gain":0,"max_hp_loss":0,"event_name":"Shining Light","floor":7,"gold_loss":0,"cards_upgraded":["blackbeard:CloakAndCannonball","blackbeard:InfiniteBarrage"]},{"damage_healed":0,"gold_gain":0,"player_choice":"Searched \u00273\u0027 times","damage_taken":0,"relics_obtained":["Ancient Tea Set"],"max_hp_gain":0,"max_hp_loss":0,"event_name":"Dead Adventurer","floor":10,"gold_loss":0},{"damage_healed":0,"gold_gain":0,"player_choice":"Copied","damage_taken":0,"max_hp_gain":0,"max_hp_loss":0,"event_name":"Duplicator","floor":25,"gold_loss":0,"cards_obtained":["blackbeard:Rum"]},{"damage_healed":0,"gold_gain":0,"player_choice":"Ignored","damage_taken":0,"max_hp_gain":0,"max_hp_loss":0,"event_name":"OrinTheCat","floor":39,"gold_loss":0},{"damage_healed":0,"gold_gain":0,"player_choice":"Ignored","damage_taken":0,"max_hp_gain":0,"max_hp_loss":0,"event_name":"Tomb of Lord Red Mask","floor":41,"gold_loss":0}],"is_beta":false,"boss_relics":[{"not_picked":["beaked:MawFillet","SacredBark"],"picked":"Tiny House"},{"not_picked":[]}],"items_purged_floors":[0,13,55],"is_endless":false,"potions_floor_spawned":[1,2,5,6,10,19,21,24,29,35,38,43,48],"ascension_level":0}}