{"host":"65kd51pn5ju73m7v","time":1614218948,"event":{"mods":["BaseMod","BetterRewards","Colored Powertips","Minty Spire (QoL Compilation)","StSLib","The Animator"],"gold_per_floor":[121,131,142,142,155,155,190,190,190,207,69,69,69,87,87,192,192,204,204,204,223,235,235,235,235,235,235,265,276,289,23,23,132,132,144,158,5,5,19,19,36,36,36,36,62,62,80,80,80,80],"floor_reached":51,"language":"ENG","playtime":3760,"items_purged":["animator:Curse_Nutcracker"],"score":704,"play_id":"71331c0b-dc16-4217-9995-3b7469447df0","local_time":"20210225030908","is_ascension_mode":false,"campfire_choices":[{"data":"animator:Shinoa","floor":6.0,"key":"SMITH"},{"data":"animator:Wiz","floor":8.0,"key":"SMITH"},{"floor":13.0,"key":"REST"},{"data":"animator:Megumin+1","floor":15.0,"key":"SMITH"},{"data":"animator:Wiz","floor":23.0,"key":"SMITH"},{"data":"animator:Wiz","floor":25.0,"key":"SMITH"},{"data":"animator:Megumin+2","floor":27.0,"key":"SMITH"},{"floor":32.0,"key":"REST"},{"data":"animator:Cirno","floor":42.0,"key":"SMITH"},{"floor":44.0,"key":"REST"},{"data":"animator:Megumin+6","floor":49,"key":"SMITH"}],"circlet_count":0,"master_deck":["animator:Strike_OwariNoSeraph+1","animator:Defend_OwariNoSeraph+1","animator:Strike+1","animator:Strike+1","animator:Defend+1","animator:Defend+1","animator:Shinoa+1","animator:Mikaela+1","animator:Sonic+1","animator:Mikaela+1","animator:Megumin+7","animator:Shinoa+1","animator:Wiz+1","animator:IzunaHatsuse+1","animator:Guren+1","animator:Viivi+1","animator:Wiz+1","animator:Mitsurugi+1","animator:TsurugaMeisai+1","animator:Wiz+1","animator:Shigure+1","animator:Verdia+1","animator:Hitei+1","animator:Albedo+1","animator:Emonzaemon+1","animator:Shigure+1","animator:Cirno+1","animator:CrowleyEusford+1","Regret","animator:Togame+1"],"relics":["animator:LivingPicture","animator:TheMissingPiece","Incense Burner","animator:OldCoffin","Cursed Key","Ginger","Oddly Smooth Stone","animator:HolyGrailRelic","Bronze Scales","Darkstone Periapt","Orichalcum","Mark of the Bloom"],"acts_visited":["Exordium","TheCity","TheBeyond"],"potions_floor_usage":[50,50,50],"damage_taken":[{"damage":0.0,"enemies":"2 Louse","floor":1.0,"turns":3.0},{"damage":0.0,"enemies":"Jaw Worm","floor":2.0,"turns":5.0},{"damage":0.0,"enemies":"Cultist","floor":3.0,"turns":3.0},{"damage":0.0,"enemies":"Large Slime","floor":5.0,"turns":7.0},{"damage":9.0,"enemies":"Gremlin Nob","floor":7.0,"turns":5.0},{"damage":11.0,"enemies":"Lots of Slimes","floor":10.0,"turns":4.0},{"damage":0.0,"enemies":"2 Fungi Beasts","floor":14.0,"turns":3.0},{"damage":0.0,"enemies":"Hexaghost","floor":16.0,"turns":8.0},{"damage":6.0,"enemies":"3 Byrds","floor":18.0,"turns":5.0},{"damage":8.0,"enemies":"Chosen","floor":21.0,"turns":4.0},{"damage":3.0,"enemies":"Centurion and Healer","floor":22.0,"turns":4.0},{"damage":0.0,"enemies":"Snecko","floor":28.0,"turns":5.0},{"damage":0.0,"enemies":"Sentry and Sphere","floor":29.0,"turns":4.0},{"damage":18.0,"enemies":"Snake Plant","floor":30.0,"turns":3.0},{"damage":3.0,"enemies":"Automaton","floor":33.0,"turns":10.0},{"damage":4.0,"enemies":"Orb Walker","floor":35.0,"turns":5.0},{"damage":16.0,"enemies":"3 Shapes","floor":36.0,"turns":5.0},{"damage":7.0,"enemies":"Writhing Mass","floor":39.0,"turns":5.0},{"damage":3.0,"enemies":"4 Shapes","floor":41.0,"turns":3.0},{"damage":14.0,"enemies":"Nemesis","floor":45.0,"turns":7.0},{"damage":2,"enemies":"Maw","floor":47,"turns":5},{"damage":13,"enemies":"Donu and Deca","floor":50,"turns":7}],"seed_played":"-7322151382449879315","potions_obtained":[{"floor":2.0,"key":"Strength Potion"},{"floor":5.0,"key":"DuplicationPotion"},{"floor":10.0,"key":"EntropicBrew"},{"floor":21.0,"key":"Regen Potion"},{"floor":22.0,"key":"DistilledChaos"},{"floor":28.0,"key":"GamblersBrew"},{"floor":33.0,"key":"EssenceOfSteel"},{"floor":35.0,"key":"Regen Potion"},{"floor":39.0,"key":"PowerPotion"},{"floor":47,"key":"LiquidBronze"}],"is_trial":false,"path_per_floor":["M","M","M","?","M","R","E","R","T","M","$","?","R","M","R","B",null,"M","$","?","M","M","R","?","R","T","R","M","M","M","$","R","B",null,"M","M","$","?","M","?","M","R","T","R","E","?","M","?","R","B",null],"character_chosen":"THE_ANIMATOR","items_purchased":["animator:Guren","Oddly Smooth Stone","animator:Hitei","Bronze Scales"],"campfire_rested":3,"item_purchase_floors":[11,31,31,37],"current_hp_per_floor":[66,66,66,53,53,53,44,44,44,33,33,33,52,52,52,52,66,60,60,60,52,49,49,49,49,49,49,49,49,31,31,50,62,74,74,60,60,60,62,62,62,62,62,83,71,71,69,69,69,56],"gold":80,"neow_bonus":"UPGRADE_CARD","is_daily":false,"chose_seed":false,"campfire_upgraded":8,"win_rate":0.0,"timestamp":1614218948,"path_taken":["M","M","M","?","M","R","E","R","T","M","$","?","R","?","R","BOSS","M","$","?","M","M","R","?","R","T","R","M","?","M","$","R","BOSS","M","M","$","?","M","?","M","R","T","R","E","?","M","?","R","BOSS"],"items_purchased_type":["Card","Relic","Card","Relic"],"build_version":"2020-12-22","purchased_purges":1,"victory":true,"max_hp_per_floor":[66,66,66,66,66,66,66,66,66,66,66,66,66,66,66,66,66,66,66,66,66,66,66,66,66,66,66,66,66,66,66,66,66,74,78,80,80,80,80,80,83,83,83,83,85,85,87,83,83,85],"card_choices":[{"not_picked":["animator:DolaSchwi","animator:Viivi"],"picked":"animator:Sonic","floor":1.0},{"not_picked":["animator:Yoichi","animator:UneriGinkaku"],"picked":"animator:Mikaela","floor":2.0},{"not_picked":["animator:Kazuma","animator:Konayuki"],"picked":"animator:Megumin","floor":3.0},{"not_picked":["animator:Mitsuba","animator:HiiragiShinya"],"picked":"animator:Shinoa","floor":5.0},{"not_picked":["animator:UneriGinkaku","animator:Mikaela"],"picked":"animator:Wiz","floor":7.0},{"not_picked":["animator:DolaRiku","animator:Entoma"],"picked":"animator:IzunaHatsuse","floor":10.0},{"not_picked":["animator:Guy","animator:Entoma","animator:Mikaela"],"picked":"SKIP","floor":14.0},{"not_picked":["animator:ChaikaTrabant","animator:Hans"],"picked":"animator:Wiz","floor":16.0},{"not_picked":["animator:Aqua","animator:Kazuma"],"picked":"animator:Mitsurugi","floor":18.0},{"not_picked":["animator:Tatsumaki+1","animator:YunYun"],"picked":"animator:TsurugaMeisai","floor":21.0},{"not_picked":["animator:ZankiKiguchi+1","animator:Guy"],"picked":"animator:Wiz","floor":22.0},{"not_picked":["animator:SilverFang","animator:Viivi"],"picked":"animator:Shigure","floor":28.0},{"not_picked":["animator:Megumin","animator:Kazuma"],"picked":"animator:Verdia","floor":29.0},{"not_picked":["animator:DolaStephanie+1","animator:ChaikaBohdan","animator:Cocytus"],"picked":"SKIP","floor":30.0},{"not_picked":["animator:Sora","animator:ChaikaTrabant"],"picked":"animator:Albedo","floor":33.0},{"not_picked":["animator:Guy","animator:Viivi"],"picked":"animator:Emonzaemon+1","floor":35.0},{"not_picked":["animator:Melzalgald+1","animator:ChaikaBohdan"],"picked":"animator:Shigure","floor":36.0},{"not_picked":["animator:NononJakuzure","animator:Hibiki"],"picked":"animator:Cirno","floor":38.0},{"not_picked":["animator:Guy+1","animator:AcuraShin"],"picked":"animator:CrowleyEusford+1","floor":41.0},{"not_picked":["animator:Shinoa","animator:Kazuma+1"],"picked":"animator:Togame+1","floor":45.0},{"not_picked":["animator:Azekura","animator:Jibril+1","animator:HiiragiShinya"],"picked":"SKIP","floor":47}],"player_experience":433743,"relics_obtained":[{"floor":7.0,"key":"Incense Burner"},{"floor":9.0,"key":"animator:OldCoffin"},{"floor":26.0,"key":"Ginger"},{"floor":43.0,"key":"Darkstone Periapt"},{"floor":45.0,"key":"Orichalcum"}],"event_choices":[{"damage_healed":0.0,"max_hp_gain":0.0,"max_hp_loss":0.0,"gold_gain":0.0,"event_name":"Shining Light","player_choice":"Entered Light","floor":4.0,"gold_loss":0.0,"damage_taken":13.0,"cards_upgraded":["animator:Defend","animator:Mikaela"]},{"damage_healed":0.0,"max_hp_gain":0.0,"max_hp_loss":0.0,"gold_gain":0.0,"cards_transformed":["animator:Strike"],"event_name":"Transmorgrifier","player_choice":"Transformed","floor":12.0,"gold_loss":0.0,"damage_taken":0.0,"cards_obtained":["animator:Viivi"]},{"damage_healed":0.0,"max_hp_gain":0.0,"max_hp_loss":0.0,"gold_gain":0.0,"event_name":"Vampires","player_choice":"Ignored","floor":20.0,"gold_loss":0.0,"damage_taken":0.0},{"damage_healed":0.0,"max_hp_gain":0.0,"max_hp_loss":0.0,"gold_gain":0.0,"event_name":"NoteForYourself","player_choice":"Ignored","floor":24.0,"gold_loss":0.0,"damage_taken":0.0},{"damage_healed":0.0,"max_hp_gain":0.0,"max_hp_loss":0.0,"gold_gain":0.0,"event_name":"SensoryStone","player_choice":"Memory 1","floor":38.0,"gold_loss":0.0,"damage_taken":0.0},{"cards_removed":["animator:Defend"],"damage_healed":0.0,"max_hp_gain":0.0,"max_hp_loss":0.0,"gold_gain":0.0,"event_name":"Falling","player_choice":"Removed Skill","floor":40.0,"gold_loss":0.0,"damage_taken":0.0},{"damage_healed":0,"gold_gain":0,"player_choice":"Upgrade","damage_taken":0,"relics_obtained":["Mark of the Bloom"],"max_hp_gain":0,"max_hp_loss":0,"event_name":"MindBloom","floor":46,"gold_loss":0,"cards_upgraded":["animator:Strike_OwariNoSeraph","animator:Defend_OwariNoSeraph","animator:Strike","animator:Strike","animator:Defend","animator:Mikaela","animator:Sonic","animator:Megumin","animator:IzunaHatsuse","animator:Guren","animator:Viivi","animator:Mitsurugi","animator:TsurugaMeisai","animator:Shigure","animator:Verdia","animator:Hitei","animator:Albedo","animator:Shigure"]},{"damage_healed":0,"gold_gain":0,"player_choice":"Max HP","damage_taken":0,"max_hp_gain":0,"max_hp_loss":4,"event_name":"Winding Halls","floor":48,"gold_loss":0}],"is_beta":false,"boss_relics":[{"not_picked":["SacredBark","Tiny House"],"picked":"Cursed Key"},{"not_picked":["Empty Cage","Busted Crown"],"picked":"animator:HolyGrailRelic"}],"items_purged_floors":[31],"is_endless":false,"potions_floor_spawned":[2,5,10,21,22,28,33,35,39,47],"ascension_level":0}}