{"host":"0rxdudjy6rylha1k","time":1614222479,"event":{"mods":["Aspiration","BaseMod","Colored Map","Colored Powertips","Downfall","Highlight Path","Hubris","Minty Spire (QoL Compilation)","StSLib"],"gold_per_floor":[99,116,29,29,41,41,65,92,102,122,22,48,48,61,73,172,172,172,192,205,220,5,34,61,96,107,7,107,127,27,12,30,134,134,134,149,134,134,149,169,169,169,186,203,203,222,232,232,248,248,248,248],"floor_reached":50,"language":"ENG","playtime":5016,"items_purged":[],"score":760,"play_id":"9692f0e5-fd3e-410e-bbec-2bbe1f9a3aab","local_time":"20210224200759","is_ascension_mode":true,"campfire_choices":[{"floor":1.0,"key":"RECALL"},{"data":"champ:Taunt","floor":6.0,"key":"SMITH"},{"data":"champ:SkillfulDodge","floor":11.0,"key":"SMITH"},{"floor":13.0,"key":"REST"},{"data":"champ:EnchantCrown","floor":18.0,"key":"SMITH"},{"floor":27.0,"key":"REST"},{"data":"champ:VampiricStrike","floor":30.0,"key":"SMITH"},{"data":"champ:Improvising","floor":35.0,"key":"SMITH"},{"data":"champ:EnchantCrown","floor":42.0,"key":"SMITH"},{"floor":45.0,"key":"REST"}],"circlet_count":0,"master_deck":["champ:Strike","champ:Strike","champ:Strike","champ:Defend","champ:Defend","champ:Defend","champ:Defend","champ:Execute","champ:Taunt+1","champ:RageSigil","champ:ShieldWall","champ:SkillfulDodge+1","champ:PreciseThrust","champ:PreciseThrust","champ:StanceDance","champ:VampiricStrike+1","champ:FlashCut","champ:EnchantCrown+1","champ:TornadoPunch","champ:Haymaker+1","champ:TornadoPunch","champ:FlashCut","champ:SwordSigil","champ:PreciseThrust+1","champ:HoldFirm","champ:Improvising+1","champ:DefensiveStyle+1","champ:GladiatorStyle+1","champ:Circumvent","champ:EnchantCrown+1","champ:Circumvent+1","champ:ArenaPreparation"],"relics":["champ:ChampionCrownUpgraded","Guardian:PocketSentry","Toy Ornithopter","downfall:HeartBlessingRed","Omamori","OrangePellets","Du-Vu Doll","Akabeko","downfall:HeartBlessingGreen","downfall:HeartBlessingBlue","Question Card","hubris:SlimyHat"],"acts_visited":["Exordium","TheCity","TheBeyond"],"potions_floor_usage":[],"damage_taken":[{"damage":10.0,"enemies":"Small Slimes","floor":2.0,"turns":3.0},{"damage":20.0,"enemies":"downfall:FleeingMerchant","floor":3.0,"turns":4.0},{"damage":15.0,"enemies":"Cultist","floor":5.0,"turns":4.0},{"damage":30.0,"enemies":"3 Sentries","floor":8.0,"turns":9.0},{"damage":1.0,"enemies":"Jaw Worm","floor":9.0,"turns":3.0},{"damage":5.0,"enemies":"3 Louse","floor":10.0,"turns":4.0},{"damage":10.0,"enemies":"Lagavulin","floor":12.0,"turns":4.0},{"damage":1.0,"enemies":"Large Slime","floor":14.0,"turns":6.0},{"damage":0.0,"enemies":"downfall:LooterAlt","floor":15.0,"turns":3.0},{"damage":12.0,"enemies":"DF_ARCHETYPE_STREAMLINE","floor":16.0,"turns":8.0},{"damage":26.0,"enemies":"Shell Parasite","floor":19.0,"turns":6.0},{"damage":12.0,"enemies":"Spheric Guardian","floor":20.0,"turns":3.0},{"damage":10.0,"enemies":"Centurion and Healer","floor":21.0,"turns":6.0},{"damage":10.0,"enemies":"downfall:FleeingMerchant","floor":22.0,"turns":4.0},{"damage":25.0,"enemies":"Gremlin Leader","floor":23.0,"turns":8.0},{"damage":0.0,"enemies":"Slavers","floor":25.0,"turns":5.0},{"damage":22.0,"enemies":"Snecko","floor":26.0,"turns":5.0},{"damage":25.0,"enemies":"Snake Plant","floor":29.0,"turns":2.0},{"damage":18.0,"enemies":"downfall:FleeingMerchant","floor":31.0,"turns":4.0},{"damage":17.0,"enemies":"Centurion and Healer","floor":32.0,"turns":6.0},{"damage":34.0,"enemies":"WA_ARCHETYPE_CALM","floor":33.0,"turns":14.0},{"damage":15.0,"enemies":"Orb Walker","floor":36.0,"turns":2.0},{"damage":0.0,"enemies":"downfall:FleeingMerchant","floor":37.0,"turns":4.0},{"damage":26.0,"enemies":"3 Shapes","floor":39.0,"turns":6.0},{"damage":5.0,"enemies":"Maw","floor":40.0,"turns":9.0},{"damage":19.0,"enemies":"Writhing Mass","floor":43.0,"turns":7.0},{"damage":16.0,"enemies":"Sphere and 2 Shapes","floor":44.0,"turns":6.0},{"damage":74.0,"enemies":"4 Shapes","floor":46.0,"turns":4.0},{"damage":1.0,"enemies":"Transient","floor":47.0,"turns":5.0},{"damage":25,"enemies":"Maw","floor":49,"turns":8},{"damage":59,"enemies":"SI_POISON_ARCHETYPE","floor":50,"turns":3}],"seed_played":"4642908258513000496","potions_obtained":[{"floor":5.0,"key":"bronze:BurnAndBuffPotion"},{"floor":9.0,"key":"BlessingOfTheForge"},{"floor":10.0,"key":"champ:CounterPotion"},{"floor":14.0,"key":"SpeedPotion"},{"floor":16.0,"key":"FearPotion"},{"floor":20.0,"key":"FearPotion"},{"floor":23.0,"key":"bronze:BurnAndBuffPotion"},{"floor":25.0,"key":"Swift Potion"},{"floor":26.0,"key":"Ancient Potion"},{"floor":29.0,"key":"Regen Potion"},{"floor":32.0,"key":"Swift Potion"},{"floor":36.0,"key":"LiquidMemories"},{"floor":39.0,"key":"Regen Potion"},{"floor":43.0,"key":"Energy Potion"},{"floor":46.0,"key":"Fire Potion"}],"is_trial":false,"path_per_floor":["R","M","$","?","M","R","T","E","M","M","R","E","R","M","M","B",null,"R","M","M","M","$","E","T","E","M","R","?","M","R","$","M","B",null,"R","M","$","?","M","M","T","R","M","M","R","M","M","?","M","B"],"character_chosen":"THE_CHAMP","items_purchased":["champ:ShieldWall","OrangePellets","champ:FlashCut"],"campfire_rested":3,"item_purchase_floors":[3,22,22],"current_hp_per_floor":[90,90,90,90,90,90,90,70,69,64,64,69,98,97,97,85,96,96,85,78,73,78,53,53,63,56,85,85,85,95,92,85,85,103,103,103,103,103,87,109,109,109,90,74,106,55,59,59,49,0,0,0],"gold":248,"neow_bonus":"TEN_PERCENT_HP_BONUS","is_daily":false,"chose_seed":false,"campfire_upgraded":6,"win_rate":0.0,"timestamp":1614222479,"path_taken":["R","M","$","?","?","R","T","E","M","M","R","E","R","?","M","BOSS","R","M","M","M","$","E","T","E","M","R","?","M","R","$","M","BOSS","R","M","$","?","M","M","T","R","M","M","R","M","M","?","M","BOSS"],"items_purchased_type":["Card","Relic","Card"],"build_version":"2020-12-22","purchased_purges":0,"victory":false,"max_hp_per_floor":[99,99,99,99,99,99,99,99,99,99,99,99,99,99,99,99,99,99,99,99,99,99,99,99,99,99,99,99,99,109,109,109,109,109,109,109,109,109,109,109,109,109,109,109,109,109,109,109,109,109,109,109],"card_choices":[{"not_picked":["champ:CrookedStrike","champ:EnGarde","champ:FanOfKnives"],"picked":"SKIP","floor":2.0},{"not_picked":["champ:PerfectedStrike","champ:BladeFlurry"],"picked":"champ:RageSigil","floor":3.0},{"not_picked":["champ:HeartStrike","champ:EnragedBash","champ:CrownThrow"],"picked":"SKIP","floor":5.0},{"not_picked":["champ:GutPunch","champ:DancingMaster"],"picked":"champ:SkillfulDodge","floor":8.0},{"not_picked":["champ:IronFortress","champ:FanOfKnives"],"picked":"champ:PreciseThrust","floor":9.0},{"not_picked":["champ:Endure","champ:BladeFlurry"],"picked":"champ:PreciseThrust","floor":10.0},{"not_picked":["champ:SetATrap","champ:BerserkersShout"],"picked":"champ:StanceDance","floor":12.0},{"not_picked":["champ:ShieldSlam","champ:FlashCut"],"picked":"champ:VampiricStrike","floor":14.0},{"not_picked":["champ:BerserkersShout","champ:ShieldSlam"],"picked":"champ:FlashCut","floor":15.0},{"not_picked":["champ:UltimateStance","champ:SwordThrow"],"picked":"champ:EnchantCrown","floor":16.0},{"not_picked":["champ:BladeFlurry+1","champ:StanceDance+1"],"picked":"champ:TornadoPunch","floor":19.0},{"not_picked":["champ:BerserkersShout","champ:CrownThrow","champ:Haymaker"],"picked":"SKIP","floor":20.0},{"not_picked":["champ:BerserkersShout","champ:FanOfKnives"],"picked":"champ:Haymaker+1","floor":21.0},{"not_picked":["champ:EnGarde+1","champ:LastStand"],"picked":"champ:TornadoPunch","floor":22.0},{"not_picked":["champ:Shatter","champ:FlashCut","champ:ShieldSigil"],"picked":"SKIP","floor":23.0},{"not_picked":["champ:FlashCut","champ:Parry+1"],"picked":"champ:SwordSigil","floor":25.0},{"not_picked":["champ:BladeFlurry","champ:Haymaker","champ:SetATrap+1"],"picked":"SKIP","floor":26.0},{"not_picked":["champ:BringItOn","champ:Shatter"],"picked":"champ:PreciseThrust+1","floor":29.0},{"not_picked":["champ:SkillfulDodge+1","champ:DefensiveShout"],"picked":"champ:HoldFirm","floor":31.0},{"not_picked":["champ:TornadoPunch","champ:SetATrap","champ:BerserkersShout"],"picked":"SKIP","floor":32.0},{"not_picked":["champ:EnchantShield","champ:ShieldThrow"],"picked":"champ:Improvising","floor":33.0},{"not_picked":["champ:FalseCounter+1","champ:BladeFlurry+1"],"picked":"champ:DefensiveStyle+1","floor":36.0},{"not_picked":["champ:SwordSigil","champ:CalledShot+1"],"picked":"champ:GladiatorStyle+1","floor":37.0},{"not_picked":["champ:FaceSlap","champ:PerfectedStrike","champ:FancyFootwork"],"picked":"champ:Circumvent","floor":39.0},{"not_picked":["champ:BladeFlurry","champ:BringItOn","champ:AdrenalArmor+1"],"picked":"champ:EnchantCrown","floor":40.0},{"not_picked":["champ:FaceSlap+1","champ:Shatter","champ:Haymaker","champ:PerfectedStrike"],"picked":"SKIP","floor":43.0},{"not_picked":["champ:Haymaker+1","champ:RisingSlash","champ:SetATrap","champ:GutPunch+1"],"picked":"SKIP","floor":44.0},{"not_picked":["champ:Circumvent","champ:Duel+1","champ:ViciousMockery","champ:TornadoPunch"],"picked":"SKIP","floor":46.0},{"not_picked":["champ:SteelEdge","champ:HeartStrike+1","champ:PreciseThrust"],"picked":"champ:Circumvent+1","floor":47.0},{"not_picked":["champ:SetATrap","champ:TornadoPunch","champ:GladiatorStyle+1"],"picked":"champ:ArenaPreparation","floor":49}],"player_experience":3056294,"relics_obtained":[{"floor":7.0,"key":"Guardian:PocketSentry"},{"floor":8.0,"key":"Toy Ornithopter"},{"floor":12.0,"key":"Omamori"},{"floor":23.0,"key":"Du-Vu Doll"},{"floor":25.0,"key":"Akabeko"},{"floor":38.0,"key":"Question Card"},{"floor":41.0,"key":"hubris:SlimyHat"}],"event_choices":[{"damage_healed":0.0,"max_hp_gain":0.0,"max_hp_loss":0.0,"gold_gain":0.0,"event_name":"Mysterious Sphere","player_choice":"Ignored","floor":48.0,"gold_loss":0.0,"damage_taken":0.0}],"is_beta":false,"boss_relics":[{"not_picked":["Astrolabe","hubris:RunicObelisk"],"picked":"champ:ChampionCrownUpgraded"},{"not_picked":["Coffee Dripper","Pandora\u0027s Box","Fusion Hammer"]}],"items_purged_floors":[],"is_endless":false,"potions_floor_spawned":[5,9,10,14,16,20,23,25,26,29,32,36,39,43,46],"killed_by":"SI_POISON_ARCHETYPE","ascension_level":8}}