{"host":"dhv3u8yhd2rnugsp","time":1614293691,"event":{"mods":["BaseMod","Block Reminder","Colored Map","Googly Eyes","Highlight Path","Minty Spire (QoL Compilation)","Permanent Neow","Quick Restart","Random Character Button","StSLib"],"gold_per_floor":[116,116,131,56,74,104,104,129,129,129,144,144,144,144,144,222,222,238,238,256,12,24,24,55,55,55],"floor_reached":25,"language":"ENG","playtime":1105,"items_purged":[],"score":458,"play_id":"33d0341c-acc2-4b97-a71f-954524a31ef3","local_time":"20210225165451","is_ascension_mode":true,"campfire_choices":[{"data":"Well Laid Plans","floor":7,"key":"SMITH"},{"data":"Blade Dance","floor":10,"key":"SMITH"},{"data":"After Image","floor":12,"key":"SMITH"},{"data":"Neutralize","floor":15,"key":"SMITH"}],"circlet_count":0,"master_deck":["AscendersBane","Strike_G","Strike_G","Strike_G","Defend_G","Defend_G","Defend_G","Defend_G","Defend_G","Survivor","Neutralize+1","Blade Dance+1","Dagger Spray","Well Laid Plans+1","Dagger Throw","After Image+1","PiercingWail","Adrenaline","After Image","Ghostly","Ghostly","Ghostly","Terror","PiercingWail","Leg Sweep"],"relics":["HoveringKite","WarpedTongs","Boot","Ginger","Molten Egg 2","Cursed Key","Membership Card","Blood Vial","Nilry\u0027s Codex","Tiny Chest"],"acts_visited":["Exordium","TheCity"],"potions_floor_usage":[6,6,8,24,24],"damage_taken":[{"damage":11,"enemies":"Jaw Worm","floor":1,"turns":7},{"damage":5,"enemies":"Cultist","floor":3,"turns":4},{"damage":1,"enemies":"Small Slimes","floor":5,"turns":3},{"damage":16,"enemies":"Lagavulin","floor":6,"turns":9},{"damage":12,"enemies":"Gremlin Nob","floor":8,"turns":4},{"damage":0,"enemies":"Blue Slaver","floor":11,"turns":3},{"damage":19,"enemies":"The Guardian","floor":16,"turns":13},{"damage":7,"enemies":"Shell Parasite","floor":18,"turns":6},{"damage":5,"enemies":"3 Byrds","floor":20,"turns":4},{"damage":1,"enemies":"Centurion and Healer","floor":22,"turns":7},{"damage":3,"enemies":"Gremlin Leader","floor":24,"turns":6},{"damage":14,"enemies":"Shelled Parasite and Fungi","floor":25,"turns":1}],"seed_played":"3508932149494007352","potions_obtained":[{"floor":1,"key":"Energy Potion"},{"floor":5,"key":"Regen Potion"},{"floor":6,"key":"Block Potion"},{"floor":16,"key":"SteroidPotion"},{"floor":18,"key":"CultistPotion"},{"floor":20,"key":"CunningPotion"}],"is_trial":false,"path_per_floor":["M","?","M","?","M","E","R","E","T","R","M","R","?","?","R","B",null,"M","?","M","$","M","?","E","M"],"character_chosen":"THE_SILENT","items_purchased":["Membership Card","Blood Vial"],"campfire_rested":0,"item_purchase_floors":[21,21],"current_hp_per_floor":[48,48,43,43,42,41,41,29,29,29,29,29,29,22,22,3,50,43,33,28,28,29,8,7,0,0],"gold":55,"neow_bonus":"BOSS_RELIC","is_daily":false,"chose_seed":false,"campfire_upgraded":4,"win_rate":0.0,"timestamp":1614293691,"path_taken":["M","?","?","?","M","E","R","E","T","R","M","R","?","?","R","BOSS","M","?","M","$","M","?","E","M"],"items_purchased_type":["Relic","Relic"],"build_version":"2020-12-22","purchased_purges":0,"victory":false,"max_hp_per_floor":[66,66,66,66,66,66,66,66,66,66,66,66,66,66,66,66,66,66,33,33,33,33,33,33,33,33],"card_choices":[{"not_picked":["Choke","Bane"],"picked":"Blade Dance","floor":1},{"not_picked":["Catalyst","Slice"],"picked":"Dagger Spray","floor":3},{"not_picked":["Deflect","Reflex"],"picked":"Well Laid Plans","floor":5},{"not_picked":["Skewer","Dodge and Roll"],"picked":"Dagger Throw","floor":6},{"not_picked":["Envenom","Dodge and Roll"],"picked":"After Image","floor":8},{"not_picked":["Outmaneuver","Choke+1"],"picked":"PiercingWail","floor":11},{"not_picked":["Malaise","Grand Finale+1"],"picked":"After Image","floor":16},{"not_picked":["Catalyst","Tactician","Deflect"],"picked":"SKIP","floor":18},{"not_picked":["All Out Attack+1","Underhanded Strike+1"],"picked":"Terror","floor":20},{"not_picked":["Outmaneuver","Expertise"],"picked":"PiercingWail","floor":22},{"not_picked":["Blur","Finisher+1"],"picked":"Leg Sweep","floor":24}],"player_experience":1706121,"relics_obtained":[{"floor":6,"key":"Boot"},{"floor":8,"key":"Ginger"},{"floor":9,"key":"Molten Egg 2"},{"floor":23,"key":"Nilry\u0027s Codex"},{"floor":24,"key":"Tiny Chest"}],"event_choices":[{"damage_healed":0,"gold_gain":0,"player_choice":"Rummage","damage_taken":0,"relics_obtained":["WarpedTongs"],"max_hp_gain":0,"max_hp_loss":0,"event_name":"Accursed Blacksmith","floor":2,"gold_loss":0,"cards_obtained":["Pain"]},{"cards_removed":["Pain"],"damage_healed":0,"gold_gain":0,"player_choice":"Card Removal","damage_taken":0,"max_hp_gain":0,"max_hp_loss":0,"event_name":"The Cleric","floor":4,"gold_loss":75},{"damage_healed":0,"gold_gain":0,"cards_transformed":["Strike_G"],"player_choice":"Change","damage_taken":0,"max_hp_gain":0,"max_hp_loss":0,"event_name":"Living Wall","floor":13,"gold_loss":0,"cards_obtained":["Adrenaline"]},{"cards_removed":["Strike_G"],"damage_healed":0,"gold_gain":0,"player_choice":"Card Removal","damage_taken":7,"max_hp_gain":0,"max_hp_loss":0,"event_name":"Golden Wing","floor":14,"gold_loss":0},{"damage_healed":0,"gold_gain":0,"player_choice":"Became a Ghost","damage_taken":0,"max_hp_gain":0,"max_hp_loss":33,"event_name":"Ghosts","floor":19,"gold_loss":0,"cards_obtained":["Ghostly","Ghostly","Ghostly"]},{"damage_healed":0,"gold_gain":0,"player_choice":"Obtained Book","damage_taken":21,"max_hp_gain":0,"max_hp_loss":0,"event_name":"Cursed Tome","floor":23,"gold_loss":0}],"is_beta":false,"boss_relics":[{"not_picked":["Calling Bell","Tiny House"],"picked":"Cursed Key"}],"items_purged_floors":[],"is_endless":false,"potions_floor_spawned":[1,5,6,16,18,20],"killed_by":"Shelled Parasite and Fungi","ascension_level":20}}