{"host":"71mgpozmht821pzh","time":1614227930,"event":{"mods":["BaseMod","Downfall","Minty Spire (QoL Compilation)","Replay The Spire","StSLib"],"gold_per_floor":[110,129,129,144,160,15,47,47,47,47,61,61,89,105,105,201,201,212,162,182,26,26,26,26,26,26,26,58,58,92,109,109,205,205,220,220,19,19,39,39,72,89,114,128,70,10,38,38,38,38],"floor_reached":51,"language":"ENG","playtime":5054,"items_purged":[],"score":1041,"play_id":"c1021c56-ea02-4262-b177-22ef6ecd2505","local_time":"20210224223850","daily_mods":["Night Terrors","downfall:Hexed"],"is_ascension_mode":true,"campfire_choices":[{"data":"Guardian:MultiBeam","floor":12.0,"key":"SMITH"},{"floor":15.0,"key":"REST"},{"data":"Guardian:FuturePlans","floor":23.0,"key":"SMITH"},{"data":"Guardian:CompilePackage","floor":27.0,"key":"SMITH"},{"data":"Guardian:TwinSlam","floor":29.0,"key":"SMITH"},{"data":"Delirium","floor":32.0,"key":"PURGE"},{"data":"Guardian:MultiBeam","floor":49,"key":"SMITH"}],"circlet_count":0,"master_deck":["Guardian:Defend_Guardian+1","Guardian:Defend_Guardian+1","Guardian:Defend_Guardian","Guardian:Defend_Guardian+1","Guardian:CurlUp+1","Guardian:TwinSlam+1","Guardian:TemporalStrike","Guardian:MultiBeam+1","Guardian:ChargeUp+1","Guardian:Reroute","Guardian:Suspension","Guardian:ConstructionForm","Guardian:FuturePlans+1","Guardian:Recover+1","Bite+1","Bite","Bite+1","Bite","Bite+1","Guardian:ConstructionForm","Guardian:CrystalBeam+1","Guardian:ExploitGems+1","Guardian:PiercingHide+1","Guardian:PiercingHide+1","Regret","Guardian:StasisField+1","Guardian:PolyBeam+1","Guardian:MultiBeam+1","Guardian:MultiBeam","Guardian:BronzeArmor+1"],"relics":["Guardian:ModeShifter","Velvet Choker","Ring of Chaos","Gremlin Horn","champ:Barbells","Garlic","Guardian:PickAxe","bronze:DecasWashers","Matryoshka","Cursed Key","Toolbox","Vajra","ReplayTheSpireMod:Shallot","StrikeDummy","Toxic Egg 2","Replay:Bronze Core","Lee\u0027s Waffle","Pen Nib","Replay:Baseball","War Paint","Akabeko","Guardian:PocketSentry"],"acts_visited":["Exordium","TheCity","TheBeyond"],"potions_floor_usage":[39,50,50,50],"damage_taken":[{"damage":0.0,"enemies":"Cultist","floor":1.0,"turns":3.0},{"damage":3.0,"enemies":"2 Louse","floor":2.0,"turns":2.0},{"damage":5.0,"enemies":"Small Slimes","floor":4.0,"turns":3.0},{"damage":0.0,"enemies":"Gremlin Gang","floor":5.0,"turns":1.0},{"damage":0.0,"enemies":"3 Sentries","floor":7.0,"turns":4.0},{"damage":0.0,"enemies":"3 Sentries","floor":8.0,"turns":1.0},{"damage":0.0,"enemies":"Looter","floor":11.0,"turns":2.0},{"damage":10.0,"enemies":"Gremlin Nob","floor":13.0,"turns":3.0},{"damage":6.0,"enemies":"Large Slime","floor":14.0,"turns":4.0},{"damage":9.0,"enemies":"Fading Forest","floor":16.0,"turns":11.0},{"damage":0.0,"enemies":"2 Thieves","floor":18.0,"turns":3.0},{"damage":2.0,"enemies":"Shell Parasite","floor":20.0,"turns":4.0},{"damage":0.0,"enemies":"Gremlin Leader","floor":28.0,"turns":6.0},{"damage":0.0,"enemies":"Book of Stabbing","floor":30.0,"turns":5.0},{"damage":5.0,"enemies":"Snake Plant","floor":31.0,"turns":4.0},{"damage":0.0,"enemies":"Collector","floor":33.0,"turns":8.0},{"damage":0.0,"enemies":"Orb Walker","floor":35.0,"turns":3.0},{"damage":7,"enemies":"3 Shapes","floor":39,"turns":2},{"damage":0,"enemies":"Reptomancer","floor":41,"turns":6},{"damage":0,"enemies":"Jaw Worm Horde","floor":42,"turns":3},{"damage":0,"enemies":"Spire Growth","floor":44,"turns":3},{"damage":16,"enemies":"Giant Head","floor":47,"turns":8},{"damage":0,"enemies":"Donu and Deca","floor":50,"turns":4}],"seed_played":"-8327344286583544316","potions_obtained":[{"floor":2.0,"key":"LifebloodPotion"},{"floor":7.0,"key":"Cursed Concoction"},{"floor":11.0,"key":"Swift Potion"},{"floor":13.0,"key":"SpeedPotion"},{"floor":14.0,"key":"Reflective Coating"},{"floor":16.0,"key":"Slimebound:ThreeZeroPotion"},{"floor":20.0,"key":"Swift Potion"},{"floor":28.0,"key":"Regen Potion"},{"floor":42,"key":"bronze:BurnAndBuffPotion"},{"floor":44,"key":"EssenceOfSteel"}],"is_trial":true,"path_per_floor":["M","M","T","M","M","$","E","?","T","?","M","R","E","M","R","B",null,"M","?","M","$","?","R","?","$","T","R","E","R","E","M","R","B",null,"M","?","$","?","M","R","E","M","T","M","$","$","E","?","R","B",null],"character_chosen":"GUARDIAN","items_purchased":["champ:Barbells","Toolbox","Lee\u0027s Waffle","Guardian:PiercingHide+1","Guardian:PolyBeam+1","Guardian:MultiBeam"],"campfire_rested":1,"item_purchase_floors":[6,21,37,37,45,46],"current_hp_per_floor":[80,77,77,72,72,72,72,60,60,52,52,52,42,36,75,66,75,75,75,73,73,52,52,52,52,52,52,52,52,52,52,52,52,52,52,52,59,59,58,58,59,59,59,59,59,59,59,69,69,69],"gold":38,"neow_bonus":"","is_daily":false,"chose_seed":false,"campfire_upgraded":5,"win_rate":0.0,"timestamp":1614227930,"path_taken":["M","M","?","M","M","$","E","?","T","?","?","R","E","M","R","BOSS","M","?","?","$","?","R","?","$","T","R","E","R","E","?","R","BOSS","M","?","?","?","M","R","E","M","T","?","?","$","E","?","R","BOSS"],"items_purchased_type":["Relic","Relic","Relic","Card","Card","Card"],"build_version":"2020-12-22","purchased_purges":0,"victory":true,"max_hp_per_floor":[80,80,80,80,80,80,80,80,80,80,80,80,80,80,75,75,75,75,75,75,75,52,52,52,52,52,52,52,52,52,52,52,52,52,52,52,59,59,59,59,59,59,59,59,59,59,59,69,69,69],"card_choices":[{"not_picked":["Guardian:Gem_Lightblue","Guardian:PrimingBeam"],"picked":"Guardian:Gem_Red","floor":1.0},{"not_picked":["Guardian:SpikerProtocol","Guardian:ChargeUp"],"picked":"Guardian:TemporalStrike","floor":2.0},{"not_picked":["Guardian:Orbwalk","Guardian:TemporalStrike"],"picked":"Guardian:MultiBeam","floor":4.0},{"not_picked":["Guardian:PolyBeam","Guardian:WalkerClaw"],"picked":"Guardian:ChargeUp","floor":5.0},{"not_picked":["Guardian:Clone","Guardian:TemporalStrike"],"picked":"Guardian:Reroute","floor":7.0},{"not_picked":["Guardian:Planning","Guardian:TemporalStrike"],"picked":"Guardian:Suspension","floor":11.0},{"not_picked":["Guardian:Gem_Green","Guardian:CrystalBeam"],"picked":"Guardian:CompilePackage","floor":13.0},{"not_picked":["Guardian:Suspension","Guardian:ChargeCore"],"picked":"Guardian:Gem_Purple","floor":14.0},{"not_picked":["Guardian:StasisStrike","Guardian:GemFire"],"picked":"Guardian:ConstructionForm","floor":16.0},{"not_picked":["Guardian:Gem_Red","Guardian:WalkerClaw+1"],"picked":"Guardian:FuturePlans","floor":18.0},{"not_picked":["Guardian:SentryBeam","Guardian:WalkerClaw"],"picked":"Guardian:Recover+1","floor":20.0},{"not_picked":["Guardian:FuturePlans","Guardian:Gem_Green","Guardian:TemporalStrike"],"picked":"SKIP","floor":28.0},{"not_picked":["Guardian:TimeBomb+1","Guardian:DecasProtection+1"],"picked":"Guardian:CrystalBeam","floor":30.0},{"not_picked":["Guardian:TemporalShield+1","Guardian:CrystalBeam"],"picked":"Guardian:Gem_Lightblue","floor":31.0},{"not_picked":["Guardian:HyperBeam_Guardian","Guardian:ConstructionForm"],"picked":"Guardian:ExploitGems+1","floor":33.0},{"not_picked":["Guardian:EvasiveProtocol","Guardian:PrimingBeam"],"picked":"Guardian:Gem_Green","floor":35.0},{"not_picked":["Guardian:Gem_Cyan","Guardian:Harden+1"],"picked":"Guardian:Gem_Crimson","floor":39},{"not_picked":["Guardian:ArmoredProtocol+1","Guardian:Gem_Yellow"],"picked":"Guardian:PiercingHide+1","floor":41},{"not_picked":["Guardian:BodySlam","Guardian:VentSteam+1","Guardian:Harden+1"],"picked":"SKIP","floor":42},{"not_picked":["Guardian:SpikerProtocol+1","Guardian:TemporalStrike"],"picked":"Guardian:StasisField+1","floor":44},{"not_picked":["Guardian:Reroute+1","Guardian:TemporalStrike"],"picked":"Guardian:BronzeArmor+1","floor":47}],"player_experience":6556984,"relics_obtained":[{"floor":3.0,"key":"Gremlin Horn"},{"floor":7.0,"key":"Garlic"},{"floor":9.0,"key":"bronze:DecasWashers"},{"floor":13.0,"key":"Matryoshka"},{"floor":26.0,"key":"Vajra"},{"floor":26.0,"key":"ReplayTheSpireMod:Shallot"},{"floor":28.0,"key":"StrikeDummy"},{"floor":30.0,"key":"Toxic Egg 2"},{"floor":41,"key":"Replay:Baseball"},{"floor":43,"key":"War Paint"},{"floor":43,"key":"Akabeko"},{"floor":47,"key":"Guardian:PocketSentry"}],"event_choices":[{"damage_healed":0.0,"max_hp_gain":0.0,"max_hp_loss":0.0,"gold_gain":0.0,"event_name":"Wheel of Change","player_choice":"Damaged","floor":10.0,"gold_loss":0.0,"damage_taken":8.0},{"damage_healed":0.0,"max_hp_gain":0.0,"max_hp_loss":0.0,"gold_gain":0.0,"event_name":"The Joust","player_choice":"Bet on Owner","floor":19.0,"gold_loss":50.0,"damage_taken":0.0},{"damage_healed":0.0,"max_hp_gain":0.0,"max_hp_loss":23.0,"gold_gain":0.0,"event_name":"Vampires","player_choice":"Became a vampire","floor":22.0,"gold_loss":0.0,"damage_taken":0.0,"cards_obtained":["Bite","Bite","Bite","Bite","Bite"]},{"damage_healed":0.0,"max_hp_gain":0.0,"max_hp_loss":0.0,"gold_gain":0.0,"event_name":"Duplicator","player_choice":"Copied","floor":24.0,"gold_loss":0.0,"damage_taken":0.0,"cards_obtained":["Guardian:ConstructionForm"]},{"damage_healed":0.0,"max_hp_gain":0.0,"max_hp_loss":0.0,"gold_gain":0.0,"event_name":"Tomb of Lord Red Mask","player_choice":"Ignored","floor":36.0,"gold_loss":0.0,"damage_taken":0.0},{"damage_healed":0,"gold_gain":0,"player_choice":"Gave Potion","damage_taken":0,"relics_obtained":["Pen Nib"],"max_hp_gain":0,"max_hp_loss":0,"event_name":"WeMeetAgain","floor":38,"gold_loss":0},{"cards_removed":["Guardian:CompilePackage"],"damage_healed":0,"gold_gain":0,"player_choice":"Offered Rare","damage_taken":0,"max_hp_gain":10,"max_hp_loss":0,"event_name":"Bonfire Elementals","floor":48,"gold_loss":0}],"is_beta":false,"boss_relics":[{"not_picked":["Guardian:StasisSlotReductionRelic","Calling Bell"],"picked":"Cursed Key"},{"not_picked":["Honey Jar","Painkiller Herb"],"picked":"Replay:Bronze Core"}],"items_purged_floors":[],"is_endless":false,"potions_floor_spawned":[2,7,11,13,14,16,20,28,33,42,44],"ascension_level":2}}