{"host":"test","time":1614279152,"event":{"mods":["BaseMod","Bestiary","Colored Map","Colored Powertips","Minty Spire (QoL Compilation)","Relic Stats","Slay the Relics Exporter","SpireBot","StSLib","ojb\u0027s Better Paths Mod","ojb\u0027s Info Mod: The sequel"],"gold_per_floor":[117,134,145,20,40,40,67,67,67,86,86,99,111,129,129,207,207,218,133,166,176,188,188,21,21,99,99,112,165,3,29,29,102,102,113,113,131,145,165,165,190,190,243,269,322,36,36,69,81,93,105,117,129,16,47,47],"floor_reached":57,"language":"JPN","playtime":7512,"items_purged":["Strike_G","Flying Knee","Predator+1"],"score":3414,"play_id":"b9cc4d83-ce81-443d-8123-c676526b91f9","local_time":"20210226035232","is_ascension_mode":true,"campfire_choices":[{"data":"Predator","floor":6.0,"key":"SMITH"},{"floor":11.0,"key":"DIG"},{"floor":15.0,"key":"DIG"},{"data":"Concentrate","floor":23.0,"key":"SMITH"},{"data":"Expertise","floor":25.0,"key":"SMITH"},{"floor":32.0,"key":"DIG"},{"floor":40.0,"key":"DIG"},{"data":"Bane","floor":42.0,"key":"PURGE"},{"floor":49.0,"key":"RECALL"},{"data":"All Out Attack","floor":53.0,"key":"PURGE"}],"circlet_count":0,"master_deck":["AscendersBane","Survivor","Neutralize","Backstab","Expertise","Cloak And Dagger","Footwork","Acrobatics","Blade Dance","Venomology","Deflect","Underhanded Strike","Leg Sweep","Blade Dance","Expertise+1","Noxious Fumes","Concentrate+1","Concentrate+1","Envenom+1","PiercingWail+1","Blur+1","Acrobatics+1","Backflip+1","Secret Technique+1","Adrenaline+1"],"relics":["Ring of the Snake","Shovel","Kunai","CaptainsWheel","FossilizedHelix","Darkstone Periapt","Pandora\u0027s Box","Calipers","Red Mask","TheAbacus","Toxic Egg 2","Potion Belt","Thread and Needle","DollysMirror","Ornamental Fan","Regal Pillow","Runic Pyramid","Omamori","Peace Pipe","Vajra","Incense Burner","MawBank","Blood Vial"],"acts_visited":["Exordium","TheCity","TheBeyond","TheEnding"],"potions_floor_usage":[55,56,56,56,56],"damage_taken":[{"damage":6.0,"enemies":"Cultist","floor":1.0,"turns":5.0},{"damage":0.0,"enemies":"2 Louse","floor":2.0,"turns":3.0},{"damage":4.0,"enemies":"Small Slimes","floor":3.0,"turns":6.0},{"damage":6.0,"enemies":"3 Louse","floor":5.0,"turns":4.0},{"damage":13.0,"enemies":"3 Sentries","floor":7.0,"turns":12.0},{"damage":1.0,"enemies":"Blue Slaver","floor":10.0,"turns":4.0},{"damage":0.0,"enemies":"Red Slaver","floor":12.0,"turns":2.0},{"damage":0.0,"enemies":"Large Slime","floor":13.0,"turns":5.0},{"damage":0.0,"enemies":"2 Fungi Beasts","floor":14.0,"turns":3.0},{"damage":1.0,"enemies":"Slime Boss","floor":16.0,"turns":13.0},{"damage":0.0,"enemies":"Shell Parasite","floor":18.0,"turns":6.0},{"damage":0.0,"enemies":"Masked Bandits","floor":20.0,"turns":4.0},{"damage":0.0,"enemies":"3 Byrds","floor":21.0,"turns":4.0},{"damage":0.0,"enemies":"Snake Plant","floor":22.0,"turns":4.0},{"damage":0.0,"enemies":"Centurion and Healer","floor":28.0,"turns":7.0},{"damage":0.0,"enemies":"Gremlin Leader","floor":29.0,"turns":10.0},{"damage":0.0,"enemies":"Book of Stabbing","floor":31.0,"turns":8.0},{"damage":0.0,"enemies":"Collector","floor":33.0,"turns":12.0},{"damage":0.0,"enemies":"3 Darklings","floor":35.0,"turns":6.0},{"damage":0.0,"enemies":"Orb Walker","floor":37.0,"turns":2.0},{"damage":0.0,"enemies":"Maw","floor":38.0,"turns":7.0},{"damage":0.0,"enemies":"Sphere and 2 Shapes","floor":39.0,"turns":7.0},{"damage":0.0,"enemies":"Reptomancer","floor":41.0,"turns":8.0},{"damage":0.0,"enemies":"Nemesis","floor":44.0,"turns":11.0},{"damage":0.0,"enemies":"2 Orb Walkers","floor":45.0,"turns":6.0},{"damage":0.0,"enemies":"Reptomancer","floor":48.0,"turns":7.0},{"damage":0.0,"enemies":"Donu and Deca","floor":50.0,"turns":9.0},{"damage":0.0,"enemies":"Time Eater","floor":51.0,"turns":19.0},{"damage":0,"enemies":"Shield and Spear","floor":55,"turns":5},{"damage":12,"enemies":"The Heart","floor":56,"turns":9}],"seed_played":"2157712337990621826","potions_obtained":[{"floor":2.0,"key":"SkillPotion"},{"floor":5.0,"key":"Dexterity Potion"},{"floor":12.0,"key":"Block Potion"},{"floor":14.0,"key":"SteroidPotion"},{"floor":16.0,"key":"LiquidBronze"},{"floor":29.0,"key":"Weak Potion"},{"floor":45.0,"key":"DuplicationPotion"},{"floor":48.0,"key":"PowerPotion"},{"floor":55,"key":"Dexterity Potion"}],"is_trial":false,"path_per_floor":["M","M","M","$","M","R","E","?","T","M","R","M","M","M","R","B",null,"M","?","?","M","M","R","$","R","T","?","M","E","$","E","R","B",null,"M","?","M","M","M","R","E","R","T","E","?","$","?","E","R","B","B",null,"R","$","E","B",null],"character_chosen":"THE_SILENT","items_purchased":["Dagger Throw","TheAbacus","DollysMirror","Secret Technique+1"],"campfire_rested":0,"item_purchase_floors":[4,24,30,46],"current_hp_per_floor":[53,53,49,49,43,43,30,30,30,29,29,29,29,29,29,28,52,52,52,52,52,52,52,52,52,52,52,52,52,52,52,52,52,58,58,58,58,58,58,58,58,58,58,58,58,58,58,58,58,58,58,60,60,60,60,48],"gold":47,"neow_bonus":"ONE_RARE_RELIC","is_daily":false,"chose_seed":true,"campfire_upgraded":3,"win_rate":0.0,"timestamp":1614279152,"path_taken":["M","M","?","$","M","R","E","?","T","M","R","?","M","M","R","BOSS","M","?","?","M","M","R","$","R","T","?","M","E","$","E","R","BOSS","M","?","M","M","?","R","E","R","T","E","?","$","?","E","R","BOSS","BOSS","R","$","E","BOSS"],"items_purchased_type":["Card","Relic","Relic","Card"],"build_version":"2020-12-18","purchased_purges":3,"victory":true,"max_hp_per_floor":[60,60,60,60,60,60,60,60,60,60,60,60,60,60,60,60,60,60,60,60,60,60,60,60,60,60,60,60,60,60,60,60,60,60,60,60,60,60,60,60,60,60,60,60,60,60,60,60,60,60,60,60,60,60,60,60],"relic_stats":{"Darkstone Periapt":0,"Regal Pillow":0,"counters":[30,208],"MawBank":72,"Peace Pipe":2,"Blood Vial":0,"Shovel":4,"TheAbacus":[642],"Ornamental Fan":[564],"Pandora\u0027s Box":["Deflect","Underhanded Strike","All Out Attack","Leg Sweep","Blade Dance","Expertise","Noxious Fumes","Bane"],"Kunai":[184],"obtain_stats":[{"Darkstone Periapt":15,"Potion Belt":27,"Regal Pillow":32,"Calipers":19,"Vajra":44,"Thread and Needle":29,"Omamori":40,"Incense Burner":45,"MawBank":48,"Peace Pipe":41,"Blood Vial":55,"CaptainsWheel":9,"Shovel":0,"TheAbacus":24,"DollysMirror":30,"Ornamental Fan":31,"Pandora\u0027s Box":17,"Red Mask":20,"Kunai":7,"Toxic Egg 2":26,"FossilizedHelix":11,"Ring of the Snake":0,"Runic Pyramid":34},{"Darkstone Periapt":9,"Potion Belt":14,"Regal Pillow":17,"Calipers":11,"Vajra":24,"Thread and Needle":16,"Omamori":22,"Incense Burner":25,"MawBank":26,"Peace Pipe":23,"Blood Vial":29,"CaptainsWheel":5,"Shovel":0,"TheAbacus":14,"DollysMirror":16,"Ornamental Fan":17,"Pandora\u0027s Box":10,"Red Mask":12,"Kunai":5,"Toxic Egg 2":14,"FossilizedHelix":6,"Ring of the Snake":0,"Runic Pyramid":18},{"Darkstone Periapt":44,"Potion Belt":75,"Regal Pillow":100,"Calipers":63,"Vajra":153,"Thread and Needle":92,"Omamori":134,"Incense Burner":159,"MawBank":166,"Peace Pipe":142,"Blood Vial":199,"CaptainsWheel":30,"Shovel":0,"TheAbacus":75,"DollysMirror":92,"Ornamental Fan":100,"Pandora\u0027s Box":57,"Red Mask":67,"Kunai":30,"Toxic Egg 2":75,"FossilizedHelix":34,"Ring of the Snake":0,"Runic Pyramid":112}],"Ring of the Snake":[60]},"card_choices":[{"not_picked":["Prepared","Underhanded Strike"],"picked":"Predator","floor":1.0},{"not_picked":["Setup","Bane"],"picked":"Flying Knee","floor":2.0},{"not_picked":["Prepared","Outmaneuver"],"picked":"Backstab","floor":3.0},{"not_picked":["Flying Knee","Heel Hook","Choke"],"picked":"SKIP","floor":5.0},{"not_picked":["Finisher","Outmaneuver","Distraction"],"picked":"SKIP","floor":7.0},{"not_picked":["Deflect","Catalyst"],"picked":"Cloak And Dagger","floor":10.0},{"not_picked":["Sucker Punch","Calculated Gamble"],"picked":"Footwork","floor":12.0},{"not_picked":["Expertise","Deadly Poison"],"picked":"Acrobatics","floor":13.0},{"not_picked":["Deadly Poison","Dash"],"picked":"Blade Dance","floor":14.0},{"not_picked":["Doppelganger","Unload"],"picked":"Venomology","floor":16.0},{"not_picked":["Flying Knee","Dagger Spray+1","Outmaneuver"],"picked":"SKIP","floor":18.0},{"not_picked":["Bane","Escape Plan"],"picked":"Concentrate","floor":20.0},{"not_picked":["Underhanded Strike","Slice","Dagger Throw+1"],"picked":"SKIP","floor":21.0},{"not_picked":["Underhanded Strike","Slice","Dagger Throw+1"],"picked":"SKIP","floor":21.0},{"not_picked":["Skewer","Choke","Flechettes"],"picked":"SKIP","floor":22.0},{"not_picked":["Riddle With Holes+1","Skewer","Quick Slash"],"picked":"SKIP","floor":28.0},{"not_picked":["Deflect+1","Dodge and Roll+1","Expertise+1"],"picked":"SKIP","floor":29.0},{"not_picked":["Deflect+1","Dodge and Roll+1","Expertise+1"],"picked":"SKIP","floor":29.0},{"not_picked":["Underhanded Strike","Sucker Punch","Blade Dance+1"],"picked":"SKIP","floor":31.0},{"not_picked":["Bullet Time+1","Die Die Die"],"picked":"Envenom","floor":33.0},{"not_picked":["Dodge and Roll+1","Crippling Poison+1"],"picked":"PiercingWail+1","floor":35.0},{"not_picked":["Cloak And Dagger+1","Catalyst+1"],"picked":"Blur+1","floor":37.0},{"not_picked":["Underhanded Strike","Quick Slash","Outmaneuver+1"],"picked":"SKIP","floor":38.0},{"not_picked":["Flechettes","Underhanded Strike","Eviscerate"],"picked":"SKIP","floor":39.0},{"not_picked":["Flechettes","Underhanded Strike","Eviscerate"],"picked":"SKIP","floor":39.0},{"not_picked":["Masterful Stab","Caltrops+1","Dagger Throw"],"picked":"SKIP","floor":41.0},{"not_picked":["Dagger Spray","Cloak And Dagger+1"],"picked":"Acrobatics+1","floor":44.0},{"not_picked":["Sucker Punch","Blur+1"],"picked":"Backflip+1","floor":45.0},{"not_picked":["Bouncing Flask+1","Accuracy+1"],"picked":"Adrenaline+1","floor":48.0},{"not_picked":["Backflip+1","Riddle With Holes+1","Leg Sweep+1"],"picked":"SKIP","floor":55}],"player_experience":2122166,"relics_obtained":[{"floor":7.0,"key":"Kunai"},{"floor":9.0,"key":"CaptainsWheel"},{"floor":11.0,"key":"FossilizedHelix"},{"floor":15.0,"key":"Darkstone Periapt"},{"floor":20.0,"key":"Red Mask"},{"floor":26.0,"key":"Toxic Egg 2"},{"floor":27.0,"key":"Potion Belt"},{"floor":29.0,"key":"Thread and Needle"},{"floor":31.0,"key":"Ornamental Fan"},{"floor":32.0,"key":"Regal Pillow"},{"floor":40.0,"key":"Omamori"},{"floor":41.0,"key":"Peace Pipe"},{"floor":44.0,"key":"Vajra"},{"floor":45.0,"key":"Incense Burner"},{"floor":48.0,"key":"MawBank"},{"floor":55,"key":"Blood Vial"}],"event_choices":[{"damage_healed":0.0,"max_hp_gain":0.0,"max_hp_loss":0.0,"gold_gain":0.0,"cards_transformed":["Strike_G"],"event_name":"Transmorgrifier","player_choice":"Transformed","floor":8.0,"gold_loss":0.0,"damage_taken":0.0,"cards_obtained":["Expertise"]},{"damage_healed":0.0,"max_hp_gain":0.0,"max_hp_loss":0.0,"gold_gain":0.0,"event_name":"Addict","player_choice":"Obtained Relic","floor":19.0,"gold_loss":85.0,"damage_taken":0.0,"relics_obtained":["Calipers"]},{"damage_healed":0.0,"max_hp_gain":0.0,"max_hp_loss":0.0,"gold_gain":0.0,"event_name":"Masked Bandits","player_choice":"Fought Bandits","floor":20.0,"gold_loss":0.0,"damage_taken":0.0},{"damage_healed":0.0,"max_hp_gain":0.0,"max_hp_loss":0.0,"gold_gain":0.0,"event_name":"Wheel of Change","player_choice":"Relic","floor":27.0,"gold_loss":0.0,"damage_taken":0.0},{"damage_healed":0.0,"max_hp_gain":0.0,"max_hp_loss":0.0,"gold_gain":0.0,"event_name":"Accursed Blacksmith","player_choice":"Forge","floor":36.0,"gold_loss":0.0,"damage_taken":0.0,"cards_upgraded":["Envenom"]},{"damage_healed":0.0,"max_hp_gain":0.0,"max_hp_loss":0.0,"gold_gain":0.0,"event_name":"Mysterious Sphere","player_choice":"Fight","floor":45.0,"gold_loss":0.0,"damage_taken":0.0},{"cards_removed":["Dagger Throw"],"damage_healed":0.0,"max_hp_gain":0.0,"max_hp_loss":0.0,"gold_gain":0.0,"event_name":"Falling","player_choice":"Removed Attack","floor":47.0,"gold_loss":0.0,"damage_taken":0.0}],"is_beta":true,"boss_relics":[{"not_picked":["Ring of the Serpent","Busted Crown"],"picked":"Pandora\u0027s Box"},{"not_picked":["Velvet Choker","Calling Bell"],"picked":"Runic Pyramid"}],"items_purged_floors":[4,46,54],"is_endless":false,"potions_floor_spawned":[2,5,12,14,16,18,22,29,31,37,44,45,48,55],"ascension_level":20}}