{"host":"j4js999tahsli5mc","time":1614256540,"event":{"mods":["AchievementEnabler","Act Like it!","Aspiration","BaseMod","Better Note","Better Silent Start","Energized Spire","GifTheSpireLib","Hermit","Hubris","Library of Ruina","Library of Ruina Extra","Lobotomy","LobotomyExtend","Marked Mod","Minty Spire (QoL Compilation)","Rare Cards Sparkle","Reliquary","Replay The Spire","Ruina","StSLib","The Blue Laboratory"],"gold_per_floor":[118,136,151,206,220,248,260,260,260,112,112,15,36,52,52,157,207,207,10,10,28,44,44,54,54,81,96,46,46,46,57,57,162,162,181,181,181,181,199,199,214,214,214,214,240,32,42,54,54,54,54,54,17,48,48,48],"floor_reached":55,"language":"ENG","playtime":2770,"items_purged":[],"score":722,"play_id":"d1186674-3b95-4567-80c6-355a2ad7ab06","local_time":"20210225073540","is_ascension_mode":false,"campfire_choices":[{"floor":8.0,"key":"REST"},{"floor":15.0,"key":"REST"},{"floor":23.0,"key":"REST"},{"floor":25.0,"key":"RECALL"},{"floor":32.0,"key":"REST"},{"data":"Reload","floor":40.0,"key":"SMITH"},{"floor":42.0,"key":"REST"},{"data":"UnforgettableMelody","floor":44.0,"key":"SMITH"},{"floor":49.0,"key":"REST"},{"data":"Unlock1","floor":52,"key":"SMITH"}],"circlet_count":0,"master_deck":["Dodge","LightAttack","LightAttack","LightAttack","LightDefense","LightDefense","LightDefense","FocusedStrikes","Unlock1+1","SuppressingShot","UnforgettableMelody+1","Guardian_lor+1","FrontalAssault","QuickAttack","Swift Strike","Mind Blast+1","ReplayTheSpireMod:Splinters","GuardingStance","TendonChords","Unlock1+1","Reload+1","RushDown","UnforgettableMelody+1","PreemptiveStrike+1","StrikeDown+1","SharpSwipe+1","SummaryJudgment","Clumsy","Wallop_lor","SuppressingShot+1","QuickAttack+1","Delirium","Writhe","SuppressingShot+1","SharpSwipe","Reload+1","Faith+1","BattleCommand","Swift Strike","NightInTheBackstreets","Unlock1+1","ChopItOff+1","ICanCookAnything","SharpNails","WildCard"],"relics":["PageOfLibrarian","Nunchaku","LetterFromLob","reliquary:Buckler","PageOfRedShoes","Tiny House","Dream Catcher","ruina:FalsePresent","hubris:SphereOfDissonance","SlaversCollar","ReplayTheSpireMod:Ring of Exchange","Shuriken","reliquary:Aerogel","Replay:Multitool"],"acts_visited":["Exordium","ruina:Briah","TheBeyond","TheEnding"],"potions_floor_usage":[55,55],"damage_taken":[{"damage":0.0,"enemies":"Jaw Worm","floor":1.0,"turns":5.0},{"damage":0.0,"enemies":"Small Slimes","floor":2.0,"turns":2.0},{"damage":0.0,"enemies":"2 Louse","floor":3.0,"turns":3.0},{"damage":0.0,"enemies":"Looter","floor":5.0,"turns":2.0},{"damage":7.0,"enemies":"3 Sentries","floor":6.0,"turns":6.0},{"damage":0.0,"enemies":"3 Louse","floor":7.0,"turns":3.0},{"damage":11.0,"enemies":"Large Slime","floor":14.0,"turns":4.0},{"damage":9.0,"enemies":"The Guardian","floor":16.0,"turns":5.0},{"damage":13.0,"enemies":"ruina:2_Scarecrows","floor":21.0,"turns":3.0},{"damage":13.0,"enemies":"ruina:Nosferatu","floor":22.0,"turns":2.0},{"damage":0.0,"enemies":"ruina:QueenOfHate","floor":24.0,"turns":3.0},{"damage":15.0,"enemies":"ruina:Nos_and_Bat","floor":27.0,"turns":3.0},{"damage":1.0,"enemies":"ruina:KingOfGreed","floor":31.0,"turns":4.0},{"damage":13.0,"enemies":"ruina:Red_and_Wolf","floor":33.0,"turns":4.0},{"damage":7.0,"enemies":"3 Shapes","floor":35.0,"turns":2.0},{"damage":0.0,"enemies":"Orb Walker","floor":39.0,"turns":1.0},{"damage":6.0,"enemies":"Writhing Mass","floor":41.0,"turns":2.0},{"damage":22.0,"enemies":"Nemesis","floor":45.0,"turns":3.0},{"damage":14.0,"enemies":"4 Shapes","floor":47.0,"turns":3.0},{"damage":0.0,"enemies":"Maw","floor":48.0,"turns":3.0},{"damage":65.0,"enemies":"Awakened One","floor":50.0,"turns":6.0},{"damage":8,"enemies":"Shield and Spear","floor":54,"turns":3},{"damage":108,"enemies":"The Heart","floor":55,"turns":5}],"seed_played":"5564502767574627915","potions_obtained":[{"floor":2.0,"key":"Elixir"},{"floor":5.0,"key":"BlessingOfTheForge"},{"floor":7.0,"key":"SteroidPotion"},{"floor":27.0,"key":"Swift Potion"},{"floor":28.0,"key":"LiquidBronze"}],"is_trial":false,"path_per_floor":["M","M","M","?","M","E","M","R","T","$","?","$","?","M","R","B",null,"M","$","?","M","M","R","M","R","T","M","?","?","T","M","R","B",null,"M","?","?","?","M","R","M","R","T","R","E","$","M","M","R","B",null,"R","$","E","B"],"character_chosen":"Librarian","items_purchased":["blueLaboratory:FruitPunch","Swift Strike","Mind Blast","Reload","RushDown","UnforgettableMelody","BattleCommand","Swift Strike","NightInTheBackstreets","SharpNails"],"campfire_rested":6,"item_purchase_floors":[10,10,12,19,19,19,46,46,46,53],"current_hp_per_floor":[60,60,60,60,60,53,53,79,79,79,79,79,79,68,88,79,93,93,93,96,85,72,98,98,98,98,83,79,91,91,92,93,80,93,86,86,93,93,93,93,87,93,93,93,71,71,57,57,84,23,93,93,93,85,0,0],"gold":48,"neow_bonus":"RANDOM_COMMON_RELIC","is_daily":false,"chose_seed":false,"campfire_upgraded":3,"win_rate":0.0,"timestamp":1614256540,"path_taken":["M","M","M","?","M","E","M","R","T","$","?","$","?","M","R","BOSS","M","$","?","M","M","R","M","R","T","M","?","?","?","M","R","BOSS","M","?","?","?","M","R","?","R","T","R","E","$","M","M","R","BOSS","R","$","E","BOSS"],"items_purchased_type":["Potion","Card","Card","Card","Card","Card","Card","Card","Card","Card"],"build_version":"2020-12-22","purchased_purges":0,"victory":false,"max_hp_per_floor":[88,88,88,88,88,88,88,88,88,88,88,88,88,88,88,88,93,93,93,96,98,98,98,98,98,98,98,93,93,93,93,93,93,93,93,93,93,93,93,93,93,93,93,93,93,93,93,93,93,93,93,93,93,93,93,93],"card_choices":[{"not_picked":["DestructiveImpact","SetFire","EndlessBattle","EnergyCycle","YourShield","Overcharge","FierceCharge","QuickSuppression"],"picked":"Unlock1","floor":1.0},{"not_picked":["SmokingPipe","NonstopAssault","BiAn","FierceCharge","BackAttack","Thrust","HiddenBlade","GrazeTheGrass"],"picked":"SuppressingShot","floor":2.0},{"not_picked":["NonstopAssault","Parry2","Multislash","Mutilate","ForTheFamily","CombatPreparation","CircusKnives","StrongStrike"],"picked":"UnforgettableMelody","floor":3.0},{"not_picked":["ChopItOff","RepressedFlesh","StrikeDown","Wallop_lor","MindWhip","Leap_lor","InhaleSmoke","UnavoidableGaze"],"picked":"Guardian_lor","floor":5.0},{"not_picked":["PreemptiveStrike","DefenseOrder","LossOfSenses","DestructiveImpact","StrikeDown","UncannyStrike","QuickSuppression","SparkingSpear"],"picked":"FrontalAssault","floor":6.0},{"not_picked":["Multislash","Pound","StayCalm","Crush","BulkyImpact","SkitterAway","ClassAndRespect","SparkingSpear"],"picked":"QuickAttack","floor":7.0},{"not_picked":["BiAn","AssaultOrder","KeepItFresh","WrathOfTorment","Transpierce","DefenseOrder","EnergyStrike","FieryDragonSlash"],"picked":"GuardingStance","floor":13.0},{"not_picked":["CookingPrep","ClassAndRespect","Standoff","Marionette","Track","MultiBlock","Wallop_lor","ViolentFlame"],"picked":"TendonChords","floor":14.0},{"not_picked":["Parry","IllEndYou","SmokingPipe","QuickSuppression","BizarreAttack","HeavyPeaks","HandleRequest","SerpentSwordTechnique"],"picked":"Unlock1","floor":17.0},{"not_picked":["RipSpace","Duel_lor+1","Leap_lor","Laceration+1","BackAttack","HardRehearsal","IngredientHunt","SerpentSwordTechnique+1"],"picked":"PreemptiveStrike+1","floor":21.0},{"not_picked":["TimeForALittleTest","EnergyConversion+1","StayCalm","GuidanceOfTheGears","Rewind","Rampage_lor","SerpentSwordTechnique","NonstopAssault"],"picked":"StrikeDown+1","floor":22.0},{"not_picked":["TendonChords","MindPrepared","Wallop_lor","CoordinatedAssault","SkitterAway","CircusKnives+1","PinpointShot+1","Pound"],"picked":"SharpSwipe+1","floor":24.0},{"not_picked":["LossOfSenses","NightInTheBackstreets+1","RatsGuideToSurvival","Marionette+1","HiddenBlade","SteelKnuckles","WillProduceFineSilk","ElectricShock+1"],"picked":"SummaryJudgment","floor":27.0},{"not_picked":["StructuralAnalysis","Outburst","ClassAndRespect","QuickAttack+1","UpbeatPerformance","SnakesPrey+1","SharpSwipe","Rewind"],"picked":"Wallop_lor","floor":31.0},{"not_picked":["SnakeSlit","Castigation","PreemptiveStrike","SunsetBlade","Eject+1","BladeWhirl+1","PinpointShot","TendonChords"],"picked":"SuppressingShot+1","floor":32.0},{"not_picked":["Leap_lor","Gamble","TrashDisposal","SharpSwipe","OpportunitySpotted","ChiWen","QuickSuppression+1","GrazeTheGrass"],"picked":"QuickAttack+1","floor":35.0},{"not_picked":["Thrust","Quickness+1","FervidEmotions","BackstreetsDash","FleetFootsteps","Slice_lor","SuanNi","CoordinatedAssault"],"picked":"SuppressingShot+1","floor":39.0},{"not_picked":["FeatherShield+1","QuickAttack+1","MindCrush","EnergyConversion","Multislash+1","IllEndYou+1","BiAn","SmokingPipe+1"],"picked":"SharpSwipe","floor":41.0},{"not_picked":["MultiHit+1","CoordinatedAssault","NightInTheBackstreets","SharpNails+1","GuidanceOfTheGears+1","FleetEdge","RapidGashes","Multislash+1"],"picked":"Reload+1","floor":42.0},{"not_picked":["Suppress","MultiBlock+1","DevastatingThrash","Rewind","HighKick","Standoff+1","DimensionalRift","SnakesPrey+1"],"picked":"Faith+1","floor":45.0},{"not_picked":["Quickness","AutomatedMovement","MindCrush","GrazeTheGrass+1","SearingSword","Rewind+1","UndertakePrescript","SkyClearingCut"],"picked":"Unlock1+1","floor":47.0},{"not_picked":["CircusKnives+1","Parry+1","StructuralAnalysis","Faith","MultiBlock","Cruelty","AutonomousRush+1","TasteMyFlamingBat+1"],"picked":"ChopItOff+1","floor":48.0},{"not_picked":["TrimTheIngredients+1","Laceration+1","DesperateStruggle+1","SinglePointStab+1","FleetFootsteps","FaintMemories","GrazeTheGrass+1","BiAn"],"picked":"ICanCookAnything","floor":49.0},{"not_picked":["OpportunitySpotted","ClassAndRespect+1","GaleKick+1","WillOfThePrescript","Standoff+1","Gamble","GrazeTheGrass","Faith"],"picked":"WildCard","floor":54}],"player_experience":487031,"relics_obtained":[{"floor":1.0,"key":"LetterFromLob"},{"floor":6.0,"key":"reliquary:Buckler"},{"floor":13.0,"key":"PageOfRedShoes"},{"floor":26.0,"key":"Dream Catcher"},{"floor":30.0,"key":"hubris:SphereOfDissonance"},{"floor":36.0,"key":"ReplayTheSpireMod:Ring of Exchange"},{"floor":43.0,"key":"Shuriken"},{"floor":45.0,"key":"reliquary:Aerogel"},{"floor":54,"key":"Replay:Multitool"}],"event_choices":[{"damage_healed":0.0,"max_hp_gain":0.0,"max_hp_loss":0.0,"gold_gain":55.0,"event_name":"Golden Wing","player_choice":"Gained Gold","floor":4.0,"gold_loss":0.0,"damage_taken":0.0},{"damage_healed":0.0,"max_hp_gain":0.0,"max_hp_loss":0.0,"gold_gain":0.0,"event_name":"Living Wall","player_choice":"Grow","floor":11.0,"gold_loss":0.0,"damage_taken":0.0,"cards_upgraded":["Unlock1"]},{"damage_healed":23.0,"max_hp_gain":0.0,"max_hp_loss":0.0,"gold_gain":0.0,"event_name":"Winding Halls","player_choice":"Writhe","floor":37.0,"gold_loss":0.0,"damage_taken":0.0,"cards_obtained":["Writhe"]},{"damage_healed":0.0,"max_hp_gain":0.0,"max_hp_loss":0.0,"gold_gain":0.0,"event_name":"Tomb of Lord Red Mask","player_choice":"Ignored","floor":38.0,"gold_loss":0.0,"damage_taken":0.0}],"is_beta":false,"boss_relics":[{"not_picked":["Ring of Chaos","reliquary:WritOfMandamus"],"picked":"Tiny House"},{"not_picked":["Replay:Bronze Core","Coffee Dripper"],"picked":"SlaversCollar"}],"items_purged_floors":[],"is_endless":false,"potions_floor_spawned":[2,5,7,14,27,31,35,41,45,47],"killed_by":"The Heart","ascension_level":0}}