{"host":"c3mohl8225ccym5l","time":1614235333,"event":{"mods":["Act Like it!","BaseMod","Beaked The Cultist","BetterRewards","Card Forge","Downfall","Duelist Mod","Glutton Mod","GungeonMod","Hallownest","Hermit","Ironclad Rager","Jorbs\u0027s Wanderer Trilogy","Marisa????????","Marked Mod","Minty Spire (QoL Compilation)","Pikachu Mod","Shade Mod","Shop Mod","StSLib","Td1madao Mod","The Administrix","The Blackbeard","The Bladedancer","The Bug Knight","The Clintock","The Construct","The Cursed","The Disciple","The Hierophant","The Jungle","The Kombatant","The Marked","The Necromancer","The Poker Player","The Senshi","The Servant 0.9.4","The Wild Card","TheBandit","TheFirefly","TheVacant","Yuri Mod"],"gold_per_floor":[133,164,164,216,239,239,274,43,68,68,101,101,165,206,206,330,330,374,387,144,157,173,173,173],"floor_reached":23,"language":"ENG","playtime":897,"items_purged":["Strike_B","Strike_B"],"score":195,"play_id":"acb80d3d-c6ce-404a-8097-176b3bd66493","local_time":"20210225004213","is_ascension_mode":false,"campfire_choices":[{"floor":6,"key":"REST"},{"floor":15,"key":"REST"}],"circlet_count":0,"master_deck":["Strike_B","Strike_B","Defend_B","Defend_B","Defend_B","Defend_B","Zap+1","Dualcast","Defragment+1","HandOfGreed+1","Stack+1","Melter+1","Amplify+1","Genetic Algorithm+1","Conserve Battery+1","Genetic Algorithm+1","Storm+1"],"relics":["Cracked Core","Hammer of Thor","Seething Fire","Anvil of the Gods","WingedGreaves","DemoMod:GundromedaStrain","Lantern","DemoMod:GnawedKey","Golden Idol","DemoMod:PoisonVial","Toy Ornithopter","Bronze Scales","Cursed Key","Runic Capacitor"],"acts_visited":["Exordium","Exordium"],"potions_floor_usage":[13,13,14,23,23],"damage_taken":[{"damage":0,"enemies":"2 Louse","floor":1,"turns":2},{"damage":0,"enemies":"Small Slimes","floor":2,"turns":3},{"damage":0,"enemies":"Cultist","floor":5,"turns":2},{"damage":6,"enemies":"Exordium Wildlife","floor":7,"turns":4},{"damage":18,"enemies":"Gremlin Gang","floor":11,"turns":3},{"damage":14,"enemies":"Gremlin Nob","floor":13,"turns":4},{"damage":0,"enemies":"Red Slaver","floor":14,"turns":1},{"damage":26,"enemies":"The Guardian","floor":16,"turns":9},{"damage":0,"enemies":"theJungle:MUSHROOMGANG","floor":18,"turns":4},{"damage":0,"enemies":"Shell Parasite","floor":19,"turns":2},{"damage":23,"enemies":"theJungle:JungleHuntersEncounter","floor":21,"turns":5},{"damage":0,"enemies":"Snake Plant","floor":22,"turns":2},{"damage":74,"enemies":"theJungle:MamaSnecko","floor":23,"turns":8}],"seed_played":"-4857618598469187882","potions_obtained":[{"floor":2,"key":"SpeedPotion"},{"floor":11,"key":"EssenceOfSteel"},{"floor":13,"key":"SneckoOil"},{"floor":16,"key":"SteroidPotion"},{"floor":21,"key":"Strength Potion"}],"is_trial":false,"path_per_floor":["M","M","?","?","M","R","M","$","T","?","M","?","E","M","R","B",null,"M","M","$","M","M","E"],"character_chosen":"DEFECT","items_purchased":["Defragment","Lantern","HandOfGreed","Stack","DemoMod:GnawedKey","Amplify","Runic Capacitor"],"campfire_rested":2,"item_purchase_floors":[0,0,0,0,0,8,20],"current_hp_per_floor":[40,40,22,22,22,44,38,38,38,38,20,20,16,21,43,17,75,75,75,75,52,52,0,0],"gold":173,"neow_bonus":"","is_daily":false,"chose_seed":false,"campfire_upgraded":0,"win_rate":0.0,"timestamp":1614235333,"path_taken":["M","M","?","?","M","R","M","$","T","?","?","?","E","M","R","BOSS","M","?","$","M","M","E"],"items_purchased_type":["Card","Relic","Card","Card","Relic","Card","Relic"],"build_version":"2020-12-22","purchased_purges":2,"victory":false,"max_hp_per_floor":[75,75,75,75,75,75,75,75,75,75,75,75,75,75,75,75,75,75,75,75,75,75,75,75],"card_choices":[{"not_picked":["Go for the Eyes","Sweeping Beam","Barrage"],"picked":"SKIP","floor":1},{"not_picked":["Sweeping Beam","Stack"],"picked":"Melter","floor":2},{"not_picked":["Streamline","Chill"],"picked":"Seek","floor":5},{"not_picked":["Redo","Doom and Gloom","Steam"],"picked":"SKIP","floor":7},{"not_picked":["Gash","Go for the Eyes","Hologram"],"picked":"SKIP","floor":11},{"not_picked":["Auto Shields","Conserve Battery"],"picked":"Genetic Algorithm","floor":13},{"not_picked":["Steam Power","Compile Driver"],"picked":"Conserve Battery","floor":14},{"not_picked":["Beam Cell","Steam","Melter"],"picked":"SKIP","floor":18},{"not_picked":["Recycle","Chill"],"picked":"Genetic Algorithm","floor":19},{"not_picked":["Hologram","Gash+1","Compile Driver+1"],"picked":"SKIP","floor":21},{"not_picked":["Beam Cell","Turbo"],"picked":"Storm+1","floor":22}],"player_experience":212388,"relics_obtained":[{"floor":9,"key":"DemoMod:PoisonVial"},{"floor":13,"key":"Bronze Scales"}],"event_choices":[{"damage_healed":0,"gold_gain":0,"player_choice":"Take Damage","damage_taken":18,"relics_obtained":["Golden Idol"],"max_hp_gain":0,"max_hp_loss":0,"event_name":"Golden Idol","floor":3,"gold_loss":0},{"damage_healed":0,"gold_gain":52,"player_choice":"Gained Gold","damage_taken":0,"max_hp_gain":0,"max_hp_loss":0,"event_name":"Golden Wing","floor":4,"gold_loss":0},{"damage_healed":0,"gold_gain":0,"player_choice":"Ignored","damage_taken":0,"max_hp_gain":0,"max_hp_loss":0,"event_name":"NoteForYourself","floor":10,"gold_loss":0},{"cards_removed":["Seek"],"damage_healed":0,"gold_gain":0,"player_choice":"Gave Card","damage_taken":0,"relics_obtained":["Toy Ornithopter"],"max_hp_gain":0,"max_hp_loss":0,"event_name":"WeMeetAgain","floor":12,"gold_loss":0}],"is_beta":false,"boss_relics":[{"not_picked":["Philosopher\u0027s Stone","bronze:MakeshiftBattery"],"picked":"Cursed Key"}],"items_purged_floors":[8,20],"is_endless":false,"potions_floor_spawned":[2,11,13,14,16,21],"killed_by":"theJungle:MamaSnecko","ascension_level":0}}