{"host":"ec09novo68szpe7d","time":1614272076,"event":{"mods":["AchievementEnabler","BaseMod","Bestiary","Minty Spire (QoL Compilation)","StSLib"],"gold_per_floor":[117,134,146,146,156,156,190,190,217,247,17,17,34,55,55,160,160,171,171,86,121,135,170,16,43,43,72,151,151,168,184,184,282,282,292,310,329,24,74,100,100,100,148,48,73,92,123,142,142,142,142,142,71,105,105],"floor_reached":56,"language":"ENG","playtime":3847,"items_purged":["Strike_G","Strike_G+1"],"score":1813,"play_id":"a0b435b9-8e65-4c77-b4b2-c735a6ac3468","local_time":"20210225175436","is_ascension_mode":true,"campfire_choices":[{"data":"Accuracy","floor":6.0,"key":"SMITH"},{"floor":8.0,"key":"REST"},{"data":"Malaise","floor":12.0,"key":"SMITH"},{"data":"Blade Dance","floor":15.0,"key":"SMITH"},{"data":"Blade Dance","floor":32.0,"key":"SMITH"},{"floor":42.0,"key":"RECALL"},{"data":"Night Terror","floor":49.0,"key":"SMITH"},{"data":"After Image","floor":52.0,"key":"SMITH"}],"circlet_count":0,"master_deck":["Strike_G+1","Strike_G+1","Strike_G+1","Defend_G+1","Defend_G+1","Defend_G+1","Defend_G+1","Defend_G+1","Survivor","Neutralize","Dagger Throw","Acrobatics","Blade Dance+1","Accuracy+1","Malaise+1","Terror","Backflip","After Image+1","Blade Dance+1","Blade Dance","After Image","Blade Dance+1","Flash of Steel","Night Terror+1","Reflex+1","Infinite Blades+1"],"relics":["HoveringKite","Bird Faced Urn","Bag of Marbles","Happy Flower","PreservedInsect","Odd Mushroom","Sozu","Lantern","Red Mask","Toy Ornithopter","Omamori","Orichalcum","InkBottle","Juzu Bracelet","WarpedTongs","WristBlade","Nunchaku","Chemical X","Gambling Chip","Anchor","Boot","Meat on the Bone","Frozen Egg 2","Snake Skull"],"acts_visited":["Exordium","TheCity","TheBeyond","TheEnding"],"potions_floor_usage":[],"damage_taken":[{"damage":0.0,"enemies":"Jaw Worm","floor":1.0,"turns":6.0},{"damage":1.0,"enemies":"Small Slimes","floor":2.0,"turns":4.0},{"damage":3.0,"enemies":"2 Louse","floor":3.0,"turns":2.0},{"damage":0.0,"enemies":"Gremlin Gang","floor":4.0,"turns":3.0},{"damage":5.0,"enemies":"Red Slaver","floor":5.0,"turns":5.0},{"damage":27.0,"enemies":"3 Sentries","floor":7.0,"turns":10.0},{"damage":10.0,"enemies":"Gremlin Nob","floor":10.0,"turns":3.0},{"damage":0.0,"enemies":"Looter","floor":13.0,"turns":2.0},{"damage":6.0,"enemies":"The Mushroom Lair","floor":14.0,"turns":4.0},{"damage":0.0,"enemies":"Slime Boss","floor":16.0,"turns":3.0},{"damage":1.0,"enemies":"Shell Parasite","floor":18.0,"turns":4.0},{"damage":0.0,"enemies":"Masked Bandits","floor":21.0,"turns":5.0},{"damage":0.0,"enemies":"3 Byrds","floor":22.0,"turns":6.0},{"damage":0.0,"enemies":"Gremlin Leader","floor":23.0,"turns":5.0},{"damage":13.0,"enemies":"Book of Stabbing","floor":25.0,"turns":5.0},{"damage":0.0,"enemies":"Gremlin Leader","floor":27.0,"turns":5.0},{"damage":0.0,"enemies":"3 Cultists","floor":30.0,"turns":3.0},{"damage":1.0,"enemies":"Snake Plant","floor":31.0,"turns":3.0},{"damage":0.0,"enemies":"Champ","floor":33.0,"turns":6.0},{"damage":0.0,"enemies":"3 Shapes","floor":35.0,"turns":5.0},{"damage":0.0,"enemies":"3 Darklings","floor":36.0,"turns":3.0},{"damage":9.0,"enemies":"Jaw Worm Horde","floor":37.0,"turns":5.0},{"damage":0.0,"enemies":"Mind Bloom Boss Battle","floor":39.0,"turns":3.0},{"damage":0.0,"enemies":"Giant Head","floor":40.0,"turns":2.0},{"damage":0.0,"enemies":"Nemesis","floor":45.0,"turns":3.0},{"damage":15.0,"enemies":"4 Shapes","floor":46.0,"turns":3.0},{"damage":0.0,"enemies":"Reptomancer","floor":47.0,"turns":2.0},{"damage":0.0,"enemies":"Writhing Mass","floor":48.0,"turns":2.0},{"damage":8.0,"enemies":"Donu and Deca","floor":50.0,"turns":4.0},{"damage":21.0,"enemies":"Shield and Spear","floor":54.0,"turns":4.0},{"damage":43,"enemies":"The Heart","floor":55,"turns":6}],"seed_played":"4206023948892382987","potions_obtained":[{"floor":1.0,"key":"SmokeBomb"},{"floor":7.0,"key":"Fire Potion"},{"floor":14.0,"key":"EssenceOfSteel"},{"floor":16.0,"key":"FairyPotion"}],"is_trial":false,"path_per_floor":["M","M","M","M","M","R","E","R","T","E","$","R","M","?","R","B",null,"M","?","?","?","M","E","$","E","T","E","T","?","M","M","R","B",null,"M","M","M","$","?","E","?","R","T","$","E","M","E","M","R","B",null,"R","$","E","B",null],"character_chosen":"THE_SILENT","items_purchased":["PreservedInsect","Omamori","Nunchaku","Chemical X","Infinite Blades+1"],"campfire_rested":1,"item_purchase_floors":[11,24,38,38,53],"current_hp_per_floor":[70,69,66,66,61,61,34,55,55,47,47,47,49,45,45,47,64,67,67,67,70,70,70,70,57,57,61,61,61,65,68,68,70,70,70,70,65,65,70,70,70,70,70,70,70,57,61,65,65,63,68,68,68,53,36],"gold":105,"neow_bonus":"BOSS_RELIC","is_daily":false,"chose_seed":false,"campfire_upgraded":6,"win_rate":0.0,"timestamp":1614272076,"path_taken":["M","M","M","M","M","R","E","R","T","E","$","R","M","?","R","BOSS","M","?","?","?","M","E","$","E","T","E","?","?","M","M","R","BOSS","M","M","M","$","?","E","?","R","T","$","E","M","E","M","R","BOSS","R","$","E","BOSS"],"items_purchased_type":["Relic","Relic","Relic","Relic","Card"],"build_version":"2020-12-22","purchased_purges":2,"victory":true,"max_hp_per_floor":[70,70,70,70,70,70,70,70,70,70,70,70,70,70,70,70,70,70,70,70,70,70,70,70,70,70,70,70,70,70,70,70,70,70,70,70,70,70,70,70,70,70,70,70,70,70,70,70,70,70,70,70,70,70,70],"card_choices":[{"not_picked":["Riddle With Holes","Cloak And Dagger"],"picked":"Dagger Throw","floor":1.0},{"not_picked":["Dodge and Roll","Flechettes"],"picked":"Acrobatics","floor":2.0},{"not_picked":["Prepared","Deadly Poison"],"picked":"Blade Dance","floor":3.0},{"not_picked":["Outmaneuver","Deflect"],"picked":"Accuracy","floor":5.0},{"not_picked":["Choke","Prepared"],"picked":"Malaise","floor":7.0},{"not_picked":["Outmaneuver","Flying Knee"],"picked":"Terror","floor":10.0},{"not_picked":["Quick Slash","Poisoned Stab","Underhanded Strike"],"picked":"SKIP","floor":13.0},{"not_picked":["Acrobatics","Dagger Spray"],"picked":"Backflip","floor":14.0},{"not_picked":["Glass Knife","Adrenaline"],"picked":"After Image","floor":16.0},{"not_picked":["Dodge and Roll+1","Poisoned Stab+1","Prepared"],"picked":"SKIP","floor":18.0},{"not_picked":["Blur+1","Leg Sweep","Underhanded Strike"],"picked":"SKIP","floor":22.0},{"not_picked":["Calculated Gamble+1","Deadly Poison+1"],"picked":"Blade Dance","floor":23.0},{"not_picked":["Outmaneuver","Deadly Poison+1"],"picked":"Blade Dance","floor":25.0},{"not_picked":["Calculated Gamble+1","Slice","Dodge and Roll"],"picked":"SKIP","floor":27.0},{"not_picked":["Deadly Poison","Outmaneuver","Caltrops+1"],"picked":"SKIP","floor":30.0},{"not_picked":["Sucker Punch+1","Outmaneuver+1","Quick Slash"],"picked":"SKIP","floor":31.0},{"not_picked":["Tools of the Trade","Corpse Explosion"],"picked":"After Image","floor":33.0},{"not_picked":["Dagger Throw","Backflip+1","All Out Attack"],"picked":"SKIP","floor":35.0},{"not_picked":["Bouncing Flask+1","Concentrate","Underhanded Strike"],"picked":"SKIP","floor":36.0},{"not_picked":["Bane+1","Poisoned Stab+1"],"picked":"Blade Dance+1","floor":37.0},{"not_picked":["Backflip","Catalyst+1","Blur"],"picked":"SKIP","floor":40.0},{"not_picked":["Madness","PanicButton"],"picked":"Flash of Steel","floor":41.0},{"not_picked":["Heel Hook","Dagger Throw+1"],"picked":"Night Terror","floor":45.0},{"not_picked":["Outmaneuver+1","Backflip","Cloak And Dagger"],"picked":"SKIP","floor":46.0},{"not_picked":["Dodge and Roll","Deadly Poison","Cloak And Dagger+1"],"picked":"SKIP","floor":47.0},{"not_picked":["Skewer","Dodge and Roll+1"],"picked":"Reflex+1","floor":48.0},{"not_picked":["Flechettes","Blade Dance+1","Dagger Throw"],"picked":"SKIP","floor":54.0}],"player_experience":273511,"relics_obtained":[{"floor":7.0,"key":"Bird Faced Urn"},{"floor":9.0,"key":"Bag of Marbles"},{"floor":10.0,"key":"Happy Flower"},{"floor":14.0,"key":"Odd Mushroom"},{"floor":21.0,"key":"Red Mask"},{"floor":23.0,"key":"Toy Ornithopter"},{"floor":25.0,"key":"Orichalcum"},{"floor":26.0,"key":"InkBottle"},{"floor":27.0,"key":"Juzu Bracelet"},{"floor":39.0,"key":"Gambling Chip"},{"floor":40.0,"key":"Anchor"},{"floor":43.0,"key":"Boot"},{"floor":45.0,"key":"Meat on the Bone"},{"floor":47.0,"key":"Frozen Egg 2"},{"floor":54.0,"key":"Snake Skull"}],"event_choices":[{"damage_healed":0.0,"max_hp_gain":0.0,"max_hp_loss":0.0,"gold_gain":0.0,"event_name":"Mushrooms","player_choice":"Fought Mushrooms","floor":14.0,"gold_loss":0.0,"damage_taken":0.0},{"damage_healed":0.0,"max_hp_gain":0.0,"max_hp_loss":0.0,"gold_gain":0.0,"event_name":"Back to Basics","player_choice":"Simplicity","floor":19.0,"gold_loss":0.0,"damage_taken":0.0,"cards_upgraded":["Strike_G","Strike_G","Strike_G","Strike_G","Defend_G","Defend_G","Defend_G","Defend_G","Defend_G"]},{"damage_healed":0.0,"max_hp_gain":0.0,"max_hp_loss":0.0,"gold_gain":0.0,"event_name":"Addict","player_choice":"Obtained Relic","floor":20.0,"gold_loss":85.0,"damage_taken":0.0,"relics_obtained":["Lantern"]},{"damage_healed":0.0,"max_hp_gain":0.0,"max_hp_loss":0.0,"gold_gain":0.0,"event_name":"Masked Bandits","player_choice":"Fought Bandits","floor":21.0,"gold_loss":0.0,"damage_taken":0.0},{"damage_healed":0.0,"max_hp_gain":0.0,"max_hp_loss":0.0,"gold_gain":0.0,"event_name":"Accursed Blacksmith","player_choice":"Rummage","floor":29.0,"gold_loss":0.0,"damage_taken":0.0,"relics_obtained":["WarpedTongs"],"cards_obtained":["Pain"]},{"damage_healed":0.0,"max_hp_gain":0.0,"max_hp_loss":0.0,"gold_gain":0.0,"event_name":"MindBloom","player_choice":"Fight","floor":39.0,"gold_loss":0.0,"damage_taken":0.0},{"damage_healed":0.0,"max_hp_gain":0.0,"max_hp_loss":0.0,"gold_gain":0.0,"event_name":"SensoryStone","player_choice":"Memory 1","floor":41.0,"gold_loss":0.0,"damage_taken":0.0}],"is_beta":false,"boss_relics":[{"not_picked":["Calling Bell","Astrolabe"],"picked":"Sozu"},{"not_picked":["Empty Cage","Black Star"],"picked":"WristBlade"}],"items_purged_floors":[11,44],"is_endless":false,"potions_floor_spawned":[1,4,7,14,16,21,27,30,31,35,36,40,45,47],"ascension_level":5}}