{"host":"08xvxt5w1s7zc7e5","time":1614248126,"event":{"mods":["AchievementEnabler","BaseMod","DeckTracker","Minty Spire (QoL Compilation)","Quick Restart","StSLib","SuperFastMode"],"gold_per_floor":[13,13,13,13,27,27,52,52,52,87,12,12,30,30,30,155,155,178,178,199,50,69,69,69,69,122,24,67,29,29,43,43,171,171,194,253,253,77,97,130,130,230,253,253,297,154,178,192,192,192,192],"floor_reached":50,"language":"KOR","playtime":1390,"items_purged":["Defend_G","Writhe"],"score":847,"play_id":"51c84574-cd7e-425d-9613-2e117ee56bd0","local_time":"20210225191526","is_ascension_mode":true,"campfire_choices":[{"data":"1","floor":6.0,"key":"LIFT"},{"data":"2","floor":8.0,"key":"LIFT"},{"data":"3","floor":12.0,"key":"LIFT"},{"data":"Prepared","floor":15.0,"key":"SMITH"},{"data":"Blade Dance","floor":23.0,"key":"SMITH"},{"data":"Night Terror","floor":25.0,"key":"SMITH"},{"data":"Deep Breath","floor":32.0,"key":"SMITH"},{"data":"Burst","floor":41,"key":"SMITH"},{"data":"Envenom","floor":44,"key":"SMITH"},{"floor":49,"key":"REST"}],"circlet_count":0,"master_deck":["AscendersBane","Strike_G","Strike_G","Strike_G","Strike_G","Strike_G","Defend_G","Defend_G","Defend_G","Defend_G","Survivor","Neutralize+1","Underhanded Strike","Backstab","Dagger Spray","Prepared+1","Night Terror+1","Blade Dance+1","Footwork","Blur+1","Outmaneuver+1","Ghostly","Ghostly","Ghostly","Ghostly","Ghostly","Terror","PiercingWail","Tactician+1","Finisher","Deep Breath+1","Concentrate+1","Burst+1","Calculated Gamble","Envenom+1","Escape Plan","Blade Dance+1","Poisoned Stab+1","Phantasmal Killer","Catalyst+1","Prepared"],"relics":["Ring of the Snake","Girya","Golden Idol","White Beast Statue","Turnip","HoveringKite","Strange Spoon","Ancient Tea Set","Kunai","Philosopher\u0027s Stone","Incense Burner","PreservedInsect","Lantern","Centennial Puzzle","Orrery"],"acts_visited":["Exordium","TheCity","TheBeyond"],"potions_floor_usage":[35,36,39,40,45],"damage_taken":[{"damage":2.0,"enemies":"Cultist","floor":1.0,"turns":5.0},{"damage":0.0,"enemies":"2 Louse","floor":5.0,"turns":2.0},{"damage":2.0,"enemies":"Jaw Worm","floor":7.0,"turns":5.0},{"damage":6.0,"enemies":"Gremlin Nob","floor":10.0,"turns":3.0},{"damage":0.0,"enemies":"2 Fungi Beasts","floor":13.0,"turns":1.0},{"damage":26.0,"enemies":"Hexaghost","floor":16.0,"turns":12.0},{"damage":10.0,"enemies":"Chosen","floor":18.0,"turns":4.0},{"damage":0.0,"enemies":"Spheric Guardian","floor":20.0,"turns":1.0},{"damage":3.0,"enemies":"Snecko","floor":22.0,"turns":6.0},{"damage":3.0,"enemies":"Gremlin Leader","floor":28.0,"turns":10.0},{"damage":0.0,"enemies":"Sentry and Sphere","floor":31.0,"turns":3.0},{"damage":4,"enemies":"Automaton","floor":33,"turns":26},{"damage":0,"enemies":"Orb Walker","floor":35,"turns":4},{"damage":20,"enemies":"2 Orb Walkers","floor":36,"turns":9},{"damage":1,"enemies":"3 Darklings","floor":39,"turns":8},{"damage":3,"enemies":"Reptomancer","floor":40,"turns":7},{"damage":1,"enemies":"Giant Head","floor":45,"turns":6},{"damage":4,"enemies":"4 Shapes","floor":47,"turns":5},{"damage":3,"enemies":"Maw","floor":48,"turns":7},{"damage":71,"enemies":"Time Eater","floor":50,"turns":10}],"seed_played":"-8542883447559179771","potions_obtained":[{"floor":7.0,"key":"Swift Potion"},{"floor":10.0,"key":"Explosive Potion"},{"floor":13.0,"key":"Energy Potion"},{"floor":16.0,"key":"Explosive Potion"},{"floor":18.0,"key":"LiquidMemories"},{"floor":22.0,"key":"FairyPotion"},{"floor":28.0,"key":"FearPotion"},{"floor":35,"key":"GamblersBrew"},{"floor":36,"key":"EssenceOfSteel"},{"floor":39,"key":"SneckoOil"},{"floor":40,"key":"AttackPotion"},{"floor":45,"key":"Ancient Potion"},{"floor":47,"key":"FairyPotion"}],"is_trial":false,"path_per_floor":["M","?","?","$","M","R","M","R","T","E","$","R","M","?","R","B",null,"M","?","M","$","M","R","?","R","T","$","E","$","?","M","R","B",null,"M","?","?","$","M","E","R","?","T","R","E","$","M","M","R","B"],"character_chosen":"THE_SILENT","items_purchased":["Strange Spoon","Terror","PiercingWail","Finisher","Escape Plan","Orrery"],"campfire_rested":1,"item_purchase_floors":[21,27,27,29,38,46],"current_hp_per_floor":[61,61,61,61,61,61,59,59,59,53,53,53,53,53,53,27,56,46,46,46,46,43,43,32,32,32,32,29,29,29,29,29,25,30,30,10,18,18,17,14,14,14,14,14,13,13,9,6,15,0,0],"gold":192,"neow_bonus":"ONE_RARE_RELIC","is_daily":false,"chose_seed":false,"campfire_upgraded":6,"win_rate":0.0,"timestamp":1614248126,"path_taken":["M","?","?","$","?","R","M","R","T","E","$","R","?","?","R","BOSS","M","?","M","$","M","R","?","R","T","$","E","$","?","M","R","BOSS","M","?","?","$","M","E","R","?","T","R","E","$","?","M","R","BOSS"],"items_purchased_type":["Relic","Card","Card","Card","Card","Relic"],"build_version":"2020-12-22","purchased_purges":2,"victory":false,"max_hp_per_floor":[70,65,65,65,65,65,65,65,65,65,65,65,65,65,65,65,65,65,65,65,65,65,65,32,32,32,32,32,32,32,32,32,32,32,32,32,32,32,32,32,32,32,32,32,32,32,32,32,32,32,32],"card_choices":[{"not_picked":["Dodge and Roll","Prepared"],"picked":"Underhanded Strike","floor":1.0},{"not_picked":["Deflect","Flying Knee","Leg Sweep"],"picked":"SKIP","floor":5.0},{"not_picked":["Noxious Fumes","All Out Attack"],"picked":"Backstab","floor":7.0},{"not_picked":["Poisoned Stab","Calculated Gamble"],"picked":"Dagger Spray","floor":10.0},{"not_picked":["Dodge and Roll","Underhanded Strike"],"picked":"Prepared","floor":13.0},{"not_picked":["Doppelganger","Die Die Die"],"picked":"Night Terror","floor":16.0},{"not_picked":["Dagger Spray","Endless Agony"],"picked":"Blade Dance","floor":18.0},{"not_picked":["Endless Agony","Masterful Stab"],"picked":"Blur+1","floor":20.0},{"not_picked":["Slice+1","Poisoned Stab"],"picked":"Outmaneuver+1","floor":22.0},{"not_picked":["Prepared","Unload"],"picked":"Tactician+1","floor":28.0},{"not_picked":["Distraction","Expertise"],"picked":"Concentrate+1","floor":31.0},{"not_picked":["Phantasmal Killer","Grand Finale"],"picked":"Burst","floor":33},{"not_picked":["Outmaneuver","Deadly Poison"],"picked":"Calculated Gamble","floor":35},{"not_picked":["PiercingWail","Poisoned Stab"],"picked":"Envenom","floor":36},{"not_picked":["Heel Hook+1","Backstab"],"picked":"Blade Dance+1","floor":39},{"not_picked":["Bane+1","Sucker Punch+1","Eviscerate"],"picked":"SKIP","floor":40},{"not_picked":["Dash","Crippling Poison"],"picked":"Poisoned Stab+1","floor":45},{"not_picked":["PiercingWail","Blade Dance"],"picked":"Phantasmal Killer","floor":46},{"not_picked":["Blade Dance+1","Blur+1"],"picked":"Catalyst+1","floor":46},{"not_picked":["Terror","Slice","Flying Knee"],"picked":"SKIP","floor":47},{"not_picked":["Blur","Blade Dance"],"picked":"Prepared","floor":48}],"player_experience":426459,"relics_obtained":[{"floor":9.0,"key":"White Beast Statue"},{"floor":10.0,"key":"Turnip"},{"floor":26.0,"key":"Ancient Tea Set"},{"floor":28.0,"key":"Kunai"},{"floor":36,"key":"Incense Burner"},{"floor":40,"key":"PreservedInsect"},{"floor":43,"key":"Lantern"},{"floor":45,"key":"Centennial Puzzle"}],"event_choices":[{"damage_healed":0.0,"max_hp_gain":0.0,"max_hp_loss":5.0,"gold_gain":0.0,"event_name":"Golden Idol","player_choice":"Lose Max HP","floor":2.0,"gold_loss":0.0,"damage_taken":0.0,"relics_obtained":["Golden Idol"]},{"damage_healed":0.0,"max_hp_gain":0.0,"max_hp_loss":0.0,"gold_gain":0.0,"event_name":"Upgrade Shrine","player_choice":"Upgraded","floor":3.0,"gold_loss":0.0,"damage_taken":0.0,"cards_upgraded":["Neutralize"]},{"damage_healed":0.0,"max_hp_gain":0.0,"max_hp_loss":0.0,"gold_gain":0.0,"event_name":"Liars Game","player_choice":"Ignored","floor":14.0,"gold_loss":0.0,"damage_taken":0.0},{"damage_healed":0.0,"max_hp_gain":0.0,"max_hp_loss":0.0,"gold_gain":0.0,"event_name":"The Library","player_choice":"Read","floor":19.0,"gold_loss":0.0,"damage_taken":0.0,"cards_obtained":["Footwork"]},{"damage_healed":0.0,"max_hp_gain":0.0,"max_hp_loss":33.0,"gold_gain":0.0,"event_name":"Ghosts","player_choice":"Became a Ghost","floor":24.0,"gold_loss":0.0,"damage_taken":0.0,"cards_obtained":["Ghostly","Ghostly","Ghostly","Ghostly","Ghostly"]},{"damage_healed":0.0,"max_hp_gain":0.0,"max_hp_loss":0.0,"gold_gain":0.0,"event_name":"Match and Keep!","player_choice":"1 cards matched","floor":30.0,"gold_loss":0.0,"damage_taken":0.0,"cards_obtained":["Deep Breath"]},{"damage_healed":0,"gold_gain":0,"player_choice":"Fight","damage_taken":0,"max_hp_gain":0,"max_hp_loss":0,"event_name":"Mysterious Sphere","floor":36,"gold_loss":0},{"damage_healed":8,"gold_gain":0,"player_choice":"Writhe","damage_taken":0,"max_hp_gain":0,"max_hp_loss":0,"event_name":"Winding Halls","floor":37,"gold_loss":0,"cards_obtained":["Writhe"]},{"damage_healed":0,"gold_gain":100,"player_choice":"Pray","damage_taken":0,"max_hp_gain":0,"max_hp_loss":0,"event_name":"Golden Shrine","floor":42,"gold_loss":0}],"is_beta":false,"boss_relics":[{"not_picked":["WristBlade","Black Star"],"picked":"HoveringKite"},{"not_picked":["SacredBark","Snecko Eye"],"picked":"Philosopher\u0027s Stone"}],"items_purged_floors":[11,38],"is_endless":false,"potions_floor_spawned":[7,10,13,16,18,20,22,28,31,33,35,36,39,40,45,47,48],"killed_by":"Time Eater","ascension_level":11}}