{"host":"5n1fl7z5i1vf7jan","time":1614214341,"event":{"mods":["BaseMod","Minty Spire (QoL Compilation)","Quick Restart","Relic Stats"],"gold_per_floor":[119,119,136,146,49,49,79,96,119,119,129,157,172,204,204,276,276,296,73,73,90,0,0,10,10,64,77,77,90,101,116,116,193,193,212,227,240,258,273,273,273],"floor_reached":40,"language":"ENG","playtime":1775,"items_purged":[],"score":812,"play_id":"4a790689-5375-4b83-9b1f-52df41378975","local_time":"20210224165221","is_ascension_mode":true,"campfire_choices":[{"data":"Zap","floor":6.0,"key":"SMITH"},{"data":"Beam Cell","floor":10.0,"key":"SMITH"},{"floor":15.0,"key":"REST"},{"data":"Defragment","floor":23.0,"key":"SMITH"},{"data":"Defragment","floor":25.0,"key":"SMITH"},{"data":"Go for the Eyes","floor":28.0,"key":"SMITH"},{"floor":32.0,"key":"REST"}],"circlet_count":0,"master_deck":["AscendersBane","Strike_B","Strike_B","Strike_B","Defend_B","Defend_B","Defend_B","Defend_B","Zap+1","Dualcast","Go for the Eyes+1","Beam Cell+1","Steam","Glacier","Sweeping Beam","Compile Driver","Compile Driver","Cold Snap","Streamline","Core Surge","Capacitor","Defragment+1","Cold Snap","Leap","Defragment+1","Skim","Hologram","Rebound","Stack","Tempest+1"],"relics":["Busted Crown","Nunchaku","Centennial Puzzle","Bottled Flame","Emotion Chip","Inserter","Velvet Choker"],"acts_visited":["Exordium","TheCity","TheBeyond"],"potions_floor_usage":[39],"damage_taken":[{"damage":1.0,"enemies":"Cultist","floor":1.0,"turns":4.0},{"damage":0.0,"enemies":"2 Louse","floor":3.0,"turns":3.0},{"damage":1.0,"enemies":"Small Slimes","floor":4.0,"turns":4.0},{"damage":0.0,"enemies":"Blue Slaver","floor":8.0,"turns":5.0},{"damage":9.0,"enemies":"Red Slaver","floor":11.0,"turns":3.0},{"damage":6.0,"enemies":"3 Sentries","floor":12.0,"turns":7.0},{"damage":10.0,"enemies":"Exordium Wildlife","floor":13.0,"turns":3.0},{"damage":11.0,"enemies":"Gremlin Nob","floor":14.0,"turns":3.0},{"damage":1.0,"enemies":"The Guardian","floor":16.0,"turns":11.0},{"damage":0.0,"enemies":"Chosen","floor":18.0,"turns":5.0},{"damage":1.0,"enemies":"3 Byrds","floor":21.0,"turns":6.0},{"damage":14.0,"enemies":"Snake Plant","floor":24.0,"turns":6.0},{"damage":5.0,"enemies":"Centurion and Healer","floor":27.0,"turns":7.0},{"damage":14.0,"enemies":"Shelled Parasite and Fungi","floor":29.0,"turns":4.0},{"damage":3.0,"enemies":"Snake Plant","floor":30.0,"turns":5.0},{"damage":2.0,"enemies":"Centurion and Healer","floor":31.0,"turns":8.0},{"damage":12.0,"enemies":"Collector","floor":33.0,"turns":15.0},{"damage":6.0,"enemies":"Orb Walker","floor":35.0,"turns":4.0},{"damage":15.0,"enemies":"3 Darklings","floor":36.0,"turns":9.0},{"damage":0.0,"enemies":"Writhing Mass","floor":37.0,"turns":10.0},{"damage":6.0,"enemies":"Transient","floor":38.0,"turns":6.0},{"damage":22,"enemies":"Spire Growth","floor":39,"turns":7},{"damage":30,"enemies":"Nemesis","floor":40,"turns":2}],"seed_played":"-2045636849530672351","potions_obtained":[{"floor":4.0,"key":"Strength Potion"},{"floor":11.0,"key":"Block Potion"},{"floor":12.0,"key":"SteroidPotion"},{"floor":16.0,"key":"Swift Potion"},{"floor":18.0,"key":"Weak Potion"},{"floor":21.0,"key":"Fire Potion"},{"floor":30.0,"key":"DuplicationPotion"},{"floor":31.0,"key":"SpeedPotion"},{"floor":33.0,"key":"SteroidPotion"},{"floor":36.0,"key":"Swift Potion"},{"floor":37.0,"key":"Block Potion"},{"floor":38.0,"key":"GamblersBrew"}],"is_trial":false,"path_per_floor":["M","?","M","M","$","R","?","M","T","R","M","E","M","E","R","B",null,"M","$","?","M","?","R","M","R","T","M","R","M","M","M","R","B",null,"M","M","M","M","M","E"],"character_chosen":"DEFECT","items_purchased":["Glacier","Sweeping Beam","Defragment","FocusPotion","Cold Snap","Leap"],"campfire_rested":2,"item_purchase_floors":[5,5,19,19,19,19],"current_hp_per_floor":[63,56,56,55,55,55,55,55,55,55,46,40,30,19,40,39,63,63,63,63,62,62,62,48,48,48,43,43,29,26,24,45,33,62,56,41,41,35,13,0,0],"gold":273,"neow_bonus":"BOSS_RELIC","is_daily":false,"chose_seed":false,"campfire_upgraded":5,"win_rate":0.0,"timestamp":1614214341,"path_taken":["M","?","M","M","$","R","?","M","T","R","M","E","M","E","R","BOSS","M","$","?","M","?","R","M","R","T","M","R","M","M","M","R","BOSS","M","M","M","M","M","E"],"items_purchased_type":["Card","Card","Card","Potion","Card","Card"],"build_version":"2020-12-22","purchased_purges":0,"victory":false,"max_hp_per_floor":[71,71,71,71,71,71,71,71,71,71,71,71,71,71,71,71,71,71,71,71,71,71,71,71,71,71,71,71,71,71,71,71,71,71,71,71,71,71,71,71,71],"relic_stats":{"Nunchaku":[33],"Centennial Puzzle":[48],"Emotion Chip":[49,11,38,0,0],"Busted Crown":46,"Inserter":[44],"counters":[23,137],"obtain_stats":[{"Nunchaku":7,"Centennial Puzzle":9,"Bottled Flame":12,"Emotion Chip":14,"Busted Crown":0,"Inserter":17,"Velvet Choker":34,"Cracked Core":0},{"Nunchaku":3,"Centennial Puzzle":4,"Bottled Flame":6,"Emotion Chip":8,"Busted Crown":0,"Inserter":9,"Velvet Choker":17,"Cracked Core":0},{"Nunchaku":11,"Centennial Puzzle":16,"Bottled Flame":26,"Emotion Chip":32,"Busted Crown":0,"Inserter":43,"Velvet Choker":99,"Cracked Core":0}]},"card_choices":[{"not_picked":[],"picked":"Go for the Eyes","floor":1.0},{"not_picked":[],"picked":"Beam Cell","floor":3.0},{"not_picked":[],"picked":"Steam","floor":4.0},{"not_picked":[],"picked":"Compile Driver","floor":8.0},{"not_picked":[],"picked":"Compile Driver","floor":11.0},{"not_picked":[],"picked":"Cold Snap","floor":12.0},{"not_picked":[],"picked":"Streamline","floor":13.0},{"not_picked":["Lockon"],"picked":"SKIP","floor":14.0},{"not_picked":[],"picked":"Core Surge","floor":16.0},{"not_picked":[],"picked":"Capacitor","floor":18.0},{"not_picked":["Redo"],"picked":"SKIP","floor":21.0},{"not_picked":["Sweeping Beam"],"picked":"SKIP","floor":24.0},{"not_picked":[],"picked":"Skim","floor":27.0},{"not_picked":[],"picked":"Hologram","floor":29.0},{"not_picked":[],"picked":"Rebound","floor":30.0},{"not_picked":["Sweeping Beam"],"picked":"SKIP","floor":31.0},{"not_picked":["Beam Cell"],"picked":"SKIP","floor":35.0},{"not_picked":[],"picked":"Stack","floor":36.0},{"not_picked":["Reinforced Body"],"picked":"SKIP","floor":37.0},{"not_picked":["Reprogram"],"picked":"SKIP","floor":38.0},{"not_picked":[],"picked":"Tempest+1","floor":39}],"player_experience":407416,"relics_obtained":[{"floor":9.0,"key":"Centennial Puzzle"},{"floor":12.0,"key":"Bottled Flame"},{"floor":14.0,"key":"Emotion Chip"}],"event_choices":[{"cards_removed":["Strike_B"],"damage_healed":0.0,"max_hp_gain":0.0,"max_hp_loss":0.0,"gold_gain":0.0,"event_name":"Golden Wing","player_choice":"Card Removal","floor":2.0,"gold_loss":0.0,"damage_taken":7.0},{"damage_healed":0.0,"max_hp_gain":0.0,"max_hp_loss":0.0,"gold_gain":30.0,"event_name":"Dead Adventurer","player_choice":"Searched \u00272\u0027 times","floor":7.0,"gold_loss":0.0,"damage_taken":0.0,"relics_obtained":["Nunchaku"]},{"damage_healed":0.0,"max_hp_gain":0.0,"max_hp_loss":0.0,"gold_gain":0.0,"event_name":"The Library","player_choice":"Read","floor":20.0,"gold_loss":0.0,"damage_taken":0.0,"cards_obtained":["Defragment"]},{"damage_healed":0.0,"max_hp_gain":0.0,"max_hp_loss":0.0,"gold_gain":0.0,"event_name":"Masked Bandits","player_choice":"Paid Fearfully","floor":22.0,"gold_loss":90.0,"damage_taken":0.0}],"is_beta":false,"boss_relics":[{"not_picked":["Black Star","Philosopher\u0027s Stone"],"picked":"Inserter"},{"not_picked":["Coffee Dripper","SacredBark"],"picked":"Velvet Choker"}],"items_purged_floors":[],"is_endless":false,"potions_floor_spawned":[4,11,12,16,18,21,30,31,33,36,37,38],"killed_by":"Nemesis","ascension_level":20}}