{"host":"5m2js577gj4e7pak","time":1614222974,"event":{"mods":["AchievementEnabler","Act Like it!","BaseMod","Better Match","Better Note","Better Third Choice","BetterRewards","Colored Map","Colored Powertips","Highlight Path","Library of Ruina","Library of Ruina Extra","Minty Spire (QoL Compilation)","Quick Restart","Remove Card Discount Mod","Ruina","Shop Mod","Spicy Shops","StSLib"],"gold_per_floor":[116,126,126,137,40,40,71,81,81,97,128,128,128,128,128,256,256,274,199,224,248,273,273,314,314,339,377,377,408,429,429,429,550,550,573,587,587,22,45,45,76,97,120,120,42,82,82,105,105,105,105],"floor_reached":52,"language":"ENG","playtime":985,"items_purged":[],"score":1060,"play_id":"890b19c2-af00-4d68-a82d-b44b2f54052a","local_time":"20210225041614","is_ascension_mode":true,"campfire_choices":[{"data":"DegradedShockwave","floor":6,"key":"SMITH"},{"data":"YoureTooSlow","floor":13,"key":"SMITH"},{"data":"DegradedLock","floor":15,"key":"SMITH"},{"data":"DegradedPillar","floor":23,"key":"SMITH"},{"data":"DegradedPillar","floor":25,"key":"SMITH"},{"data":"DegradedChain","floor":28,"key":"SMITH"},{"floor":32,"key":"REST"},{"data":"RagingStormLove","floor":40,"key":"SMITH"},{"data":"Faith","floor":44,"key":"SMITH"},{"data":"TrashDisposal","floor":47,"key":"SMITH"},{"data":"ToOvercomeCrisis","floor":49,"key":"SMITH"}],"circlet_count":0,"master_deck":["DegradedFairy+1","DegradedFairy+1","DegradedFairy+1","DegradedChain+1","DegradedChain+1","DegradedLock+1","DegradedPillar+1","DegradedPillar+1","DegradedShockwave+1","GrazeTheGrass","FrontalAssault+1","GrazeTheGrass","EnergyCycle+1","ExtractFuel+1","GoinFirst","RulesOfTheBackstreets+1","Thirst","FrontalAssault","ToOvercomeCrisis+1","RagingStormLove+1","GrazeTheGrass+1","GrazeTheGrass+1","GrazeTheGrass+1","Faith+1","ExtractFuel+1","RulesOfTheBackstreets","TrashDisposal+1","ExtractFuel"],"relics":["PageOfLibrarian","Blood Vial","Ancient Tea Set","PageOfLumberjack","Orichalcum","Dream Catcher","Pen Nib","Boot","Golden Idol","SlaversCollar","Bag of Marbles","Toy Ornithopter","MealTicket","PageOfAlriune","Empty Cage","Whetstone","PageOfQueenBee","Strange Spoon","InkBottle","PageOfSnowWhitesApple","Sling","War Paint"],"acts_visited":["Exordium","Exordium","TheBeyond"],"potions_floor_usage":[51,51,51],"damage_taken":[{"damage":0,"enemies":"2 Louse","floor":1,"turns":1},{"damage":0,"enemies":"Small Slimes","floor":2,"turns":1},{"damage":0,"enemies":"Cultist","floor":4,"turns":1},{"damage":0,"enemies":"Lagavulin","floor":7,"turns":2},{"damage":0,"enemies":"Lots of Slimes","floor":8,"turns":2},{"damage":0,"enemies":"2 Fungi Beasts","floor":10,"turns":1},{"damage":0,"enemies":"3 Sentries","floor":11,"turns":2},{"damage":0,"enemies":"Hexaghost","floor":16,"turns":2},{"damage":9,"enemies":"ruina:BadWolf","floor":18,"turns":3},{"damage":0,"enemies":"ruina:3_Bats","floor":20,"turns":2},{"damage":0,"enemies":"ruina:KingOfGreed","floor":21,"turns":2},{"damage":0,"enemies":"ruina:QueenOfHate","floor":22,"turns":2},{"damage":0,"enemies":"ruina:Mountain","floor":24,"turns":3},{"damage":0,"enemies":"ruina:ServantOfWrath","floor":27,"turns":2},{"damage":0,"enemies":"ruina:RoadHome","floor":29,"turns":3},{"damage":0,"enemies":"ruina:3_Scarecrows","floor":30,"turns":1},{"damage":0,"enemies":"ruina:Ozma","floor":33,"turns":3},{"damage":16,"enemies":"3 Shapes","floor":35,"turns":1},{"damage":0,"enemies":"Orb Walker","floor":36,"turns":1},{"damage":0,"enemies":"Writhing Mass","floor":39,"turns":1},{"damage":0,"enemies":"Giant Head","floor":41,"turns":2},{"damage":0,"enemies":"Jaw Worm Horde","floor":42,"turns":1},{"damage":0,"enemies":"Reptomancer","floor":46,"turns":1},{"damage":0,"enemies":"3 Darklings","floor":48,"turns":1},{"damage":0,"enemies":"Time Eater","floor":50,"turns":5},{"damage":0,"enemies":"Time Eater","floor":51,"turns":5}],"seed_played":"5426463187464790569","potions_obtained":[{"floor":4,"key":"LiquidBronze"},{"floor":7,"key":"ColorlessPotion"},{"floor":8,"key":"AttackPotion"}],"is_trial":false,"path_per_floor":["M","M","?","M","$","R","E","M","T","M","E","?","R","?","R","B",null,"M","?","M","M","M","R","E","R","T","E","R","E","M","?","R","B",null,"M","M","?","$","M","R","E","M","T","R","$","E","R","M","R","B",null,null],"character_chosen":"Librarian","items_purchased":["Orichalcum","GrazeTheGrass","Whetstone","PageOfQueenBee","Strange Spoon","Faith","Sling"],"campfire_rested":1,"item_purchase_floors":[5,5,38,38,38,38,45],"current_hp_per_floor":[62,64,48,52,52,52,56,68,68,74,82,82,82,60,60,64,90,83,83,90,90,90,90,90,90,90,90,90,90,90,38,65,75,90,78,82,82,90,90,90,90,90,90,90,90,90,90,90,90,90,90],"gold":105,"neow_bonus":"RANDOM_COMMON_RELIC","is_daily":false,"chose_seed":false,"campfire_upgraded":10,"win_rate":0.0,"timestamp":1614222974,"path_taken":["M","M","?","M","$","R","E","M","T","M","E","?","R","?","R","BOSS","M","?","M","?","M","R","E","R","T","E","R","E","M","?","R","BOSS","M","M","?","$","?","R","E","M","T","R","$","E","R","M","R","BOSS"],"items_purchased_type":["Relic","Card","Relic","Relic","Relic","Card","Relic"],"build_version":"2020-12-22","purchased_purges":0,"victory":true,"max_hp_per_floor":[90,90,90,90,90,90,90,90,90,90,90,90,90,90,90,90,90,90,90,90,90,90,90,90,90,90,90,90,90,90,90,90,90,90,90,90,90,90,90,90,90,90,90,90,90,90,90,90,90,90,90],"card_choices":[{"not_picked":["ClassAndRespect","Riposte","AsThePrescriptOrders","HighKick","Laceration","PuppetBlockade","BindingChains","WillOfThePrescript"],"picked":"GrazeTheGrass","floor":1},{"not_picked":["MultiHit","ViolentFlame","VenomousFangs","Quickness","CookingPrep","SnakesPrey","FierceOnslaught","TimeForALittleTest","AssaultOrder"],"picked":"SKIP","floor":2},{"not_picked":["Diversion","BiAn","MultiBlock","SpearedSweep","FlyingSword","Suppress","TendonChords","SilentMist"],"picked":"FrontalAssault","floor":4},{"not_picked":["CombatPreparation","DesperateStruggle","SpearedSweep","Decapitation","Reload","Ripple","Mutilate","PinpointShot","PreemptiveStrike"],"picked":"SKIP","floor":7},{"not_picked":["Overpower","UndertakePrescript","Rewind","ViolentFlame","QuickAttack","UpbeatPerformance","SunsetBlade","EnergyShield"],"picked":"YoureTooSlow","floor":8},{"not_picked":["MultiBlock","Crush","EnergyShield","Leap_lor","ClassAndRespect","Wallop_lor","GaleKick","HandleRequest"],"picked":"EnergyCycle","floor":10},{"not_picked":["Rewind","SuppressingShot","Feast","HighKick","RatsGuideToSurvival","BurningFlash","GaleKick","Disposal","AutomatedMovement"],"picked":"SKIP","floor":11},{"not_picked":["Deflect_lor","FleshFillet"],"picked":"BlazingStrike","floor":16},{"not_picked":["UnavoidableGaze","HiddenBlade","EnergyShield","Brawl","Reload+1","GuidanceOfTheGears+1","Pound+1","TimeForALittleTest"],"picked":"Cruelty","floor":18},{"not_picked":["LossOfSenses","SharpenedBlade","CutIn","RushDown","FlyingSword","WildCard","SweepTheBackstreets","PreparedMind"],"picked":"ExtractFuel","floor":19},{"not_picked":["FlowOfTheSword+1","BattleCommand+1","StructuralAnalysis","DarkCloud","Wallop_lor","GuardingStance","Outburst+1","Pound"],"picked":"GoinFirst","floor":20},{"not_picked":["WillOfThePrescript+1","HighKick","Diversion","MultiHit","Quickness","DarkCloud","Feast","SnakesPrey"],"picked":"RulesOfTheBackstreets+1","floor":21},{"not_picked":["HighKick","DimensionalRift","FleetFootsteps","AutonomousRush","YoureTooSlow+1","BiAn","StrikeDown+1","InnerArdor","Creak+1"],"picked":"SKIP","floor":22},{"not_picked":["Reload","GuidanceOfTheGears","SerpentineBarrier","Gigigig","FierceCharge","FleetEdge+1","AsThePrescriptOrders","UncannyStrike"],"picked":"Thirst","floor":24},{"not_picked":["BlazingStrike","ViolentFlame","Rewind+1","OpportunitySpotted","SerpentSwordTechnique","Fence+1","Duel_lor","EndlessBattle","MindPrepared"],"picked":"SKIP","floor":27},{"not_picked":["Deflect_lor","ScatteringSlash","SharpSwipe","GroundSmash","HandlingWork","Quickness","Gigigig","Parry"],"picked":"FrontalAssault","floor":29},{"not_picked":["SnakesPrey","HighKick+1","StructuralAnalysis","MultiHit","QuickSuppression","Standoff","AutonomousRush","BoundaryOfDeath","StrikeDown+1"],"picked":"SKIP","floor":30},{"not_picked":["GuardingStance","StructuralAnalysis+1","MultiBlock","FierceCharge","Cruelty","Reload","GuidanceOfTheGears+1","StrikeDown+1"],"picked":"ToOvercomeCrisis","floor":32},{"not_picked":["SuanNi","FormingStorm"],"picked":"RagingStormLove","floor":33},{"not_picked":["AsThePrescriptOrders+1","ViolentFlame","SnakesPrey+1","Reload+1","SpearedSweep","StructuralAnalysis","SuppressingShot","BindingArms"],"picked":"GrazeTheGrass+1","floor":35},{"not_picked":["SerpentSwordTechnique+1","MultiHit+1","Parry+1","Reload+1","GroundSmash","SkitterAway","EnergyShield+1","SparkingSpear"],"picked":"GrazeTheGrass+1","floor":36},{"not_picked":["SmokingPipe","YoureTooSlow+1","FieryDragonSlash","Parry2+1","Standoff","NonstopAssault","DefenseOrder+1","HandlingWork+1"],"picked":"ExtractFuel+1","floor":39},{"not_picked":["SunsetBlade+1","IronWall","Mutilate+1","Outburst+1","TieShanKao","EnergyStrike","SenseQuarry","FlashingStrike+1","Thrust+1"],"picked":"SKIP","floor":41},{"not_picked":["Standoff+1","UpbeatPerformance","DesperateStruggle","Observe","Preparation","Quickness","UndertakePrescript+1","Retaliate+1"],"picked":"RulesOfTheBackstreets","floor":42},{"not_picked":["BindingArms+1","Leap_lor+1","SuppressingShot+1","Multislash+1","YoureTooSlow+1","SinglePointStab","RepressedFlesh","HighKick+1"],"picked":"TrashDisposal","floor":46},{"not_picked":["Riposte+1","UnavoidableGaze+1","StructuralAnalysis+1","Leap_lor+1","Overpower","SweepTheBackstreets","MultiBlock","AsThePrescriptOrders+1"],"picked":"ExtractFuel","floor":48}],"player_experience":29544,"relics_obtained":[{"floor":7,"key":"Dream Catcher"},{"floor":9,"key":"Pen Nib"},{"floor":11,"key":"Boot"},{"floor":24,"key":"Bag of Marbles"},{"floor":26,"key":"Toy Ornithopter"},{"floor":27,"key":"MealTicket"},{"floor":29,"key":"PageOfAlriune"},{"floor":41,"key":"InkBottle"},{"floor":43,"key":"PageOfSnowWhitesApple"},{"floor":46,"key":"War Paint"}],"event_choices":[{"damage_healed":0,"gold_gain":1,"player_choice":"Relic Relic ","damage_taken":16,"max_hp_gain":0,"max_hp_loss":0,"event_name":"betterThird:BetterScrap","floor":3,"gold_loss":0,"cards_obtained":["Immolate"]},{"damage_healed":0,"gold_gain":0,"player_choice":"Leave","damage_taken":0,"max_hp_gain":0,"max_hp_loss":0,"event_name":"The Cleric","floor":12,"gold_loss":0},{"damage_healed":0,"gold_gain":0,"player_choice":"Take Damage","damage_taken":22,"relics_obtained":["Golden Idol"],"max_hp_gain":0,"max_hp_loss":0,"event_name":"Golden Idol","floor":14,"gold_loss":0},{"damage_healed":0,"gold_gain":0,"player_choice":"1","damage_taken":0,"max_hp_gain":0,"max_hp_loss":0,"event_name":"betterMatch:BetterMatch","floor":19,"gold_loss":0,"cards_obtained":["betterMatch:UncommonCard"]},{"damage_healed":0,"gold_gain":0,"cards_transformed":["YoureTooSlow"],"player_choice":"Transformed","damage_taken":0,"max_hp_gain":0,"max_hp_loss":0,"event_name":"Transmorgrifier","floor":37,"gold_loss":0,"cards_obtained":["GrazeTheGrass"]}],"is_beta":false,"boss_relics":[{"not_picked":["Snecko Eye","Velvet Choker"],"picked":"SlaversCollar"},{"not_picked":["Fusion Hammer","Astrolabe"],"picked":"Empty Cage"}],"items_purged_floors":[],"is_endless":false,"potions_floor_spawned":[4,7,8,10,18,21,24,30,39,41],"ascension_level":2}}