{"host":"xoyp8vl9zpezjqzb","time":1614279604,"event":{"mods":["AchievementEnabler","BaseMod","BetterRewards","Colored Map","Minty Spire (QoL Compilation)","Permanent Neow","Quick Restart"],"gold_per_floor":[119,119,119,134,148,180,180,194,194,194,194],"floor_reached":10,"language":"ENG","playtime":1239,"items_purged":[],"score":68,"play_id":"fae8ea19-4888-4d14-bb6e-2845feef9cd8","local_time":"20210225140004","is_ascension_mode":false,"campfire_choices":[{"floor":7,"key":"REST"}],"circlet_count":0,"master_deck":["Strike_P","Strike_P","Strike_P","Strike_P","Defend_P","Defend_P","Defend_P","Defend_P","Eruption","Vigilance","Protect","CarveReality","Pain","ThirdEye","ClearTheMind","Protect","BowlingBash"],"relics":["PureWater","WarpedTongs","Regal Pillow","The Courier"],"acts_visited":["Exordium"],"potions_floor_usage":[],"damage_taken":[{"damage":0,"enemies":"Small Slimes","floor":1,"turns":3},{"damage":2,"enemies":"2 Louse","floor":4,"turns":3},{"damage":3,"enemies":"Cultist","floor":5,"turns":5},{"damage":58,"enemies":"Lagavulin","floor":6,"turns":7},{"damage":2,"enemies":"Blue Slaver","floor":8,"turns":5},{"damage":45,"enemies":"Gremlin Nob","floor":10,"turns":5}],"seed_played":"5060187579588296781","potions_obtained":[{"floor":5,"key":"Dexterity Potion"},{"floor":6,"key":"Ambrosia"}],"is_trial":false,"path_per_floor":["M","?","?","M","M","E","R","M","T","E"],"character_chosen":"WATCHER","items_purchased":[],"campfire_rested":1,"item_purchase_floors":[],"current_hp_per_floor":[72,72,72,70,67,9,45,43,43,0,0],"gold":194,"neow_bonus":"THREE_CARDS","is_daily":false,"chose_seed":false,"campfire_upgraded":0,"win_rate":0.0,"timestamp":1614279604,"path_taken":["M","?","?","M","?","E","R","M","T","E"],"items_purchased_type":[],"build_version":"2020-12-22","purchased_purges":0,"victory":false,"max_hp_per_floor":[72,72,72,72,72,72,72,72,72,72,72],"card_choices":[{"not_picked":["Consecrate","BowlingBash"],"picked":"Protect","floor":0},{"not_picked":["Consecrate","FlyingSleeves"],"picked":"CarveReality","floor":1},{"not_picked":["WreathOfFlame","Halt"],"picked":"ThirdEye","floor":4},{"not_picked":["JustLucky","ReachHeaven"],"picked":"ClearTheMind","floor":5},{"not_picked":["JustLucky","Fasting2"],"picked":"Protect","floor":6},{"not_picked":["CrushJoints","Consecrate"],"picked":"BowlingBash","floor":8}],"player_experience":277047,"relics_obtained":[{"floor":6,"key":"Regal Pillow"},{"floor":9,"key":"The Courier"}],"event_choices":[{"damage_healed":0,"gold_gain":0,"player_choice":"Ignored","damage_taken":0,"max_hp_gain":0,"max_hp_loss":0,"event_name":"Golden Wing","floor":2,"gold_loss":0},{"damage_healed":0,"gold_gain":0,"player_choice":"Rummage","damage_taken":0,"relics_obtained":["WarpedTongs"],"max_hp_gain":0,"max_hp_loss":0,"event_name":"Accursed Blacksmith","floor":3,"gold_loss":0,"cards_obtained":["Pain"]}],"is_beta":false,"boss_relics":[],"items_purged_floors":[],"is_endless":false,"potions_floor_spawned":[5,6],"killed_by":"Gremlin Nob","ascension_level":0}}