{"host":"q9qwbotttpvtd6fn","time":1614219530,"event":{"mods":["BaseMod","Colored Map","Minty Spire (QoL Compilation)","StSLib"],"gold_per_floor":[363,64,139,158,175,175,247,247,247,276,295,353,353,353,353,378,378],"floor_reached":16,"language":"ENG","playtime":798,"items_purged":["Regret"],"score":148,"play_id":"caa87d3e-4a83-48b5-a45a-9e5766c5b6ec","local_time":"20210224211850","is_ascension_mode":true,"campfire_choices":[{"data":"Eruption","floor":6,"key":"SMITH"},{"data":"TalkToTheHand","floor":8,"key":"SMITH"},{"floor":15,"key":"REST"}],"circlet_count":0,"master_deck":["Strike_P","Strike_P","Strike_P","Defend_P","Defend_P","Defend_P","Defend_P","Eruption+1","Vigilance","JustLucky","Conclude","EmptyBody","FlurryOfBlows","TalkToTheHand+1","DeceiveReality","Wish","Worship"],"relics":["PureWater","ClockworkSouvenir","Singing Bowl","Eternal Feather","Prayer Wheel","Sundial"],"acts_visited":["Exordium"],"potions_floor_usage":[7,10,16],"damage_taken":[{"damage":3,"enemies":"Jaw Worm","floor":1,"turns":3},{"damage":2,"enemies":"Cultist","floor":4,"turns":4},{"damage":0,"enemies":"Small Slimes","floor":5,"turns":1},{"damage":15,"enemies":"3 Sentries","floor":7,"turns":6},{"damage":5,"enemies":"Gremlin Nob","floor":10,"turns":4},{"damage":0,"enemies":"3 Louse","floor":11,"turns":1},{"damage":14,"enemies":"3 Sentries","floor":12,"turns":6},{"damage":57,"enemies":"The Guardian","floor":16,"turns":9}],"seed_played":"1546249156370688897","potions_obtained":[{"floor":4,"key":"ColorlessPotion"},{"floor":5,"key":"GamblersBrew"},{"floor":10,"key":"ColorlessPotion"}],"is_trial":false,"path_per_floor":["M","$","?","M","M","R","E","R","T","E","M","E","?","?","R","B"],"character_chosen":"WATCHER","items_purchased":["ClockworkSouvenir","Conclude"],"campfire_rested":1,"item_purchase_floors":[2,2],"current_hp_per_floor":[69,69,58,56,56,56,41,41,41,36,38,24,24,24,55,0,0],"gold":378,"neow_bonus":"TWO_FIFTY_GOLD","is_daily":false,"chose_seed":false,"campfire_upgraded":2,"win_rate":0.0,"timestamp":1614219530,"path_taken":["M","$","?","M","M","R","E","R","T","E","M","E","?","?","R","BOSS"],"items_purchased_type":["Relic","Card"],"build_version":"2020-12-22","purchased_purges":1,"victory":false,"max_hp_per_floor":[72,72,72,72,72,72,72,72,72,72,74,74,74,74,74,74,74],"card_choices":[{"not_picked":["FlurryOfBlows","Halt"],"picked":"JustLucky","floor":1},{"not_picked":["WheelKick","BowlingBash"],"picked":"EmptyBody","floor":4},{"not_picked":["PathToVictory","Adaptation"],"picked":"FlurryOfBlows","floor":5},{"not_picked":["Brilliance","FlurryOfBlows"],"picked":"TalkToTheHand","floor":7},{"not_picked":["FlyingSleeves","ThirdEye"],"picked":"DeceiveReality","floor":10},{"not_picked":["EmptyFist","Collect"],"picked":"Wish","floor":11},{"not_picked":["SashWhip","Conclude","ClearTheMind"],"picked":"Singing Bowl","floor":11},{"not_picked":["WheelKick","Wallop"],"picked":"Worship","floor":12}],"player_experience":505537,"relics_obtained":[{"floor":7,"key":"Singing Bowl"},{"floor":9,"key":"Eternal Feather"},{"floor":10,"key":"Prayer Wheel"},{"floor":12,"key":"Sundial"}],"event_choices":[{"damage_healed":0,"gold_gain":75,"player_choice":"Gather Gold","damage_taken":11,"max_hp_gain":0,"max_hp_loss":0,"event_name":"World of Goop","floor":3,"gold_loss":0},{"damage_healed":0,"gold_gain":0,"player_choice":"Ignored","damage_taken":0,"max_hp_gain":0,"max_hp_loss":0,"event_name":"Liars Game","floor":13,"gold_loss":0},{"cards_removed":["Strike_P"],"damage_healed":0,"gold_gain":0,"player_choice":"Purged","damage_taken":0,"max_hp_gain":0,"max_hp_loss":0,"event_name":"Purifier","floor":14,"gold_loss":0}],"is_beta":false,"boss_relics":[],"items_purged_floors":[2],"is_endless":false,"potions_floor_spawned":[4,5,10],"killed_by":"The Guardian","ascension_level":5}}