{"host":"sc0o2qwpf9j16a4i","time":1614262820,"event":{"mods":["AchievementEnabler","BaseMod","BetterRewards","Block Reminder","Colored Map","Colored Powertips","Custom Start","Highlight Path","Minty Spire (QoL Compilation)","Relic Stats"],"gold_per_floor":[112,130,147,165,178,178,193,193,241,272,272,5,15,30,30,125,125,136,136,136,148,163,163,183,183,234,252,84,115,150,170,170,265,265,280,297,341,381,381,381,432,432,432,137,181,224,241,241,241,241],"floor_reached":51,"language":"ENG","playtime":2186,"items_purged":["Zap"],"score":784,"play_id":"b8a6f60f-51da-412e-93ea-761a476a7961","local_time":"20210225162020","daily_mods":["Chimera","Uncertain Future","Binary"],"is_ascension_mode":false,"campfire_choices":[{"data":"SashWhip","floor":6,"key":"SMITH"},{"data":"ForeignInfluence","floor":8,"key":"SMITH"},{"data":"Establishment","floor":15,"key":"SMITH"},{"data":"TalkToTheHand","floor":23,"key":"SMITH"},{"data":"Worship","floor":25,"key":"SMITH"},{"data":"Ragnarok","floor":32,"key":"SMITH"},{"data":"Wish","floor":40,"key":"SMITH"},{"data":"Fasting2","floor":42,"key":"SMITH"},{"floor":49,"key":"REST"}],"circlet_count":0,"master_deck":["Bash+1","Survivor+1","Eruption+1","Strike_R+1","Strike_G+1","Strike_B+1","Defend_R+1","Defend_G+1","Defend_P+1","EmptyFist+1","ForeignInfluence+1","Vault+1","SashWhip+1","Protect+1","ThirdEye+1","Establishment+1","Dramatic Entrance+1","TalkToTheHand+1","Protect+1","Protect+1","Ragnarok+1","Worship+1","DeceiveReality+1","Fasting2+1","Secret Technique+1","FlyingSleeves+1","InnerPeace+1","Wish+1","CutThroughFate+1","MasterReality+1","FearNoEvil+1","Metamorphosis+1","Master of Strategy+1","CutThroughFate+1","Conclude+1","ThirdEye+1"],"relics":["PureWater","Omamori","Mercury Hourglass","ClockworkSouvenir","Snecko Eye","Anchor","Sundial","Cursed Key","Happy Flower","Blue Candle","Vajra","Bag of Marbles","Mark of the Bloom"],"acts_visited":["Exordium","TheCity","TheBeyond"],"potions_floor_usage":[10,10,16,16,30,30,36,50,50,50],"damage_taken":[{"damage":3,"enemies":"2 Louse","floor":1,"turns":3},{"damage":0,"enemies":"Cultist","floor":2,"turns":2},{"damage":3,"enemies":"Jaw Worm","floor":3,"turns":2},{"damage":1,"enemies":"Exordium Thugs","floor":4,"turns":4},{"damage":12,"enemies":"Exordium Wildlife","floor":5,"turns":4},{"damage":0,"enemies":"Lots of Slimes","floor":7,"turns":2},{"damage":18,"enemies":"3 Sentries","floor":10,"turns":7},{"damage":0,"enemies":"Large Slime","floor":13,"turns":1},{"damage":0,"enemies":"2 Fungi Beasts","floor":14,"turns":2},{"damage":0,"enemies":"Hexaghost","floor":16,"turns":12},{"damage":0,"enemies":"Shell Parasite","floor":18,"turns":3},{"damage":0,"enemies":"2 Thieves","floor":21,"turns":3},{"damage":4,"enemies":"Cultist and Chosen","floor":22,"turns":4},{"damage":0,"enemies":"Snecko","floor":24,"turns":5},{"damage":0,"enemies":"Snake Plant","floor":27,"turns":2},{"damage":6,"enemies":"3 Cultists","floor":29,"turns":4},{"damage":8,"enemies":"Slavers","floor":30,"turns":3},{"damage":2,"enemies":"Snecko","floor":31,"turns":5},{"damage":18,"enemies":"Automaton","floor":33,"turns":7},{"damage":2,"enemies":"Orb Walker","floor":35,"turns":4},{"damage":1,"enemies":"3 Darklings","floor":36,"turns":4},{"damage":0,"enemies":"Maw","floor":37,"turns":6},{"damage":0,"enemies":"Spire Growth","floor":38,"turns":4},{"damage":13,"enemies":"Nemesis","floor":41,"turns":8},{"damage":0,"enemies":"Writhing Mass","floor":45,"turns":6},{"damage":0,"enemies":"Jaw Worm Horde","floor":46,"turns":4},{"damage":0,"enemies":"3 Darklings","floor":47,"turns":5},{"damage":7,"enemies":"Time Eater","floor":50,"turns":8}],"seed_played":"-6432846536055827482","potions_obtained":[{"floor":3,"key":"Block Potion"},{"floor":7,"key":"Explosive Potion"},{"floor":13,"key":"Energy Potion"},{"floor":14,"key":"Block Potion"},{"floor":21,"key":"Ancient Potion"},{"floor":22,"key":"AttackPotion"},{"floor":24,"key":"SteroidPotion"},{"floor":35,"key":"BottledMiracle"},{"floor":36,"key":"Weak Potion"},{"floor":41,"key":"LiquidMemories"},{"floor":45,"key":"DuplicationPotion"}],"is_trial":true,"path_per_floor":["M","M","M","M","M","R","M","R","T","E","?","$","M","M","R","B",null,"M","?","?","M","M","R","M","R","T","M","$","M","E","M","R","B",null,"M","M","M","M","?","R","E","R","T","$","M","M","M","?","R","B",null],"character_chosen":"WATCHER","items_purchased":["ClockworkSouvenir","TalkToTheHand","Secret Technique","Vajra","Bag of Marbles"],"campfire_rested":1,"item_purchase_floors":[12,12,28,44,44],"current_hp_per_floor":[69,69,66,65,53,53,53,53,53,35,35,35,35,35,35,35,72,72,72,72,72,68,68,68,68,68,68,68,62,54,52,52,34,72,70,69,69,69,59,59,46,46,46,46,46,46,46,46,46,39],"gold":241,"neow_bonus":"","is_daily":false,"chose_seed":false,"campfire_upgraded":8,"win_rate":0.0,"timestamp":1614262820,"path_taken":["M","M","M","M","M","R","?","R","T","E","?","$","M","?","R","BOSS","M","?","?","M","M","R","?","R","T","M","$","M","E","M","R","BOSS","M","M","?","M","?","R","E","R","T","$","M","M","M","?","R","BOSS"],"items_purchased_type":["Relic","Card","Card","Relic","Relic"],"build_version":"2020-12-22","purchased_purges":1,"victory":true,"max_hp_per_floor":[72,72,72,72,72,72,72,72,72,72,72,72,72,72,72,72,72,72,72,72,72,72,72,72,72,72,72,72,72,72,72,72,72,72,72,72,72,72,72,72,72,72,72,72,72,72,72,72,72,72],"relic_stats":{"Mark of the Bloom":21,"Happy Flower":[7],"counters":[28,124],"Sundial":[6],"Blue Candle":[0],"Snecko Eye":[141,156,139,155],"Cursed Key":1,"obtain_stats":[{"Mark of the Bloom":48,"Happy Flower":41,"Blue Candle":43,"Vajra":44,"Omamori":9,"Cursed Key":34,"Mercury Hourglass":10,"ClockworkSouvenir":12,"Anchor":26,"Sundial":30,"Snecko Eye":17,"Bag of Marbles":44,"PureWater":0},{"Mark of the Bloom":27,"Happy Flower":24,"Blue Candle":24,"Vajra":24,"Omamori":6,"Cursed Key":19,"Mercury Hourglass":7,"ClockworkSouvenir":7,"Anchor":14,"Sundial":17,"Snecko Eye":10,"Bag of Marbles":24,"PureWater":0},{"Mark of the Bloom":116,"Happy Flower":101,"Blue Candle":101,"Vajra":101,"Omamori":17,"Cursed Key":75,"Mercury Hourglass":24,"ClockworkSouvenir":24,"Anchor":54,"Sundial":63,"Snecko Eye":39,"Bag of Marbles":101,"PureWater":0}],"Mercury Hourglass":[371]},"card_choices":[{"not_picked":["Indignation"],"picked":"EmptyFist","floor":1},{"not_picked":["ClearTheMind"],"picked":"ForeignInfluence","floor":2},{"not_picked":["FlyingSleeves"],"picked":"Vault","floor":3},{"not_picked":["Evaluate"],"picked":"SashWhip","floor":4},{"not_picked":["Fasting2"],"picked":"Protect","floor":5},{"not_picked":["BattleHymn"],"picked":"ThirdEye","floor":7},{"not_picked":["Judgement"],"picked":"Establishment","floor":10},{"not_picked":["EmptyBody"],"picked":"Protect","floor":13},{"not_picked":["Consecrate"],"picked":"Protect","floor":14},{"not_picked":["Alpha"],"picked":"Ragnarok","floor":16},{"not_picked":["Adaptation+1","Halt"],"picked":"SKIP","floor":18},{"not_picked":["Crescendo"],"picked":"DeceiveReality","floor":21},{"not_picked":["Evaluate","Study+1"],"picked":"SKIP","floor":22},{"not_picked":["BowlingBash","Establishment"],"picked":"SKIP","floor":24},{"not_picked":["FlyingSleeves"],"picked":"Fasting2","floor":27},{"not_picked":["Protect+1","JustLucky"],"picked":"SKIP","floor":29},{"not_picked":["SashWhip"],"picked":"FlyingSleeves","floor":30},{"not_picked":["ClearTheMind"],"picked":"InnerPeace","floor":31},{"not_picked":["Blasphemy"],"picked":"Wish","floor":33},{"not_picked":["Consecrate+1"],"picked":"CutThroughFate","floor":35},{"not_picked":["Weave","FlyingSleeves+1"],"picked":"SKIP","floor":36},{"not_picked":["FollowUp"],"picked":"MasterReality","floor":37},{"not_picked":["Halt"],"picked":"FearNoEvil","floor":38},{"not_picked":["Secret Technique"],"picked":"Metamorphosis","floor":39},{"not_picked":["Purity"],"picked":"Master of Strategy","floor":39},{"not_picked":["Adaptation+1"],"picked":"CutThroughFate+1","floor":41},{"not_picked":["Halt+1"],"picked":"Conclude+1","floor":45},{"not_picked":["FlurryOfBlows+1"],"picked":"ThirdEye","floor":46},{"not_picked":["Crescendo","EmptyBody"],"picked":"SKIP","floor":47}],"player_experience":1549257,"relics_obtained":[{"floor":9,"key":"Omamori"},{"floor":10,"key":"Mercury Hourglass"},{"floor":26,"key":"Anchor"},{"floor":30,"key":"Sundial"},{"floor":41,"key":"Happy Flower"},{"floor":43,"key":"Blue Candle"}],"event_choices":[{"damage_healed":0,"gold_gain":0,"player_choice":"1 cards matched","damage_taken":0,"max_hp_gain":0,"max_hp_loss":0,"event_name":"Match and Keep!","floor":11,"gold_loss":0,"cards_obtained":["Dramatic Entrance"]},{"damage_healed":0,"gold_gain":0,"player_choice":"Ignored","damage_taken":0,"max_hp_gain":0,"max_hp_loss":0,"event_name":"Vampires","floor":19,"gold_loss":0},{"damage_healed":0,"gold_gain":0,"player_choice":"Read","damage_taken":0,"max_hp_gain":0,"max_hp_loss":0,"event_name":"The Library","floor":20,"gold_loss":0,"cards_obtained":["Worship"]},{"damage_healed":0,"gold_gain":0,"player_choice":"Memory 3","damage_taken":10,"max_hp_gain":0,"max_hp_loss":0,"event_name":"SensoryStone","floor":39,"gold_loss":0},{"damage_healed":0,"gold_gain":0,"player_choice":"Upgrade","damage_taken":0,"relics_obtained":["Mark of the Bloom"],"max_hp_gain":0,"max_hp_loss":0,"event_name":"MindBloom","floor":48,"gold_loss":0,"cards_upgraded":["Bash","Survivor","Eruption","Strike_R","Strike_G","Strike_B","Defend_R","Defend_G","Defend_P","EmptyFist","Vault","Protect","ThirdEye","Dramatic Entrance","Protect","Protect","DeceiveReality","Secret Technique","FlyingSleeves","InnerPeace","CutThroughFate","MasterReality","FearNoEvil","Metamorphosis","Master of Strategy","ThirdEye"]}],"is_beta":false,"boss_relics":[{"not_picked":["Astrolabe","Busted Crown"],"picked":"Snecko Eye"},{"not_picked":["Sozu","Coffee Dripper"],"picked":"Cursed Key"}],"items_purged_floors":[12],"is_endless":false,"potions_floor_spawned":[3,7,13,14,21,22,24,29,35,36,41,45],"ascension_level":0}}