{"host":"xumidyqji6pg2yy3","time":1614233876,"event":{"mods":["BaseMod","Colored Map","Minty Spire (QoL Compilation)","Quick Restart","StSLib","The Alterego"],"gold_per_floor":[111,111,127,127,52,52,52,86,86,129,147,147,191,70,70,70,70],"floor_reached":16,"language":"ZHS","playtime":562,"items_purged":["alterego_mod:Strike"],"score":122,"play_id":"12330997-bab5-44ec-84d0-9354d1a45bbc","local_time":"20210225141756","is_ascension_mode":true,"campfire_choices":[{"data":"alterego_mod:ClassAdvantage","floor":6.0,"key":"SMITH"},{"data":"alterego_mod:BigMeatyClaws","floor":15,"key":"SMITH"}],"circlet_count":0,"master_deck":["alterego_mod:Strike","alterego_mod:Strike","alterego_mod:Strike","alterego_mod:Defend","alterego_mod:Defend","alterego_mod:Defend","alterego_mod:Defend","alterego_mod:BigMeatyClaws+1","alterego_mod:BrynhildrsRune","alterego_mod:TrashNCrash","alterego_mod:ClassAdvantage+1","alterego_mod:Lift","alterego_mod:IdEs","alterego_mod:BrynhildrRomantia","alterego_mod:PerceptionDisorder","alterego_mod:BiFurious"],"relics":["alterego_mod:MasochisticConstitution","NeowsBlessing","Golden Idol","PreservedInsect","Bottled Lightning","Girya","Centennial Puzzle","Anchor"],"acts_visited":["Exordium"],"potions_floor_usage":[],"damage_taken":[{"damage":3.0,"enemies":"Jaw Worm","floor":1.0,"turns":2.0},{"damage":2.0,"enemies":"2 Louse","floor":3.0,"turns":4.0},{"damage":2.0,"enemies":"Lagavulin","floor":8.0,"turns":5.0},{"damage":43.0,"enemies":"Gremlin Nob","floor":10.0,"turns":5.0},{"damage":5.0,"enemies":"Small Slimes","floor":11.0,"turns":4.0},{"damage":24.0,"enemies":"Lagavulin","floor":13.0,"turns":6.0},{"damage":28,"enemies":"The Guardian","floor":16,"turns":2}],"seed_played":"-3589036896465859506","potions_obtained":[{"floor":1.0,"key":"Energy Potion"},{"floor":10.0,"key":"AttackPotion"},{"floor":11.0,"key":"Explosive Potion"},{"floor":13.0,"key":"Swift Potion"}],"is_trial":false,"path_per_floor":["M","?","M","?","$","R","?","E","T","E","M","?","E","$","R","B"],"character_chosen":"The_Alterego","items_purchased":["alterego_mod:Lift","alterego_mod:BiFurious"],"campfire_rested":0,"item_purchase_floors":[5,14],"current_hp_per_floor":[71,54,67,67,67,67,72,78,78,36,46,43,27,27,27,0,0],"gold":70,"neow_bonus":"THREE_ENEMY_KILL","is_daily":false,"chose_seed":false,"campfire_upgraded":2,"win_rate":0.0,"timestamp":1614233876,"path_taken":["M","?","M","?","$","R","?","E","T","E","M","?","E","?","R","BOSS"],"items_purchased_type":["Card","Card"],"build_version":"2020-12-22","purchased_purges":1,"victory":false,"max_hp_per_floor":[71,71,72,72,72,72,77,78,78,79,79,79,79,79,79,79,79],"card_choices":[{"not_picked":["alterego_mod:Support","alterego_mod:Cooking","alterego_mod:Jiggle"],"picked":"SKIP","floor":1.0},{"not_picked":["alterego_mod:Lingerie","alterego_mod:Skirt"],"picked":"alterego_mod:TrashNCrash","floor":3.0},{"not_picked":["alterego_mod:Birthday","alterego_mod:Table"],"picked":"alterego_mod:IdEs","floor":8.0},{"not_picked":["alterego_mod:Lingerie","alterego_mod:DustData"],"picked":"alterego_mod:BrynhildrRomantia","floor":10.0},{"not_picked":["alterego_mod:Maid","alterego_mod:Complex","alterego_mod:Mirror"],"picked":"SKIP","floor":11.0},{"not_picked":["alterego_mod:Bloomers","alterego_mod:Mirror"],"picked":"alterego_mod:PerceptionDisorder","floor":13.0}],"player_experience":98299,"relics_obtained":[{"floor":8.0,"key":"PreservedInsect"},{"floor":9.0,"key":"Bottled Lightning"},{"floor":10.0,"key":"Girya"},{"floor":13.0,"key":"Anchor"}],"event_choices":[{"damage_healed":0.0,"max_hp_gain":0.0,"max_hp_loss":0.0,"gold_gain":0.0,"event_name":"Golden Idol","player_choice":"Take Damage","floor":2.0,"gold_loss":0.0,"damage_taken":17.0,"relics_obtained":["Golden Idol"]},{"damage_healed":0.0,"max_hp_gain":0.0,"max_hp_loss":0.0,"gold_gain":0.0,"cards_transformed":["alterego_mod:Impale"],"event_name":"Living Wall","player_choice":"Change","floor":4.0,"gold_loss":0.0,"damage_taken":0.0,"cards_obtained":["alterego_mod:ClassAdvantage"]},{"damage_healed":0.0,"max_hp_gain":5.0,"max_hp_loss":0.0,"gold_gain":0.0,"event_name":"Big Fish","player_choice":"Donut","floor":7.0,"gold_loss":0.0,"damage_taken":0.0},{"damage_healed":0.0,"max_hp_gain":0.0,"max_hp_loss":0.0,"gold_gain":0.0,"event_name":"Scrap Ooze","player_choice":"Success","floor":12.0,"gold_loss":0.0,"damage_taken":3.0,"relics_obtained":["Centennial Puzzle"]}],"is_beta":false,"boss_relics":[],"items_purged_floors":[14],"is_endless":false,"potions_floor_spawned":[1,10,11,13],"killed_by":"The Guardian","ascension_level":1}}