{"host":"iv24d026eac8pm4e","time":1614281982,"event":{"mods":["BaseMod","Minty Spire (QoL Compilation)"],"gold_per_floor":[117,134,153,167,167,167,181,181,181,181,198,198,215,46,46,124,124,136,136,151,162,182,182,182],"floor_reached":23,"language":"ENG","playtime":1067,"items_purged":[],"score":463,"play_id":"8bd6c1f9-342f-43ca-94e0-0c5199e1b343","local_time":"20210225113942","is_ascension_mode":true,"campfire_choices":[{"data":"Loop","floor":6,"key":"SMITH"},{"data":"Zap","floor":8,"key":"SMITH"},{"floor":15,"key":"REST"}],"circlet_count":0,"master_deck":["AscendersBane","Defend_B","Defend_B","Defend_B","Defend_B","Zap+1","Dualcast","Reboot","Cold Snap","Genetic Algorithm","Loop+1","Stack+1","Reboot","Coolheaded","Compile Driver","Multi-Cast","Recycle","Bite","Bite","Bite","Bite","Bite","Glacier"],"relics":["Cracked Core","Orichalcum","PreservedInsect","Bag of Marbles","DataDisk","Fusion Hammer"],"acts_visited":["Exordium","TheCity"],"potions_floor_usage":[4,16,18,22,23],"damage_taken":[{"damage":1,"enemies":"Cultist","floor":1,"turns":3},{"damage":3,"enemies":"Small Slimes","floor":2,"turns":3},{"damage":4,"enemies":"2 Louse","floor":3,"turns":5},{"damage":7,"enemies":"Lots of Slimes","floor":4,"turns":2},{"damage":1,"enemies":"Exordium Wildlife","floor":7,"turns":3},{"damage":28,"enemies":"Exordium Thugs","floor":11,"turns":5},{"damage":0,"enemies":"2 Fungi Beasts","floor":13,"turns":4},{"damage":0,"enemies":"The Guardian","floor":16,"turns":13},{"damage":13,"enemies":"2 Thieves","floor":18,"turns":3},{"damage":12,"enemies":"Chosen","floor":20,"turns":5},{"damage":29,"enemies":"Shelled Parasite and Fungi","floor":21,"turns":8},{"damage":20,"enemies":"Centurion and Healer","floor":22,"turns":11},{"damage":66,"enemies":"Gremlin Leader","floor":23,"turns":8}],"seed_played":"-2650192589881008459","potions_obtained":[{"floor":2,"key":"EssenceOfDarkness"},{"floor":7,"key":"PotionOfCapacity"},{"floor":13,"key":"Strength Potion"},{"floor":16,"key":"Energy Potion"},{"floor":18,"key":"DuplicationPotion"}],"is_trial":false,"path_per_floor":["M","M","M","M","?","R","M","R","T","?","M","T","M","$","R","B",null,"M","?","M","M","M","E"],"character_chosen":"DEFECT","items_purchased":["DataDisk"],"campfire_rested":1,"item_purchase_floors":[14],"current_hp_per_floor":[63,60,56,49,38,38,37,37,37,37,9,9,9,9,30,30,61,48,48,37,32,49,0,0],"gold":182,"neow_bonus":"ONE_RANDOM_RARE_CARD","is_daily":false,"chose_seed":false,"campfire_upgraded":2,"win_rate":0.0,"timestamp":1614281982,"path_taken":["M","M","?","M","?","R","M","R","T","?","?","?","M","$","R","BOSS","M","?","M","M","M","E"],"items_purchased_type":["Relic"],"build_version":"2020-12-22","purchased_purges":0,"victory":false,"max_hp_per_floor":[71,71,71,71,71,71,71,71,71,71,71,71,71,71,71,71,71,71,49,49,49,49,49,49],"card_choices":[{"not_picked":["Sweeping Beam","Streamline"],"picked":"Cold Snap","floor":1},{"not_picked":["Go for the Eyes","Melter"],"picked":"Genetic Algorithm","floor":2},{"not_picked":["Steam","Leap"],"picked":"Loop","floor":3},{"not_picked":["Reprogram","Hologram"],"picked":"Stack","floor":4},{"not_picked":["Conserve Battery","Force Field"],"picked":"Reboot","floor":7},{"not_picked":["Turbo","Redo"],"picked":"Coolheaded","floor":11},{"not_picked":["Leap","Go for the Eyes"],"picked":"Compile Driver","floor":13},{"not_picked":["Rainbow","Meteor Strike"],"picked":"Multi-Cast","floor":16},{"not_picked":["Rip and Tear","Hologram"],"picked":"Recycle","floor":18},{"not_picked":["Stack+1","Chaos"],"picked":"Glacier","floor":20},{"not_picked":["Cold Snap","Rebound+1","Sweeping Beam"],"picked":"SKIP","floor":21},{"not_picked":["Streamline","Redo","Coolheaded"],"picked":"SKIP","floor":22}],"player_experience":2629323,"relics_obtained":[{"floor":9,"key":"PreservedInsect"},{"floor":12,"key":"Bag of Marbles"}],"event_choices":[{"damage_healed":0,"gold_gain":0,"player_choice":"Success","damage_taken":11,"relics_obtained":["Orichalcum"],"max_hp_gain":0,"max_hp_loss":0,"event_name":"Scrap Ooze","floor":5,"gold_loss":0},{"damage_healed":0,"gold_gain":0,"player_choice":"Upgraded","damage_taken":0,"max_hp_gain":0,"max_hp_loss":0,"event_name":"Upgrade Shrine","floor":10,"gold_loss":0,"cards_upgraded":["Stack"]},{"damage_healed":0,"gold_gain":0,"player_choice":"Became a vampire","damage_taken":0,"max_hp_gain":0,"max_hp_loss":22,"event_name":"Vampires","floor":19,"gold_loss":0,"cards_obtained":["Bite","Bite","Bite","Bite","Bite"]}],"is_beta":false,"boss_relics":[{"not_picked":["Busted Crown","Tiny House"],"picked":"Fusion Hammer"}],"items_purged_floors":[],"is_endless":false,"potions_floor_spawned":[2,7,13,16,18,20,21],"killed_by":"Gremlin Leader","ascension_level":17}}