{"host":"0fmi5fguj5lvt8pf","time":1614237091,"event":{"mods":["BaseMod","Colored Map","Curses Come First","Downfall","Minty Spire (QoL Compilation)","Permanent Neow","StSLib"],"gold_per_floor":[0,43,43,28,128,167,167,234,270,334,392,439,439,478,521,644,644,644,679,679,679],"floor_reached":20,"language":"ENG","playtime":855,"items_purged":[],"score":176,"play_id":"57dd17d0-5114-429e-ba98-4f3c308b6e00","local_time":"20210224231131","is_ascension_mode":false,"campfire_choices":[{"data":"HandOfGreed","floor":1,"key":"SMITH"},{"data":"champ:Taunt","floor":13,"key":"SMITH"},{"floor":18,"key":"RECALL"}],"circlet_count":0,"master_deck":["champ:Strike","champ:Strike","champ:Strike","champ:Strike","champ:Defend","champ:Defend","champ:Defend","champ:Defend","champ:Execute","champ:Taunt+1","HandOfGreed+1","champ:Duel","champ:GutPunch","champ:StanceDance","champ:FaceSlap","champ:SwordSigil","champ:SkillfulDodge","champ:CrownThrow","champ:UltimateStance","CurseOfTheBell"],"relics":["champ:ChampionCrown","champ:LiftRelic","PreservedInsect","Happy Flower","Calling Bell","champ:FightingForDummies","Frozen Egg 2","Lizard Tail"],"acts_visited":["Exordium","TheCity"],"potions_floor_usage":[4,16],"damage_taken":[{"damage":10,"enemies":"Jaw Worm","floor":2,"turns":3},{"damage":30,"enemies":"downfall:FleeingMerchant","floor":4,"turns":4},{"damage":2,"enemies":"Cultist","floor":6,"turns":5},{"damage":1,"enemies":"2 Louse","floor":8,"turns":5},{"damage":0,"enemies":"downfall:LooterAlt","floor":9,"turns":3},{"damage":16,"enemies":"3 Louse","floor":10,"turns":4},{"damage":18,"enemies":"Gremlin Nob","floor":11,"turns":3},{"damage":10,"enemies":"Red Slaver","floor":14,"turns":2},{"damage":20,"enemies":"Exordium Wildlife","floor":15,"turns":3},{"damage":44,"enemies":"SI_SHIV_ARCHETYPE","floor":16,"turns":6},{"damage":26,"enemies":"Shell Parasite","floor":19,"turns":3},{"damage":0,"enemies":"3 Byrds","floor":20,"turns":1}],"seed_played":"4827581989556585764","potions_obtained":[{"floor":2,"key":"SneckoOil"},{"floor":11,"key":"LiquidMemories"},{"floor":14,"key":"FearPotion"}],"is_trial":false,"path_per_floor":["R","M","?","$","?","M","T","M","M","M","E","T","R","M","M","B",null,"R","M","M"],"character_chosen":"THE_CHAMP","items_purchased":[],"campfire_rested":0,"item_purchase_floors":[],"current_hp_per_floor":[90,90,90,90,90,88,88,87,87,71,63,63,63,63,63,44,90,90,89,89,89],"gold":679,"neow_bonus":"RANDOM_COLORLESS_2","is_daily":false,"chose_seed":false,"campfire_upgraded":2,"win_rate":0.0,"timestamp":1614237091,"path_taken":["R","M","?","$","?","M","T","M","M","M","E","?","R","?","M","BOSS","R","M","M"],"items_purchased_type":[],"build_version":"2020-12-22","purchased_purges":0,"victory":false,"max_hp_per_floor":[90,90,90,90,90,90,90,90,90,90,90,90,90,90,90,90,90,90,90,90,90],"card_choices":[{"not_picked":["Chrysalis","Thinking Ahead"],"picked":"HandOfGreed","floor":0},{"not_picked":["champ:Haymaker","champ:SetATrap"],"picked":"champ:Duel","floor":2},{"not_picked":["champ:Circumvent","champ:EnGarde"],"picked":"champ:GutPunch","floor":4},{"not_picked":["champ:Shatter","champ:ShieldWall"],"picked":"champ:StanceDance","floor":6},{"not_picked":["champ:Haymaker","champ:StanceDance","champ:FanOfKnives"],"picked":"SKIP","floor":8},{"not_picked":["champ:ShieldSlam","champ:BerserkersShout"],"picked":"champ:FaceSlap","floor":9},{"not_picked":["champ:TornadoPunch","champ:EnGarde","champ:ViciousMockery"],"picked":"SKIP","floor":10},{"not_picked":["champ:MurderStrike","champ:RecklessLeap"],"picked":"champ:SwordSigil","floor":11},{"not_picked":["champ:DefensiveStyle","champ:StanceDance"],"picked":"champ:SkillfulDodge","floor":14},{"not_picked":["champ:DefensiveShout","champ:Haymaker"],"picked":"champ:CrownThrow","floor":15},{"not_picked":["champ:CheapShot","champ:ShieldThrow"],"picked":"champ:UltimateStance","floor":16},{"not_picked":["champ:Backstep","champ:FanOfKnives","champ:DefensiveStyle+1"],"picked":"SKIP","floor":19}],"player_experience":1528259,"relics_obtained":[{"floor":11,"key":"PreservedInsect"},{"floor":12,"key":"Happy Flower"},{"floor":17,"key":"champ:FightingForDummies"},{"floor":17,"key":"Frozen Egg 2"},{"floor":17,"key":"Lizard Tail"}],"event_choices":[],"is_beta":false,"boss_relics":[{"not_picked":["Coffee Dripper","Fusion Hammer"],"picked":"Calling Bell"}],"items_purged_floors":[],"is_endless":false,"potions_floor_spawned":[2,11,14],"killed_by":"3 Byrds","ascension_level":0}}