{"host":"8akdrwfmzu5ai7mr","time":1614273885,"event":{"mods":["100% Spire Juice","Act Like it!","BaseMod","Colored Powertips","Downfall","Gensokyo","Marisa£®ÏF”Í°°ƒß¿Ì…≥£©","Minty Spire (QoL Compilation)","Quick Restart","Reimu£®≤©¿ˆ¡È√Œ£©","Remilia£®¿Ÿ√◊¿Ú—«£©","Replay The Spire","StSLib","The Administrix","The Marked","The Runesmith","The Servant 0.9.4","Youmu£®ªÍ∆«—˝√Œ£©","°æ“≈ŒÔø®≈∆°øREMEMod"],"gold_per_floor":[111,11,11,26,46,71,3,3,3,20,33,33,50,10,10,108,108,122,82,69,89,89,107,148,177,256,256,256,256,256],"floor_reached":29,"language":"ZHS","playtime":2178,"items_purged":[],"score":247,"play_id":"4dbd0b07-a4b6-4f41-9ff4-31c81d1e9963","local_time":"20210226012445","is_ascension_mode":false,"campfire_choices":[{"data":"sneckomod:UnknownRarePower","floor":8,"key":"SMITH"},{"data":"MurderousAura","floor":28,"key":"SMITH"}],"circlet_count":0,"master_deck":["Strike_S","Strike_S","Strike_S","Defend_S","Defend_S","Defend_S","Defend_S","KidneyShot","Exchange","sneckomod:UnknownRarePower+1","Sabotage","StarChef","Starlight","Rewind","Replace","FanOfKnives","BestPractice","SilverBlades","Contraction","SpecialFormula","BestPractice","MurderousAura+1","HandOfGreed","InstantArmor","TrueSight","downfall:Haunted","downfall:Haunted","ReplayTheSpireMod:IOU","TrueSight","Snipe","Master of Strategy","Moonlight","Writhe"],"relics":["Uniform","REME_ComplimentaryCards","Bag of Marbles","Tea:ReiMu","Replay:Accelerometer","PaintedHorse:ReiMu","REME_LowDesire","Replay:Mystery Machine","Broom","ZunR:ReiMu","Du-Vu Doll","Strawberry","Runesmith:Nanobots","Pen Nib"],"acts_visited":["Exordium","TheCity"],"potions_floor_usage":[5,10,13,16,16,16,18,24,25,29],"damage_taken":[{"damage":0,"enemies":"Small Slimes","floor":1,"turns":2},{"damage":9,"enemies":"Cultist","floor":4,"turns":4},{"damage":0,"enemies":"2 Louse","floor":5,"turns":3},{"damage":43,"enemies":"Gremlin Nob","floor":6,"turns":6},{"damage":6,"enemies":"Red Slaver","floor":10,"turns":3},{"damage":6,"enemies":"Blue Slaver","floor":11,"turns":5},{"damage":0,"enemies":"2 Fungi Beasts","floor":13,"turns":1},{"damage":11,"enemies":"Hexaghost","floor":16,"turns":8},{"damage":20,"enemies":"Shell Parasite","floor":18,"turns":5},{"damage":10,"enemies":"2 Thieves","floor":20,"turns":4},{"damage":0,"enemies":"Snecko","floor":21,"turns":5},{"damage":3,"enemies":"Snake Plant","floor":23,"turns":3},{"damage":38,"enemies":"Chosen and Byrds","floor":24,"turns":7},{"damage":7,"enemies":"Book of Stabbing","floor":25,"turns":4},{"damage":36,"enemies":"Slavers","floor":29,"turns":2}],"seed_played":"8503457732519714788","potions_obtained":[{"floor":4,"key":"Fruit Juice"},{"floor":5,"key":"EntropicBrew"},{"floor":6,"key":"Adrenaline Potion"},{"floor":10,"key":"AttackPotion"},{"floor":23,"key":"PowerPotion"},{"floor":24,"key":"LifebloodPotion"},{"floor":25,"key":"Explosive Potion"}],"is_trial":false,"path_per_floor":["M","$","?","M","M","E","$","R","T","M","M","?","M","?","R","B",null,"M","?","M","M","?","M","M","E","T","?","R","E"],"character_chosen":"THE_SERVANT","items_purchased":["StarChef","Starlight","BestPractice"],"campfire_rested":0,"item_purchase_floors":[2,2,7],"current_hp_per_floor":[65,65,65,51,56,13,13,34,34,28,22,22,22,22,43,40,70,50,50,45,45,45,47,29,34,34,34,34,0,0],"gold":256,"neow_bonus":"RANDOM_COMMON_RELIC","is_daily":false,"chose_seed":false,"campfire_upgraded":2,"win_rate":0.0,"timestamp":1614273885,"path_taken":["M","$","?","M","M","E","?","R","T","M","M","?","?","?","R","BOSS","M","?","M","M","?","M","M","E","T","?","R","E"],"items_purchased_type":["Card","Card","Card"],"build_version":"2020-12-22","purchased_purges":0,"victory":false,"max_hp_per_floor":[65,65,65,65,70,70,70,70,70,70,70,70,70,70,70,70,70,70,70,70,70,70,70,70,77,77,77,77,77,77],"card_choices":[{"not_picked":["Foresight","Ricochet"],"picked":"Sabotage","floor":1},{"not_picked":["Comet","DoubleEdge"],"picked":"Rewind","floor":4},{"not_picked":["ShiftingGears","Deadline"],"picked":"Replace","floor":5},{"not_picked":["Replace","Foresight"],"picked":"FanOfKnives","floor":6},{"not_picked":["Rearm","FanOfKnives"],"picked":"SilverBlades","floor":10},{"not_picked":["Rearm","Unruled"],"picked":"Contraction","floor":11},{"not_picked":["Replace","Luminosity"],"picked":"SpecialFormula","floor":13},{"not_picked":["Sunlight","PendulumOfEternity"],"picked":"MurderousAura","floor":16},{"not_picked":["Alleviate+1","BestPractice","Unruled"],"picked":"HandOfGreed","floor":18},{"not_picked":["SilverBlades","Alleviate","Replay:Sssssssssshield"],"picked":"InstantArmor","floor":20},{"not_picked":["DoubleEdge","Defy","Mayhem"],"picked":"TrueSight","floor":21},{"not_picked":["DoubleEdge","Comet","Flash of Steel"],"picked":"Snipe","floor":23},{"not_picked":["Potential","Defy","TimeWarp"],"picked":"Master of Strategy","floor":24},{"not_picked":["DoubleEdge","Rearm","Good Instincts"],"picked":"Moonlight","floor":25}],"player_experience":163240,"relics_obtained":[{"floor":6,"key":"Tea:ReiMu"},{"floor":9,"key":"Replay:Accelerometer"},{"floor":17,"key":"Replay:Mystery Machine"},{"floor":17,"key":"Broom"},{"floor":25,"key":"Strawberry"},{"floor":26,"key":"Runesmith:Nanobots"}],"event_choices":[{"damage_healed":0,"gold_gain":0,"player_choice":"Ignored","damage_taken":0,"max_hp_gain":0,"max_hp_loss":0,"event_name":"NoteForYourself","floor":3,"gold_loss":0},{"damage_healed":0,"gold_gain":0,"player_choice":"Ignored","damage_taken":0,"max_hp_gain":0,"max_hp_loss":0,"event_name":"Purifier","floor":12,"gold_loss":0},{"damage_healed":0,"gold_gain":0,"player_choice":"»˚«Æ","damage_taken":0,"relics_obtained":["PaintedHorse:ReiMu"],"max_hp_gain":0,"max_hp_loss":0,"event_name":"yidonshenshe","floor":14,"gold_loss":40},{"damage_healed":0,"gold_gain":0,"player_choice":"π∫¬Ú…Òæ∆","damage_taken":0,"relics_obtained":["ZunR:ReiMu"],"max_hp_gain":0,"max_hp_loss":0,"event_name":"ZunEvent","floor":19,"gold_loss":40}],"is_beta":false,"boss_relics":[{"not_picked":["Honey Jar","Sozu"],"picked":"REME_LowDesire"}],"items_purged_floors":[],"is_endless":false,"potions_floor_spawned":[4,5,6,10,23,24,25],"killed_by":"Slavers","ascension_level":0}}