{"host":"1zjbco0fylw71vbw","time":1614248682,"event":{"mods":["2.2 Compatiblity","AchievementEnabler","Aspiration","BaseMod","Best Route Mod","Better Altar","Better Match","Better Note","Better Sensory Stone","Better Third Choice","Better Vampires","Colored Powertips","Defective Defect","Energized Spire","Halation","Hero for Fun","Highlight Path","Hubris","Infinite Spire","Ironclad Rager","Mimic Mod","Minty Spire (QoL Compilation)","Permanent Neow","Quick Restart","RNG Fix","Rare Cards Sparkle","Relic Stats","Replay The Spire","Shade Mod","Shop Mod","Slumbering Mod","StSLib","Swap Starting Deck Mod","The Accelerator","The Blue Laboratory","The Cursed","The Forsaken","The IronCluck","Useless Jewels Mod","everything is the same but u backflip on backflip"],"gold_per_floor":[],"floor_reached":10,"language":"ENG","playtime":673,"items_purged":[],"score":60,"play_id":"c29cd363-a3ad-4a25-adc4-619cd2baa564","local_time":"20210225212442","is_ascension_mode":false,"campfire_choices":[],"circlet_count":0,"master_deck":["TheCursedMod:Strike_TheCursed","TheCursedMod:Strike_TheCursed","TheCursedMod:Strike_TheCursed","TheCursedMod:Strike_TheCursed","TheCursedMod:Defend_TheCursed","TheCursedMod:Defend_TheCursed","TheCursedMod:Defend_TheCursed","TheCursedMod:Defend_TheCursed","TheCursedMod:CursedWand","TheCursedMod:CleanUpWorkshop","TheCursedMod:Dregs","Jack Of All Trades","TheCursedMod:PrepareRite","Burn","TheCursedMod:HellsGateOpen+1","TheCursedMod:BlessingInDisguise","TheCursedMod:CircleOfCorruption","TheCursedMod:CircleOfCorruption"],"relics":["TheCursedMod:BlackMagic101","halation:PinkSoulGem","infinitespire:PuzzleCube"],"acts_visited":["Exordium"],"potions_floor_usage":[],"damage_taken":[],"seed_played":"2480910967731114121","potions_obtained":[],"is_trial":false,"path_per_floor":[],"character_chosen":"THE_CURSED","items_purchased":[],"campfire_rested":0,"item_purchase_floors":[],"current_hp_per_floor":[],"gold":171,"neow_bonus":"RANDOM_COLORLESS","is_daily":false,"chose_seed":false,"campfire_upgraded":1,"win_rate":0.0,"timestamp":1614248682,"path_taken":[],"items_purchased_type":[],"build_version":"2020-12-22","purchased_purges":0,"victory":false,"max_hp_per_floor":[],"relic_stats":{"counters":[5,24],"obtain_stats":[{"TheCursedMod:BlackMagic101":0,"halation:PinkSoulGem":2,"infinitespire:PuzzleCube":9},{"TheCursedMod:BlackMagic101":0,"halation:PinkSoulGem":1,"infinitespire:PuzzleCube":5},{"TheCursedMod:BlackMagic101":0,"halation:PinkSoulGem":4,"infinitespire:PuzzleCube":24}]},"card_choices":[],"player_experience":399965,"relics_obtained":[],"event_choices":[],"is_beta":false,"boss_relics":[],"items_purged_floors":[],"is_endless":false,"potions_floor_spawned":[],"killed_by":"Gremlin Nob","ascension_level":0}}