{"host":"at8674jmuidj9jgx","time":1614261829,"event":{"mods":["BaseMod","Colored Map","Colored Powertips","Library of Ruina","Library of Ruina Extra","Minty Spire (QoL Compilation)","SuperFastMode"],"gold_per_floor":[363,51,69,19,30,63,63,63,117,135,168,168,168,15,15,116,116,135,135,145,145,162,192,192,203,203,231,243,243,60,76,76,176,226,241,286,305,305,305,305,336,336,336,349,363,381,394,413,413,413],"floor_reached":51,"language":"ENG","playtime":2853,"items_purged":["Regret"],"score":979,"play_id":"79e6f11f-3266-4b08-96e4-bdb99a27ab6f","local_time":"20210225170349","is_ascension_mode":false,"campfire_choices":[{"floor":8,"key":"REST"},{"floor":12,"key":"REST"},{"data":"DevastatingThrash","floor":15,"key":"SMITH"},{"data":"SenseQuarry","floor":24,"key":"SMITH"},{"data":"ToWhereThePrescriptPoints","floor":29,"key":"SMITH"},{"floor":32,"key":"REST"},{"data":"RipSpace","floor":40,"key":"SMITH"},{"data":"Leap_lor","floor":49,"key":"SMITH"}],"circlet_count":0,"master_deck":["Dodge","LightDefense","LightAttack","LightAttack","LightAttack","LightDefense","LightDefense","LightDefense","ChargeAndCover","FocusedStrikes","BulkyImpact+1","SenseQuarry+1","QuickSuppression","GroundSmash","Execute_lor","CoordinatedAssault","DevastatingThrash+1","RhinoRam","AbsorbImpact","Tttonst","CurseOfTheBell","Leap_lor+1","FlashingStrike+1","WillOfThePrescript","GrazeTheGrass","RipSpace+1","ToWhereThePrescriptPoints+1","EnergyShield","SavageMode","Ripple","LawAndOrder+1","DimensionalRift","Writhe","Rewind","Brawl+1"],"relics":["PageOfLibrarian","Pen Nib","Tiny Chest","Dream Catcher","Blood Vial","Bottled Lightning","Darkstone Periapt","Bag of Marbles","Calling Bell","Potion Belt","Mercury Hourglass","Gambling Chip","Letter Opener","Bottled Flame","PageOfDeadButterflies","PageOfSnowWhitesApple","Membership Card","Tiny House","TungstenRod","PageOfPunishingBird","Dead Branch","Eternal Feather"],"acts_visited":["Exordium","TheCity","TheBeyond"],"potions_floor_usage":[6,23,23,27,31,41,41,42,44,50,50,50,50,50],"damage_taken":[{"damage":0,"enemies":"Cultist","floor":1,"turns":4},{"damage":1,"enemies":"Small Slimes","floor":3,"turns":3},{"damage":6,"enemies":"Jaw Worm","floor":5,"turns":3},{"damage":29,"enemies":"Lagavulin","floor":6,"turns":4},{"damage":1,"enemies":"3 Louse","floor":10,"turns":3},{"damage":16,"enemies":"Gremlin Nob","floor":11,"turns":3},{"damage":33,"enemies":"Slime Boss","floor":16,"turns":7},{"damage":5,"enemies":"2 Thieves","floor":18,"turns":5},{"damage":10,"enemies":"Shell Parasite","floor":20,"turns":4},{"damage":26,"enemies":"Centurion and Healer","floor":22,"turns":4},{"damage":11,"enemies":"Gremlin Leader","floor":23,"turns":2},{"damage":1,"enemies":"Snecko","floor":25,"turns":3},{"damage":8,"enemies":"Slavers","floor":27,"turns":5},{"damage":0,"enemies":"Snake Plant","floor":28,"turns":2},{"damage":2,"enemies":"Centurion and Healer","floor":31,"turns":3},{"damage":42,"enemies":"Automaton","floor":33,"turns":8},{"damage":0,"enemies":"3 Shapes","floor":35,"turns":2},{"damage":12,"enemies":"2 Orb Walkers","floor":36,"turns":3},{"damage":8,"enemies":"3 Darklings","floor":37,"turns":4},{"damage":0,"enemies":"Reptomancer","floor":41,"turns":2},{"damage":8,"enemies":"Sphere and 2 Shapes","floor":44,"turns":3},{"damage":17,"enemies":"Maw","floor":45,"turns":5},{"damage":12,"enemies":"4 Shapes","floor":46,"turns":4},{"damage":2,"enemies":"Sphere and 2 Shapes","floor":47,"turns":3},{"damage":0,"enemies":"Transient","floor":48,"turns":5},{"damage":20,"enemies":"Time Eater","floor":50,"turns":6}],"seed_played":"-4669659908452084746","potions_obtained":[{"floor":3,"key":"Ancient Potion"},{"floor":16,"key":"LiquidMemories"},{"floor":18,"key":"AttackPotion"},{"floor":22,"key":"SneckoOil"},{"floor":25,"key":"SkillPotion"},{"floor":33,"key":"SkillPotion"},{"floor":34,"key":"SteroidPotion"},{"floor":36,"key":"AttackPotion"},{"floor":41,"key":"SteroidPotion"},{"floor":42,"key":"SkillPotion"},{"floor":42,"key":"Fruit Juice"},{"floor":42,"key":"ColorlessPotion"},{"floor":45,"key":"Weak Potion"},{"floor":48,"key":"Explosive Potion"}],"is_trial":false,"path_per_floor":["M","$","M","?","M","E","?","R","T","M","E","R","?","$","R","B",null,"M","T","M","?","M","E","R","M","T","E","M","R","$","M","R","B",null,"M","?","M","?","T","R","E","?","T","M","M","M","M","M","R","B",null],"character_chosen":"Librarian","items_purchased":["SenseQuarry","Pen Nib","Bag of Marbles","Membership Card"],"campfire_rested":3,"item_purchase_floors":[2,2,14,30],"current_hp_per_floor":[60,60,59,59,53,24,12,35,35,36,22,45,51,51,51,20,90,85,85,77,77,53,48,48,49,49,43,45,45,45,46,74,58,101,101,89,83,107,107,107,107,112,112,104,99,89,92,94,112,92],"gold":413,"neow_bonus":"TWO_FIFTY_GOLD","is_daily":false,"chose_seed":false,"campfire_upgraded":5,"win_rate":0.0,"timestamp":1614261829,"path_taken":["M","?","?","?","M","E","?","R","T","M","E","R","?","?","R","BOSS","M","?","M","?","M","E","R","M","T","E","M","R","$","M","R","BOSS","M","?","M","?","?","R","E","?","T","M","M","?","M","M","R","BOSS"],"items_purchased_type":["Card","Relic","Relic","Relic"],"build_version":"2020-12-22","purchased_purges":1,"victory":true,"max_hp_per_floor":[65,65,65,65,78,78,78,78,78,78,78,78,84,84,84,84,90,90,90,90,90,90,90,90,90,90,90,90,90,90,96,96,96,101,101,101,101,107,107,107,107,112,112,112,112,112,112,112,112,112],"card_choices":[{"not_picked":["ViolentFlame","AutonomousRush","NightInTheBackstreets","AutomatedMovement","MultiHit","Rampage_lor","PreemptiveStrike","SerpentSwordTechnique"],"picked":"BulkyImpact","floor":1},{"not_picked":["SetFire","UnavoidableGaze","TimeForALittleTest","FrontalAssault","KeepItFresh","Rewind","DarkCloud","EndlessBattle"],"picked":"QuickSuppression","floor":3},{"not_picked":["CombatPreparation","EnergyCycle","Standoff","Eject","Pound","UpbeatPerformance","BladeWhirl","SunsetBlade"],"picked":"GroundSmash","floor":5},{"not_picked":["HiddenBlade","BackAttack","MirageStorm","EnergyCycle","FierceCharge","StrikeDown","OpportunitySpotted","Rewind"],"picked":"Execute_lor","floor":6},{"not_picked":["EndlessBattle","FleetEdge","Leap_lor","PinpointShot","Deflect_lor","Thrust","Thirst","SearingSword"],"picked":"CoordinatedAssault","floor":8},{"not_picked":["StrikeDown","FeelinGood","CoordinatedAssault","GreatSerpentsImpact","Concentration","FieryWaltz","FendThisOffIfYouCan","SpearedSweep"],"picked":"DevastatingThrash","floor":10},{"not_picked":["HiddenBlade","VenomousFangs","BoundaryOfDeath","WildCard","BackAttack","FleshFillet","CutIn","SkitterAway"],"picked":"RhinoRam","floor":11},{"not_picked":["TendonChords","GuardingStance","QuickAttack","Thrust","UnavoidableGaze","Rewind","SerpentSwordTechnique","GreatSerpentsImpact"],"picked":"AbsorbImpact","floor":12},{"not_picked":["CleanUp","Cruelty"],"picked":"Tttonst","floor":16},{"not_picked":["ToOvercomeCrisis+1","SuppressingShot","MultiBlock","Tttonst","FierceOnslaught+1","FleetFootsteps+1","MultiHit","DriedUp"],"picked":"Leap_lor","floor":18},{"not_picked":["BindingArms","CumulusWall","SturdyDefense+1","EndlessBattle+1","Disposal","SuppressingShot","Outburst","UnavoidableGaze"],"picked":"FlashingStrike+1","floor":20},{"not_picked":["BiAn+1","FierceOnslaught","SunsetBlade","NightInTheBackstreets","RagingStormLove","HighKick","ReadyUp+1","Parry"],"picked":"GrazeTheGrass","floor":22},{"not_picked":["Crush+1","MultiHit","Reload+1","FierceOnslaught+1","SpearedSweep","FierceCharge+1","FrontalAssault","BoundaryOfDeath","ExtractFuel"],"picked":"SKIP","floor":23},{"not_picked":["RushDown+1","RapidGashes","TheArtOfRapidSteps","SetFire","StructuralAnalysis","FierceCharge","ForTheFamily","ClassAndRespect"],"picked":"RipSpace","floor":25},{"not_picked":["StructuralAnalysis+1","Punishment","Guardian_lor","WillOfThePrescript","CumulusWall","ReadyUp","BlowItUp+1","ProselytesBlade"],"picked":"ToWhereThePrescriptPoints","floor":27},{"not_picked":["SkitterAway+1","HiddenBlade","BackAttack","DefenseOrder","HandleRequest+1","UnavoidableGaze+1","SerpentineBarrier","HighKick","ClassAndRespect"],"picked":"SKIP","floor":28},{"not_picked":["GrazeTheGrass","Overcharge","SkyClearingCut","Eliminate","ShrineToMusic","Decapitation","EnergyStrike","FaintMemories","StrongStrike"],"picked":"SKIP","floor":31},{"not_picked":["ClassAndRespect+1","HiddenBlade","Creak","ViolentFlame","WrathOfTorment","EnergyStrike","GreatSerpentsImpact","ForTheFamily+1"],"picked":"EnergyShield","floor":32},{"not_picked":["TrashDisposal","TieShanKao"],"picked":"SavageMode","floor":33},{"not_picked":["SunsetBlade","NightInTheBackstreets","FlashOfSunup","DesperateStruggle","InnerArdor+1","StructuralAnalysis","UnavoidableGaze","ExtractFuel"],"picked":"Ripple","floor":34},{"not_picked":["BindingChains","SpearedSweep+1","Wallop_lor","ShockingBlow+1","SuppressingShot+1","GrazeTheGrass","MultiBlock","FleetFootsteps+1"],"picked":"LawAndOrder+1","floor":35},{"not_picked":["Endure","TendonChords","HiddenBlade+1","SerpentSwordTechnique","CombatPreparation+1","Leap_lor","LoosenUp+1","FlamingDragonFist"],"picked":"DimensionalRift","floor":36},{"not_picked":["SkitterAway+1","ClassAndRespect+1","BiAn+1","SunsetBlade","SpearedSweep+1","Faith","CoordinatedAssault+1","WillOfThePrescript+1","GreatSerpentsImpact+1"],"picked":"SKIP","floor":37},{"not_picked":["Preparation","GroundSmash","Leap_lor+1","SharpSwipe","InkOver+1","Rampage_lor+1","Quickness","DimensionalRift","YouOnlyLiveOnce+1"],"picked":"SKIP","floor":41},{"not_picked":["SinglePointStab+1","DarkCloud","Disposal","LawAndOrder+1","Slice_lor","Wallop_lor+1","Thrust","FlowOfTheSword"],"picked":"Rewind","floor":44},{"not_picked":["ChopItOff","WaitUp","StrikeDown+1","Pound","SpearedSweep+1","Multislash","WildCard+1","SharpSwipe+1"],"picked":"Brawl+1","floor":45},{"not_picked":["SkitterAway","PinpointShot","QuickAttack+1","DesperateStruggle+1","SnakesPrey+1","DestructiveImpact+1","MultiHit","DirtyBlow+1","UpbeatPerformance+1"],"picked":"SKIP","floor":46},{"not_picked":["SerpentineBarrier","QuickSuppression+1","UnavoidableGaze","SparkingSpear+1","FlowOfTheSword+1","Quickness+1","Rampage_lor","Pound","NightInTheBackstreets+1"],"picked":"SKIP","floor":47},{"not_picked":["ChiWen","CumulusWall+1","BurningFlash+1","DefenseOrder+1","SturdyDefense+1","ButterflySlash+1","FleetFootsteps","TheArtOfRapidSteps+1","FrontalAssault"],"picked":"SKIP","floor":48}],"player_experience":128624,"relics_obtained":[{"floor":6,"key":"Tiny Chest"},{"floor":9,"key":"Blood Vial"},{"floor":11,"key":"Bottled Lightning"},{"floor":17,"key":"Potion Belt"},{"floor":17,"key":"Mercury Hourglass"},{"floor":17,"key":"Gambling Chip"},{"floor":19,"key":"Letter Opener"},{"floor":23,"key":"Bottled Flame"},{"floor":26,"key":"PageOfDeadButterflies"},{"floor":27,"key":"PageOfSnowWhitesApple"},{"floor":36,"key":"TungstenRod"},{"floor":39,"key":"PageOfPunishingBird"},{"floor":41,"key":"Dead Branch"},{"floor":43,"key":"Eternal Feather"}],"event_choices":[{"cards_removed":["Shame"],"damage_healed":0,"gold_gain":0,"player_choice":"Card Removal","damage_taken":0,"max_hp_gain":0,"max_hp_loss":0,"event_name":"The Cleric","floor":4,"gold_loss":50},{"damage_healed":0,"gold_gain":0,"player_choice":"Success","damage_taken":12,"relics_obtained":["Dream Catcher"],"max_hp_gain":0,"max_hp_loss":0,"event_name":"Scrap Ooze","floor":7,"gold_loss":0},{"damage_healed":0,"gold_gain":0,"player_choice":"Box","damage_taken":0,"relics_obtained":["Darkstone Periapt"],"max_hp_gain":0,"max_hp_loss":0,"event_name":"Big Fish","floor":13,"gold_loss":0,"cards_obtained":["Regret"]},{"damage_healed":0,"gold_gain":0,"player_choice":"Read","damage_taken":0,"max_hp_gain":0,"max_hp_loss":0,"event_name":"The Library","floor":21,"gold_loss":0,"cards_obtained":["WillOfThePrescript"]},{"damage_healed":0,"gold_gain":0,"player_choice":"Fight","damage_taken":0,"max_hp_gain":0,"max_hp_loss":0,"event_name":"Mysterious Sphere","floor":36,"gold_loss":0},{"damage_healed":25,"gold_gain":0,"player_choice":"Writhe","damage_taken":0,"max_hp_gain":0,"max_hp_loss":0,"event_name":"Winding Halls","floor":38,"gold_loss":0,"cards_obtained":["Writhe"]},{"damage_healed":0,"gold_gain":0,"player_choice":"Got Potions","damage_taken":0,"max_hp_gain":0,"max_hp_loss":0,"event_name":"Lab","floor":42,"gold_loss":0}],"is_beta":false,"boss_relics":[{"not_picked":["Astrolabe","Velvet Choker"],"picked":"Calling Bell"},{"not_picked":["Runic Pyramid","Pandora\u0027s Box"],"picked":"Tiny House"}],"items_purged_floors":[30],"is_endless":false,"potions_floor_spawned":[3,16,18,22,25,33,36,41,45,48],"ascension_level":0}}