{"host":"ap8nepptd6icxyz7","time":1614278142,"event":{"mods":["2.2 Compatiblity","AchievementEnabler","BaseMod","Bestiary","Better Altar","Better Match","Better Note","Better Sensory Stone","Better Skull","Better Third Choice","Better Vampires","Challenge The Spire","Colored Map","Colored Powertips","Colorless Booster Pack","Custom Start","Displayed Cursed Tome","Energized Spire","Faster Ascension Climbing","Hermit","Highlight Path","Jorbs\u0027s Wanderer Trilogy","Marked Mod","Mimic Mod","Minty Spire (QoL Compilation)","Permanent Neow","Quick Restart","Random Character Button","Rare Cards Sparkle","Relic Sorter","Relic Stats","Reliquary","SCP261 Mod","SacredBarkPlus","StSLib","Uncapped"],"gold_per_floor":[428,18,18,38,213,37,71,71,2,29,29,55,71,71,83,83,178,178,194,210,35,35,35,35,35,35,62,62,87,87,122,137,137,137,137],"floor_reached":33,"language":"ENG","playtime":1213,"items_purged":["Doubt"],"score":347,"play_id":"2bf53e73-27c0-4769-b4e7-4b4cf33c7dd6","local_time":"20210225123542","is_ascension_mode":true,"campfire_choices":[{"floor":7.0,"key":"REST"},{"floor":15.0,"key":"REST"},{"floor":23.0,"key":"REST"},{"floor":25.0,"key":"REST"},{"data":"Offering","floor":29.0,"key":"SMITH"},{"data":"Bash","floor":32.0,"key":"SMITH"}],"circlet_count":0,"master_deck":["Strike_R","Strike_R","Defend_R","Defend_R","Defend_R","Bash+1","Sever Soul","Offering+1","Reckless Charge","Impervious","Uppercut+1","Clash","Seeing Red+1","Insight","Clash","Impervious"],"relics":["Burning Blood","reliquary:Vitrine","Mercury Hourglass","Bag of Marbles","GremlinMask","SlaversCollar","reliquary:RoseTintedGlasses","reliquary:Aerogel","Blood Vial","Calipers"],"acts_visited":["Exordium","TheCity"],"potions_floor_usage":[],"damage_taken":[{"damage":5.0,"enemies":"Small Slimes","floor":1.0,"turns":3.0},{"damage":9.0,"enemies":"Jaw Worm","floor":3.0,"turns":5.0},{"damage":51.0,"enemies":"Lagavulin","floor":6.0,"turns":7.0},{"damage":22.0,"enemies":"Gremlin Nob","floor":11.0,"turns":3.0},{"damage":6.0,"enemies":"Cultist","floor":12.0,"turns":2.0},{"damage":1.0,"enemies":"2 Fungi Beasts","floor":14.0,"turns":2.0},{"damage":43.0,"enemies":"Slime Boss","floor":16.0,"turns":8.0},{"damage":17.0,"enemies":"2 Thieves","floor":18.0,"turns":5.0},{"damage":52.0,"enemies":"Shell Parasite","floor":19.0,"turns":8.0},{"damage":10.0,"enemies":"Book of Stabbing","floor":28.0,"turns":3.0},{"damage":19.0,"enemies":"Gremlin Leader","floor":30.0,"turns":3.0},{"damage":18.0,"enemies":"Sentry and Sphere","floor":31.0,"turns":4.0},{"damage":59,"enemies":"Collector","floor":33,"turns":7}],"seed_played":"-5885434450736953454","potions_obtained":[{"floor":6.0,"key":"SkillPotion"},{"floor":11.0,"key":"SpeedPotion"},{"floor":19.0,"key":"PowerPotion"},{"floor":30.0,"key":"SCP261:SweetSwarmPotion"}],"is_trial":false,"path_per_floor":["M","?","M","?","$","E","R","$","T","?","E","M","?","M","R","B",null,"M","M","$","?","?","R","?","R","T","?","E","R","E","M","R","B"],"character_chosen":"IRONCLAD","items_purchased":["Iron Wave","FearPotion","Evolve","reliquary:RoseTintedGlasses","Clash"],"campfire_rested":4,"item_purchase_floors":[5,5,8,20,20],"current_hp_per_floor":[4,80,73,70,70,70,25,49,49,49,49,33,33,33,38,62,25,80,69,23,23,23,23,47,47,71,71,71,67,67,56,46,46,0,0],"gold":137,"neow_bonus":"REMOVE_TWO","is_daily":false,"chose_seed":false,"campfire_upgraded":2,"win_rate":0.0,"timestamp":1614278142,"path_taken":["M","?","M","?","?","E","R","$","T","?","E","?","?","M","R","BOSS","M","?","?","?","?","R","?","R","T","?","E","R","E","M","R","BOSS"],"items_purchased_type":["Card","Potion","Card","Relic","Card"],"build_version":"2020-12-22","purchased_purges":1,"victory":false,"max_hp_per_floor":[80,80,80,80,80,80,80,80,80,80,80,80,80,80,80,80,80,80,80,80,80,80,80,80,80,80,80,80,80,80,80,80,80,80,80],"relic_stats":{"Blood Vial":6,"counters":[13,59],"obtain_stats":[{"Blood Vial":28,"SlaversCollar":17,"Calipers":30,"reliquary:Aerogel":26,"GremlinMask":13,"reliquary:RoseTintedGlasses":20,"Bag of Marbles":9,"reliquary:Vitrine":11,"Burning Blood":0,"Mercury Hourglass":6},{"Blood Vial":10,"SlaversCollar":7,"Calipers":11,"reliquary:Aerogel":9,"GremlinMask":5,"reliquary:RoseTintedGlasses":9,"Bag of Marbles":3,"reliquary:Vitrine":4,"Burning Blood":0,"Mercury Hourglass":3},{"Blood Vial":45,"SlaversCollar":29,"Calipers":48,"reliquary:Aerogel":42,"GremlinMask":19,"reliquary:RoseTintedGlasses":42,"Bag of Marbles":15,"reliquary:Vitrine":18,"Burning Blood":0,"Mercury Hourglass":15}],"Burning Blood":71,"Mercury Hourglass":[150]},"card_choices":[{"not_picked":["Wild Strike","Havoc","Thunderclap"],"picked":"SKIP","floor":1.0},{"not_picked":["Twin Strike","Whirlwind"],"picked":"Sever Soul","floor":3.0},{"not_picked":["Wild Strike","Warcry"],"picked":"Offering","floor":6.0},{"not_picked":["Rage","Heavy Blade","Reckless Charge"],"picked":"SKIP","floor":11.0},{"not_picked":["Flex","Ghostly Armor"],"picked":"Reckless Charge","floor":12.0},{"not_picked":["Entrench","Havoc","Fire Breathing"],"picked":"SKIP","floor":14.0},{"not_picked":["Fiend Fire","Bludgeon"],"picked":"Impervious","floor":16.0},{"not_picked":["Anger+1","Heavy Blade","Headbutt+1"],"picked":"SKIP","floor":18.0},{"not_picked":["Headbutt+1","Heavy Blade"],"picked":"Uppercut+1","floor":19.0},{"not_picked":["Seeing Red+1","Disarm"],"picked":"Impervious","floor":28.0},{"not_picked":["Hemokinesis","Searing Blow","Iron Wave"],"picked":"SKIP","floor":30.0},{"not_picked":["Pommel Strike","Burning Pact","Twin Strike+1"],"picked":"SKIP","floor":31.0}],"player_experience":32197,"relics_obtained":[{"floor":6.0,"key":"Mercury Hourglass"},{"floor":9.0,"key":"Bag of Marbles"},{"floor":11.0,"key":"reliquary:Vitrine"},{"floor":26.0,"key":"reliquary:Aerogel"},{"floor":28.0,"key":"Blood Vial"},{"floor":30.0,"key":"Calipers"}],"event_choices":[{"cards_removed":["Strike_R"],"damage_healed":0.0,"max_hp_gain":0.0,"max_hp_loss":0.0,"gold_gain":0.0,"event_name":"Golden Wing","player_choice":"Card Removal","floor":2.0,"gold_loss":0.0,"damage_taken":7.0},{"damage_healed":0.0,"max_hp_gain":0.0,"max_hp_loss":0.0,"gold_gain":175.0,"event_name":"betterThird:BetterSerpent","player_choice":"AGREE","floor":4.0,"gold_loss":0.0,"damage_taken":38.0},{"cards_removed":["Iron Wave"],"damage_healed":0.0,"max_hp_gain":0.0,"max_hp_loss":0.0,"gold_gain":0.0,"event_name":"Purifier","player_choice":"Purged","floor":10.0,"gold_loss":0.0,"damage_taken":0.0},{"damage_healed":0.0,"max_hp_gain":0.0,"max_hp_loss":0.0,"gold_gain":0.0,"event_name":"FaceTrader","player_choice":"Trade","floor":13.0,"gold_loss":0.0,"damage_taken":0.0,"relics_obtained":["GremlinMask"]},{"cards_removed":["Strike_R"],"damage_healed":0.0,"max_hp_gain":0.0,"max_hp_loss":0.0,"gold_gain":0.0,"event_name":"Purifier","player_choice":"Purged","floor":21.0,"gold_loss":0.0,"damage_taken":0.0},{"damage_healed":0.0,"max_hp_gain":0.0,"max_hp_loss":0.0,"gold_gain":0.0,"event_name":"betterNote:BetterNote","player_choice":"Take","floor":22.0,"gold_loss":0.0,"damage_taken":0.0,"cards_obtained":["Seeing Red"]},{"damage_healed":0.0,"max_hp_gain":0.0,"max_hp_loss":0.0,"gold_gain":0.0,"event_name":"betterThird:BetterWriting","player_choice":"Insight","floor":24.0,"gold_loss":0.0,"damage_taken":0.0,"cards_obtained":["Insight"]},{"damage_healed":0.0,"max_hp_gain":0.0,"max_hp_loss":0.0,"gold_gain":0.0,"event_name":"Duplicator","player_choice":"Copied","floor":27.0,"gold_loss":0.0,"damage_taken":0.0,"cards_obtained":["Clash"]}],"is_beta":false,"boss_relics":[{"not_picked":["Tiny House","Mark of Pain"],"picked":"SlaversCollar"}],"items_purged_floors":[5],"is_endless":false,"potions_floor_spawned":[6,11,19,30],"killed_by":"Collector","ascension_level":4}}