{"host":"3wucmrsmney0jioo","time":1614241564,"event":{"mods":["BaseMod","Minty Spire (QoL Compilation)","MostiFishMod","Prisma Mod","Reliquary","Replay The Spire","Spicy Shops","StSLib","¡¾ÒÅÎï¿¨ÅÆ¡¿REMEMod"],"gold_per_floor":[363,286,305,383,399,399,434,434,457,407,407,407,407,423,423,567,567,577,577,577,592,610,687,687,512,512,539,559,559,572,590,590,692,692,706,-694,-598,-543,-484,-404,-404,-404,-377,-367,-367,-367,-355,-355,-355,-355],"floor_reached":51,"language":"ZHS","playtime":1997,"items_purged":["PrismaMod:MiyuCommonAttack","Strike_G","Delirium","Injury","Defend_G","Pride"],"score":801,"play_id":"0075c53b-4080-45c6-9c9e-afed18ddc678","local_time":"20210225162604","is_ascension_mode":true,"campfire_choices":[{"floor":6.0,"key":"REST"},{"data":"Noxious Fumes","floor":8.0,"key":"SMITH"},{"data":"MostiFishMod:VineMother","floor":15.0,"key":"SMITH"},{"data":"Backstab","floor":24.0,"key":"SMITH"},{"floor":29.0,"key":"DIG"},{"floor":42,"key":"RECALL"},{"floor":49,"key":"DIG"}],"circlet_count":0,"master_deck":["Strike_G","Strike_G+1","Strike_G","Defend_G","Defend_G","Defend_G","Defend_G","Survivor","Neutralize","Outmaneuver+1","Bandage Up","Terror+1","Replay:Poison Smokescreen","Deadly Poison+1","Bane","Noxious Fumes+1","Deadly Poison","MostiFishMod:VineMother+1","Deadly Poison","Poison Darts","ReplayTheSpireMod:Speed Training+1","Backstab","Backstab+1","MostiFishMod:ThornCasing+1","MostiFishMod:PreservedThorns","Noxious Fumes+1","Adrenaline+1","Finisher","Caltrops+1","MostiFishMod:ThornCasing+1","Bouncing Flask","Poison Darts","Deadly Poison+1","Phantasmal Killer"],"relics":["Ring of the Snake","DaveBox","REME_ComplimentaryCards","xbg","SynthV:TestCard","DiscerningMonocle","Matryoshka","Dream Catcher","Snack Pack","Chemical X","reliquary:Vitrine","Thread and Needle","Bronze Scales","reliquary:RadioactivePellet","Ancient Tea Set","ReplayTheSpireMod:Lightbulb","reliquary:PurpleTingedLeaf","Simple Rune","HandDrill","Pondfish Scales","Garlic","War Paint","Ring of Hypnosis","ReplayTheSpireMod:Ring of Challenge","OneHitWonderSystem","Frozen Eye","reliquary:Knoch","Ninja Scroll","FossilizedHelix","reliquary:BrokenClock","StoneCalendar","OriginationStaff","BirthdayGift-Tetrahedron","REME_HourglassOfDeath","Frozen Egg 2","Replay:Multitool","REME_CardOfGreed","REME_PoisonedDagger","Paper Crane","Coffee Dripper","reliquary:Boomerang","Prayer Wheel","HornCleat","Dodecahedron","SynthV:MejaisSoulstealer","Durian","reliquary:PrincelyHelmet","Letter Opener","BranchBurnRelic","reliquary:ExpiredCoupon","Red Mask","Pear"],"acts_visited":["Exordium","TheCity","TheBeyond"],"potions_floor_usage":[],"damage_taken":[{"damage":0.0,"enemies":"Cultist","floor":1.0,"turns":3.0},{"damage":1.0,"enemies":"2 Louse","floor":3.0,"turns":4.0},{"damage":0.0,"enemies":"Small Slimes","floor":5.0,"turns":3.0},{"damage":12.0,"enemies":"3 Sentries","floor":7.0,"turns":6.0},{"damage":1.0,"enemies":"Blue Slaver","floor":14.0,"turns":3.0},{"damage":25.0,"enemies":"Slime Boss","floor":16.0,"turns":6.0},{"damage":0.0,"enemies":"2 Thieves","floor":18.0,"turns":2.0},{"damage":0.0,"enemies":"3 Byrds","floor":21.0,"turns":3.0},{"damage":0.0,"enemies":"3 Cultists","floor":22.0,"turns":3.0},{"damage":0.0,"enemies":"Book of Stabbing","floor":23.0,"turns":5.0},{"damage":0.0,"enemies":"Cultist and Chosen","floor":28.0,"turns":2.0},{"damage":0.0,"enemies":"Snake Plant","floor":30.0,"turns":2.0},{"damage":0.0,"enemies":"Shelled Parasite and Fungi","floor":31.0,"turns":2.0},{"damage":0.0,"enemies":"Champ","floor":33.0,"turns":4.0},{"damage":0.0,"enemies":"Orb Walker","floor":35.0,"turns":1.0},{"damage":0,"enemies":"2 Orb Walkers","floor":37,"turns":2},{"damage":0,"enemies":"3 Darklings","floor":38,"turns":2},{"damage":0,"enemies":"Writhing Mass","floor":39,"turns":2},{"damage":0,"enemies":"Nemesis","floor":40,"turns":2},{"damage":0,"enemies":"Sphere and 2 Shapes","floor":44,"turns":1},{"damage":0,"enemies":"Spire Growth","floor":47,"turns":2},{"damage":0,"enemies":"Replay:Hell Engine","floor":50,"turns":3}],"seed_played":"2204194445193669942","potions_obtained":[{"floor":3.0,"key":"Energy Potion"},{"floor":5.0,"key":"Elixir"}],"is_trial":false,"path_per_floor":["M","$","M","?","M","R","E","R","T","?","$","?","?","M","R","B",null,"M","$","?","M","M","E","R","$","T","T","M","R","M","M","R","B",null,"M","$","?","M","M","E","?","R","T","M","?","R","M","$","R","B",null],"character_chosen":"THE_SILENT","items_purchased":["DiscerningMonocle","Matryoshka","Dream Catcher","Snack Pack","Chemical X","Fire Potion","Bandage Up","reliquary:Vitrine","Terror+1","reliquary:PurpleTingedLeaf","Simple Rune","HandDrill","Pondfish Scales","Garlic","MostiFishMod:VineMother","Frozen Eye","reliquary:Knoch","Ninja Scroll","FossilizedHelix","reliquary:BrokenClock","StoneCalendar","BirthdayGift-Tetrahedron","REME_HourglassOfDeath","Frozen Egg 2","Replay:Multitool","REME_CardOfGreed","MostiFishMod:ThornCasing+1","MostiFishMod:PreservedThorns","reliquary:Boomerang","Dead Branch","Prayer Wheel","HornCleat","Dodecahedron","Caltrops+1","SynthV:MejaisSoulstealer"],"campfire_rested":1,"item_purchase_floors":[2,2,2,2,2,2,2,2,2,11,11,11,11,11,11,19,19,19,19,19,19,25,25,25,25,25,25,25,36,36,36,36,36,36,36],"current_hp_per_floor":[70,70,69,52,58,70,60,60,60,60,60,42,42,42,42,28,1,1,1,1,1,1,1,1,1,1,1,1,1,1,1,6,1,1,1,1,6,1,1,1,1,1,1,1,1,1,1,1,11,1],"gold":-355,"neow_bonus":"TWO_FIFTY_GOLD","is_daily":false,"chose_seed":false,"campfire_upgraded":3,"win_rate":0.0,"timestamp":1614241564,"path_taken":["M","$","M","?","M","R","E","R","T","?","$","?","?","M","R","BOSS","M","$","?","M","?","E","R","$","T","?","M","R","M","M","R","BOSS","M","$","?","M","M","E","?","R","T","?","?","R","M","$","R","BOSS"],"items_purchased_type":["Relic","Relic","Relic","Relic","Relic","Potion","Card","Relic","Card","Relic","Relic","Relic","Relic","Relic","Card","Relic","Relic","Relic","Relic","Relic","Relic","Relic","Relic","Relic","Relic","Relic","Card","Card","Relic","Relic","Relic","Relic","Relic","Card","Relic"],"build_version":"2020-12-22","purchased_purges":6,"victory":true,"max_hp_per_floor":[70,70,70,70,70,70,70,70,70,70,70,70,70,70,70,70,1,1,1,1,1,1,1,1,1,1,1,1,1,1,1,6,1,1,1,1,6,1,1,1,1,1,1,1,1,1,1,1,11,1],"card_choices":[{"not_picked":["Flying Knee","Poisoned Stab"],"picked":"Outmaneuver","floor":1.0},{"not_picked":["Eviscerate","Blade Dance","Prepared","Dagger Throw"],"picked":"Replay:Poison Smokescreen","floor":3.0},{"not_picked":["Acrobatics","Endless Agony","Underhanded Strike","Flying Knee"],"picked":"Deadly Poison","floor":4.0},{"not_picked":["Sucker Punch","Poisoned Stab","All Out Attack","Flying Knee"],"picked":"Bane","floor":5.0},{"not_picked":["Heel Hook","Acrobatics","Dagger Throw","Sneak Up"],"picked":"Noxious Fumes","floor":6.0},{"not_picked":["Poisoned Stab","PiercingWail","ReplayTheSpireMod:Shiv Toss","Bane"],"picked":"Deadly Poison","floor":7.0},{"not_picked":["Backflip","Bane","PiercingWail","Poisoned Stab"],"picked":"Deadly Poison","floor":14.0},{"not_picked":["MostiFishMod:FullyArmed","MostiFishMod:LethalBlade","Venomology","Malaise"],"picked":"Poison Darts","floor":16.0},{"not_picked":["REME_ShadowStrike","Dodge and Roll","Calculated Gamble","Dagger Spray"],"picked":"ReplayTheSpireMod:Speed Training","floor":18.0},{"not_picked":["Quick Slash","Accuracy","Slice","Riddle With Holes+1","Backstab"],"picked":"SKIP","floor":21.0},{"not_picked":["Quick Slash","Accuracy","Slice","Riddle With Holes+1"],"picked":"Backstab","floor":21.0},{"not_picked":["PiercingWail","Deflect","Dagger Spray","MostiFishMod:PerfectParry"],"picked":"Backstab","floor":22.0},{"not_picked":["Outmaneuver","Dodge and Roll+1","MostiFishMod:Listen","Blade Dance","Hidden Blade+1"],"picked":"SKIP","floor":23.0},{"not_picked":["Eviscerate","Hidden Blade+1","Underhanded Strike","Masterful Stab+1","Reflex+1"],"picked":"SKIP","floor":28.0},{"not_picked":["PiercingWail","Deflect","Prepared","Blade Dance+1","Dagger Throw"],"picked":"SKIP","floor":30.0},{"not_picked":["Hidden Blade+1","MostiFishMod:Wind","Footwork+1","Fluid Movement+1"],"picked":"Noxious Fumes+1","floor":31.0},{"not_picked":["ReplayTheSpireMod:Necrosis","Atom Bomb","MostiFishMod:SpreadingSpore","MostiFishMod:ShivMaster+1"],"picked":"Adrenaline","floor":33.0},{"not_picked":["Cloak And Dagger+1","MostiFishMod:PerfectParry+1","Deadly Poison","Terror+1"],"picked":"Finisher","floor":35.0},{"not_picked":["Cloak And Dagger+1","Noxious Fumes+1","Hidden Blade+1","Flying Knee"],"picked":"MostiFishMod:ThornCasing+1","floor":38},{"not_picked":["Prepared","Underhanded Strike+1","MostiFishMod:InvigoratingSolution+1","ReplayTheSpireMod:Speed Training+1"],"picked":"Bouncing Flask","floor":38},{"not_picked":["Cloak And Dagger+1","Prepared","MostiFishMod:FrostNova","Bane+1"],"picked":"Poison Darts","floor":39},{"not_picked":["Outmaneuver+1","Dagger Throw","Deflect","Well Laid Plans+1","Tactician"],"picked":"SKIP","floor":39},{"not_picked":["Expertise","ReplayTheSpireMod:Exploit Weakness","Calculated Gamble+1","Bouncing Flask+1"],"picked":"Deadly Poison+1","floor":40},{"not_picked":["Outmaneuver+1","Cloak And Dagger","Acrobatics+1","Bane","Underhanded Strike+1"],"picked":"SKIP","floor":44},{"not_picked":["Prepared+1","Sucker Punch","ReplayTheSpireMod:Shiv Toss+1","Quick Slash+1","Deflect"],"picked":"SKIP","floor":44},{"not_picked":["Blade Dance+1","Calculated Gamble+1","Deflect+1","Dodge and Roll+1"],"picked":"Phantasmal Killer","floor":47},{"not_picked":["Dodge and Roll","Deadly Poison+1","Flying Knee","Slice+1","Poisoned Stab+1"],"picked":"SKIP","floor":47}],"player_experience":115600,"relics_obtained":[{"floor":1.0,"key":"SynthV:TestCard"},{"floor":4.0,"key":"Thread and Needle"},{"floor":4.0,"key":"Bronze Scales"},{"floor":7.0,"key":"reliquary:RadioactivePellet"},{"floor":9.0,"key":"Ancient Tea Set"},{"floor":9.0,"key":"ReplayTheSpireMod:Lightbulb"},{"floor":13.0,"key":"Ring of Hypnosis"},{"floor":13.0,"key":"ReplayTheSpireMod:Ring of Challenge"},{"floor":23.0,"key":"OriginationStaff"},{"floor":26.0,"key":"REME_PoisonedDagger"},{"floor":29.0,"key":"Paper Crane"},{"floor":37,"key":"Durian"},{"floor":38,"key":"reliquary:PrincelyHelmet"},{"floor":40,"key":"Letter Opener"},{"floor":43,"key":"reliquary:ExpiredCoupon"},{"floor":49,"key":"Pear"}],"event_choices":[{"cards_removed":["Strike_R"],"damage_healed":0.0,"max_hp_gain":0.0,"max_hp_loss":0.0,"gold_gain":0.0,"event_name":"The Cleric","player_choice":"Card Removal","floor":10.0,"gold_loss":50.0,"damage_taken":0.0},{"damage_healed":0.0,"max_hp_gain":0.0,"max_hp_loss":0.0,"gold_gain":0.0,"event_name":"Scrap Ooze","player_choice":"Success","floor":12.0,"gold_loss":0.0,"damage_taken":18.0,"relics_obtained":["War Paint"]},{"damage_healed":0.0,"max_hp_gain":0.0,"max_hp_loss":0.0,"gold_gain":0.0,"event_name":"Accursed Blacksmith","player_choice":"Forge","floor":20.0,"gold_loss":0.0,"damage_taken":0.0,"cards_upgraded":["ReplayTheSpireMod:Speed Training"]},{"damage_healed":0.0,"max_hp_gain":5.0,"max_hp_loss":0.0,"gold_gain":0.0,"event_name":"Forgotten Altar","player_choice":"Shed Blood","floor":32.0,"gold_loss":0.0,"damage_taken":0.0},{"damage_healed":0,"gold_gain":0,"player_choice":"Fight","damage_taken":0,"max_hp_gain":0,"max_hp_loss":0,"event_name":"Mysterious Sphere","floor":37,"gold_loss":0},{"damage_healed":0,"gold_gain":0,"player_choice":"Upgraded","damage_taken":0,"max_hp_gain":0,"max_hp_loss":0,"event_name":"Upgrade Shrine","floor":41,"gold_loss":0,"cards_upgraded":["Adrenaline"]},{"cards_removed":["Strike_G"],"damage_healed":0,"gold_gain":0,"player_choice":"Removed Attack","damage_taken":0,"max_hp_gain":0,"max_hp_loss":0,"event_name":"Falling","floor":45,"gold_loss":0},{"damage_healed":0,"gold_gain":0,"player_choice":"Paid","damage_taken":0,"relics_obtained":["Red Mask"],"max_hp_gain":0,"max_hp_loss":0,"event_name":"Tomb of Lord Red Mask","floor":46,"gold_loss":-367}],"is_beta":false,"boss_relics":[{"not_picked":["Ectoplasm","Calling Bell"],"picked":"OneHitWonderSystem"},{"not_picked":["Runic Pyramid","Black Star"],"picked":"Coffee Dripper"}],"items_purged_floors":[2,11,19,25,25,36],"is_endless":false,"potions_floor_spawned":[3,5,7,23,31,33,38,39,40],"ascension_level":1}}