{"host":"xumidyqji6pg2yy3","time":1614236692,"event":{"mods":["ATMod(°¢èªMod)","BaseMod","Colored Map","Minty Spire (QoL Compilation)","MostiFishMod","Quick Restart","StSLib","The Alterego"],"gold_per_floor":[110,9,25,25,25,25,54,65,65,76,76,76,111,126,126,230,230,242,242,258,258,258,290,290,316,316,71,81,81,93,93,93,194,194,213,313,213,225,236,263,107,137,137,147,173,173,173,202,202,202,202,202,77,103,103],"floor_reached":56,"language":"ZHS","playtime":2520,"items_purged":["alterego_mod:Impale","alterego_mod:Strike","alterego_mod:Strike+1"],"score":1884,"play_id":"f3a88a5d-e2af-4a02-8c65-ae997ddf9d13","local_time":"20210225150452","is_ascension_mode":true,"campfire_choices":[{"data":"alterego_mod:BigMeatyClaws","floor":6.0,"key":"SMITH"},{"data":"alterego_mod:Birthday","floor":11.0,"key":"SMITH"},{"data":"alterego_mod:Bunnysuit","floor":15.0,"key":"SMITH"},{"data":"alterego_mod:DiscoLights","floor":24.0,"key":"SMITH"},{"data":"alterego_mod:DiscoLights","floor":32.0,"key":"SMITH"},{"data":"alterego_mod:Bunnysuit","floor":47.0,"key":"SMITH"},{"floor":49.0,"key":"RECALL"},{"data":"alterego_mod:Punishment","floor":52.0,"key":"SMITH"}],"circlet_count":0,"master_deck":["alterego_mod:Defend","alterego_mod:Defend+1","alterego_mod:Defend+1","alterego_mod:Defend","alterego_mod:BigMeatyClaws+1","alterego_mod:DiscoLights+1","alterego_mod:DiscoLights+1","alterego_mod:Punishment","alterego_mod:Birthday+1","alterego_mod:Bunnysuit+1","alterego_mod:Punishment+1","alterego_mod:BreastValley","alterego_mod:Valentines+1","alterego_mod:Birthday+1","alterego_mod:Bunnysuit+1","alterego_mod:TrashNCrash","alterego_mod:Birthday+1","alterego_mod:BiFurious+1","alterego_mod:Bloomers+1"],"relics":["alterego_mod:MasochisticConstitution","AT_ATBox","DaveBox","PatriotShield","NeowsBlessing","SynthV:TestCard","TungstenRod","White Beast Statue","Lantern","MostiFishMod:Haymaker","OneHitWonderSystem","Prayer Wheel","alterego_mod:SomeoneToFightFor","PreservedInsect","AT_BellowingDragoncrestRing","AT_GuinsooRageblade","AT_DeathDance","Empty Cage","Akabeko","AT_BellDemon","Whetstone","War Paint","Du-Vu Doll","SentryEyes","Pen Nib","Pear","Bottled Lightning","AT_GoldPhoenixTree","AT_ForceNature","Kunai","AT_SpeedBoots"],"acts_visited":["Exordium","TheCity","TheBeyond","TheEnding"],"potions_floor_usage":[55],"damage_taken":[{"damage":1.0,"enemies":"Jaw Worm","floor":1.0,"turns":2.0},{"damage":0.0,"enemies":"2 Louse","floor":3.0,"turns":1.0},{"damage":4.0,"enemies":"Gremlin Nob","floor":7.0,"turns":3.0},{"damage":0.0,"enemies":"Small Slimes","floor":8.0,"turns":1.0},{"damage":3.0,"enemies":"3 Louse","floor":10.0,"turns":3.0},{"damage":1.0,"enemies":"Lagavulin","floor":13.0,"turns":6.0},{"damage":3.0,"enemies":"Looter","floor":14.0,"turns":3.0},{"damage":8.0,"enemies":"The Guardian","floor":16.0,"turns":10.0},{"damage":0.0,"enemies":"Chosen","floor":18.0,"turns":2.0},{"damage":0.0,"enemies":"3 Byrds","floor":20.0,"turns":3.0},{"damage":0.0,"enemies":"Gremlin Leader","floor":23.0,"turns":4.0},{"damage":0.0,"enemies":"Book of Stabbing","floor":25.0,"turns":3.0},{"damage":0.0,"enemies":"Sentry and Sphere","floor":28.0,"turns":1.0},{"damage":0.0,"enemies":"Centurion and Healer","floor":30.0,"turns":2.0},{"damage":0.0,"enemies":"Champ","floor":33.0,"turns":3.0},{"damage":0.0,"enemies":"3 Shapes","floor":35.0,"turns":1.0},{"damage":0.0,"enemies":"Orb Walker","floor":38.0,"turns":1.0},{"damage":0.0,"enemies":"Transient","floor":39.0,"turns":4.0},{"damage":0.0,"enemies":"Nemesis","floor":40.0,"turns":3.0},{"damage":0.0,"enemies":"Reptomancer","floor":42.0,"turns":2.0},{"damage":0.0,"enemies":"Writhing Mass","floor":44.0,"turns":2.0},{"damage":0.0,"enemies":"Giant Head","floor":45.0,"turns":2.0},{"damage":0.0,"enemies":"Sphere and 2 Shapes","floor":46.0,"turns":1.0},{"damage":0.0,"enemies":"Reptomancer","floor":48.0,"turns":1.0},{"damage":0.0,"enemies":"Donu and Deca","floor":50.0,"turns":2.0},{"damage":0.0,"enemies":"Shield and Spear","floor":54.0,"turns":2.0},{"damage":0,"enemies":"The Heart","floor":55,"turns":4}],"seed_played":"-7691811604144599738","potions_obtained":[{"floor":1.0,"key":"Weak Potion"},{"floor":3.0,"key":"EssenceOfSteel"},{"floor":8.0,"key":"FairyPotion"},{"floor":10.0,"key":"SkillPotion"},{"floor":23.0,"key":"SkillPotion"},{"floor":25.0,"key":"PowerPotion"},{"floor":40.0,"key":"DuplicationPotion"}],"is_trial":false,"path_per_floor":["M","$","M","?","?","R","E","M","T","M","R","?","E","M","R","B",null,"M","?","M","?","?","E","R","E","T","$","M","T","M","?","R","B",null,"M","?","$","M","M","E","$","E","T","M","E","M","R","E","R","B",null,"R","$","E","B",null],"character_chosen":"The_Alterego","items_purchased":["alterego_mod:DiscoLights","AT_GuinsooRageblade","AT_BellDemon"],"campfire_rested":0,"item_purchase_floors":[2,27,41],"current_hp_per_floor":[70,70,70,63,63,63,67,67,67,72,72,52,55,63,63,59,1,1,1,1,1,1,1,1,1,1,1,1,1,1,1,1,1,1,1,1,1,1,1,1,1,1,1,1,11,1,1,1,1,1,1,1,1,1,1],"gold":103,"neow_bonus":"THREE_ENEMY_KILL","is_daily":false,"chose_seed":false,"campfire_upgraded":7,"win_rate":0.0,"timestamp":1614236692,"path_taken":["M","$","M","?","?","R","E","M","T","M","R","?","E","M","R","BOSS","M","?","M","?","?","E","R","E","T","$","M","?","M","?","R","BOSS","M","?","$","M","M","E","$","E","T","M","E","?","R","E","R","BOSS","R","$","E","BOSS"],"items_purchased_type":["Card","Relic","Relic"],"build_version":"2020-12-22","purchased_purges":3,"victory":true,"max_hp_per_floor":[71,71,71,71,71,71,72,72,72,73,73,73,74,75,75,76,1,1,1,1,1,1,1,1,1,1,1,1,1,1,1,1,1,1,1,1,1,1,1,1,1,1,1,1,11,1,1,1,1,1,1,1,1,1,1],"card_choices":[{"not_picked":["alterego_mod:Crossover","alterego_mod:Cooking","alterego_mod:Jiggle"],"picked":"SKIP","floor":1.0},{"not_picked":["alterego_mod:PerceptionDisorder","alterego_mod:TrashNCrash","alterego_mod:Nekomimi","alterego_mod:Palingenesis"],"picked":"alterego_mod:DiscoLights","floor":3.0},{"not_picked":["alterego_mod:RocketPunch","alterego_mod:Cycle","alterego_mod:InsideBaseball","alterego_mod:Pet","alterego_mod:MagicResistance"],"picked":"SKIP","floor":7.0},{"not_picked":["alterego_mod:Belts","alterego_mod:Collar","alterego_mod:DeftHands","alterego_mod:Clap"],"picked":"alterego_mod:Punishment","floor":8.0},{"not_picked":["alterego_mod:Undulate","alterego_mod:PerceptionDisorder","alterego_mod:Crossover","alterego_mod:DiscoLights"],"picked":"alterego_mod:Birthday","floor":10.0},{"not_picked":["alterego_mod:Valentines","alterego_mod:Cooking","alterego_mod:1TonWallop","alterego_mod:Table"],"picked":"alterego_mod:Bunnysuit","floor":13.0},{"not_picked":["alterego_mod:Smother","alterego_mod:GIGAMILK","alterego_mod:Schoolgirl","alterego_mod:1TonWallop"],"picked":"alterego_mod:Punishment","floor":14.0},{"not_picked":["alterego_mod:Undulate","alterego_mod:MagicResistance","alterego_mod:SakuraFive","alterego_mod:TrashNCrash","alterego_mod:Bounce"],"picked":"SKIP","floor":18.0},{"not_picked":["alterego_mod:Collar+1","alterego_mod:1TonWallop","alterego_mod:Cooking","alterego_mod:Bounce","alterego_mod:Skirt"],"picked":"SKIP","floor":20.0},{"not_picked":["alterego_mod:Cushion","alterego_mod:Complex+1","alterego_mod:1TonWallop+1","alterego_mod:Mirror","alterego_mod:ChallengeComplete"],"picked":"SKIP","floor":23.0},{"not_picked":["alterego_mod:VirginLaserPalladion","alterego_mod:Crossover","alterego_mod:Weigh","alterego_mod:Birthday"],"picked":"alterego_mod:BreastValley","floor":25.0},{"not_picked":["alterego_mod:1TonWallop","alterego_mod:Rip","alterego_mod:BusterCard","alterego_mod:Jiggle","alterego_mod:BiFurious+1"],"picked":"SKIP","floor":28.0},{"not_picked":["alterego_mod:Cushion","alterego_mod:MagicResistance","alterego_mod:IndependentAction","alterego_mod:Maid","alterego_mod:HighServant"],"picked":"SKIP","floor":28.0},{"not_picked":["alterego_mod:1TonWallop","alterego_mod:Rip","alterego_mod:BusterCard","alterego_mod:Jiggle","alterego_mod:BiFurious+1"],"picked":"SKIP","floor":28.0},{"not_picked":["alterego_mod:Cushion","alterego_mod:MagicResistance","alterego_mod:IndependentAction","alterego_mod:Maid","alterego_mod:HighServant"],"picked":"SKIP","floor":28.0},{"not_picked":["alterego_mod:Tantrum","alterego_mod:GoddessCore","alterego_mod:Cooking","alterego_mod:GachaTicket+1"],"picked":"alterego_mod:Valentines+1","floor":30.0},{"not_picked":["alterego_mod:IndependentAction+1","alterego_mod:Pet+1","alterego_mod:SakuraFive","alterego_mod:HighServant","alterego_mod:Cooking"],"picked":"SKIP","floor":30.0},{"not_picked":["alterego_mod:Jiggle","alterego_mod:BusterCard+1","alterego_mod:DiscoLights","alterego_mod:RidiculouslyBig","alterego_mod:MagicResistance"],"picked":"SKIP","floor":35.0},{"not_picked":["alterego_mod:Rip+1","alterego_mod:MagicResistance+1","alterego_mod:Undulate+1","alterego_mod:Complex+1","alterego_mod:HighServant+1"],"picked":"SKIP","floor":35.0},{"not_picked":["alterego_mod:MaintainEyeContact+1","alterego_mod:DestructionOfProperty","alterego_mod:Clones","alterego_mod:BustOut"],"picked":"alterego_mod:Birthday+1","floor":38.0},{"not_picked":["alterego_mod:Undulate+1","alterego_mod:DiscoLights","alterego_mod:Cycle","alterego_mod:GoddessCore","alterego_mod:Pet+1"],"picked":"SKIP","floor":38.0},{"not_picked":["alterego_mod:SakuraLabyrinth+1","alterego_mod:Birthday","alterego_mod:Weigh","alterego_mod:Undulate"],"picked":"alterego_mod:Bunnysuit","floor":39.0},{"not_picked":["alterego_mod:Cycle","alterego_mod:Bounce+1","alterego_mod:PresenceConcealment+1","alterego_mod:Rip","alterego_mod:Undulate"],"picked":"SKIP","floor":39.0},{"not_picked":["alterego_mod:Cycle","alterego_mod:Bounce+1","alterego_mod:PresenceConcealment+1","alterego_mod:Rip","alterego_mod:Undulate"],"picked":"SKIP","floor":39.0},{"not_picked":["alterego_mod:Cooking","alterego_mod:Valentines","alterego_mod:Stockings+1","alterego_mod:BusterCard"],"picked":"alterego_mod:TrashNCrash","floor":40.0},{"not_picked":["alterego_mod:DiscoLights","alterego_mod:PainIsPleasure","alterego_mod:Swimsuit+1","alterego_mod:MaintainEyeContact","alterego_mod:ChallengeComplete+1"],"picked":"SKIP","floor":42.0},{"not_picked":["alterego_mod:DiscoLights+1","alterego_mod:Rip+1","alterego_mod:Jiggle+1","alterego_mod:Complex+1"],"picked":"alterego_mod:Birthday+1","floor":44.0},{"not_picked":["alterego_mod:Schoolgirl","alterego_mod:DustData+1","alterego_mod:Table+1","alterego_mod:Skirt"],"picked":"alterego_mod:BiFurious+1","floor":44.0},{"not_picked":["alterego_mod:Complex+1","alterego_mod:Jiggle+1","alterego_mod:Collar","alterego_mod:BiFurious","alterego_mod:Cycle+1"],"picked":"SKIP","floor":45.0},{"not_picked":["alterego_mod:Valkyrie","alterego_mod:PresenceConcealment+1","alterego_mod:TrashNCrash+1","alterego_mod:Punishment"],"picked":"alterego_mod:Bloomers+1","floor":46.0},{"not_picked":["alterego_mod:DiscoLights+1","alterego_mod:Schoolgirl+1","alterego_mod:Complex","alterego_mod:Cooking","alterego_mod:Punishment+1"],"picked":"SKIP","floor":46.0},{"not_picked":["alterego_mod:Smother+1","alterego_mod:Tantrum","alterego_mod:Skirt+1","alterego_mod:IndependentAction+1","alterego_mod:ChallengeComplete"],"picked":"SKIP","floor":48.0},{"not_picked":["alterego_mod:Pet+1","alterego_mod:Cycle+1","alterego_mod:Valkyrie","alterego_mod:GoddessCore+1","alterego_mod:DeftHands"],"picked":"SKIP","floor":54.0}],"player_experience":98861,"relics_obtained":[{"floor":1.0,"key":"SynthV:TestCard"},{"floor":7.0,"key":"TungstenRod"},{"floor":9.0,"key":"White Beast Statue"},{"floor":13.0,"key":"MostiFishMod:Haymaker"},{"floor":23.0,"key":"PreservedInsect"},{"floor":25.0,"key":"AT_BellowingDragoncrestRing"},{"floor":29.0,"key":"AT_DeathDance"},{"floor":40.0,"key":"Akabeko"},{"floor":42.0,"key":"Whetstone"},{"floor":42.0,"key":"War Paint"},{"floor":43.0,"key":"Du-Vu Doll"},{"floor":44.0,"key":"SentryEyes"},{"floor":45.0,"key":"Pen Nib"},{"floor":45.0,"key":"Pear"},{"floor":46.0,"key":"Bottled Lightning"},{"floor":48.0,"key":"AT_GoldPhoenixTree"},{"floor":48.0,"key":"AT_ForceNature"},{"floor":54.0,"key":"Kunai"},{"floor":54.0,"key":"AT_SpeedBoots"}],"event_choices":[{"cards_removed":["AT_BodySlamDance"],"damage_healed":0.0,"max_hp_gain":0.0,"max_hp_loss":0.0,"gold_gain":0.0,"event_name":"Golden Wing","player_choice":"Card Removal","floor":4.0,"gold_loss":0.0,"damage_taken":7.0},{"damage_healed":0.0,"max_hp_gain":0.0,"max_hp_loss":0.0,"gold_gain":0.0,"event_name":"Liars Game","player_choice":"Ignored","floor":5.0,"gold_loss":0.0,"damage_taken":0.0},{"damage_healed":0.0,"max_hp_gain":0.0,"max_hp_loss":0.0,"gold_gain":0.0,"event_name":"Scrap Ooze","player_choice":"Success","floor":12.0,"gold_loss":0.0,"damage_taken":25.0,"relics_obtained":["Lantern"]},{"damage_healed":0.0,"max_hp_gain":0.0,"max_hp_loss":0.0,"gold_gain":0.0,"event_name":"Vampires","player_choice":"Ignored","floor":19.0,"gold_loss":0.0,"damage_taken":0.0},{"damage_healed":0.0,"max_hp_gain":0.0,"max_hp_loss":0.0,"gold_gain":0.0,"event_name":"The Mausoleum","player_choice":"Opened","floor":21.0,"gold_loss":0.0,"damage_taken":0.0,"relics_obtained":["Prayer Wheel"]},{"damage_healed":0.0,"max_hp_gain":0.0,"max_hp_loss":0.0,"gold_gain":0.0,"event_name":"°®µÄÉñÊ¥»¨Ô°","player_choice":"Choice 2","floor":22.0,"gold_loss":0.0,"damage_taken":0.0,"relics_obtained":["alterego_mod:SomeoneToFightFor"]},{"cards_removed":["alterego_mod:BrynhildrsRune"],"damage_healed":0.0,"max_hp_gain":0.0,"max_hp_loss":0.0,"gold_gain":0.0,"event_name":"Bonfire Elementals","player_choice":"Offered Basic","floor":31.0,"gold_loss":0.0,"damage_taken":0.0},{"damage_healed":0.0,"max_hp_gain":0.0,"max_hp_loss":0.0,"gold_gain":100.0,"event_name":"Golden Shrine","player_choice":"Pray","floor":36.0,"gold_loss":0.0,"damage_taken":0.0}],"is_beta":false,"boss_relics":[{"not_picked":["Runic Pyramid","Busted Crown"],"picked":"OneHitWonderSystem"},{"not_picked":["ExusiaiGun","Black Star"],"picked":"Empty Cage"}],"items_purged_floors":[2,37,53],"is_endless":false,"potions_floor_spawned":[1,3,8,10,13,14,16,18,20,23,25,28,30,33,35,38,39,40,42,44,45,46,48,54],"ascension_level":1}}