{"host":"9slw7l0ws16384qq","time":1614283830,"event":{"mods":["A Penny For Your Troubles","BaseMod","Colored Map","Downfall","Evolution","Hubris","Minty Spire (QoL Compilation)","Replay The Spire","StS++","StSLib"],"gold_per_floor":[99,115,25,25,40,140,187,187,213,227,238,34,34,50,60,156,156,156,174,190,190,190,217,240,340,340,340,351,351,351,368,178,197,210,305,305,305,321,338,213,226,246,246,261,287,301,301,201,217,251,151,152],"floor_reached":53,"language":"FRA","playtime":2606,"items_purged":["bronze:Defend","bronze:Defend","bronze:Defend"],"score":1336,"play_id":"d26baa23-e6e8-44ee-8140-cbf792cc65f5","local_time":"20210225211030","is_ascension_mode":true,"campfire_choices":[{"data":"bronze:OilSpill","floor":1.0,"key":"SMITH"},{"data":"Barricade","floor":8,"key":"SMITH"},{"data":"Flame Barrier","floor":13,"key":"SMITH"},{"data":"Entrench","floor":18,"key":"SMITH"},{"data":"bronze:DecaBeam","floor":27,"key":"SMITH"},{"data":"bronze:Shield","floor":37,"key":"SMITH"},{"floor":48,"key":"REST"},{"data":"bronze:OilSpill","floor":51,"key":"SMITH"}],"circlet_count":0,"master_deck":["bronze:OilSpill+1","bronze:OilSpill+1","bronze:OilSpill+1","bronze:OilSpill+1","bronze:Replicate","bronze:Shield+1","m_Bronzebash+1","Barricade+1","bronze:Shield","Flame Barrier+1","Entrench+1","bronze:DecaBeam+1","bronze:Shield","bronze:Repulsor","bronze:Shield+1","Flame Barrier+1"],"relics":["EVO:Axolotl","m_BronzeBlood","Toy Ornithopter","PreservedInsect","Bag of Marbles","Whetstone","hubris:VirtuousBlindfold","hubris:TenFootPole","Replay:Rubber Ducky","MutagenicStrength","Durian","hubris:RunicObelisk","Gremlin Food","downfall:HeartBlessingBlue","hubris:SlimyHat","downfall:HeartBlessingGreen"],"acts_visited":["Exordium","TheCity","TheBeyond"],"potions_floor_usage":[16,52,52,52],"damage_taken":[{"damage":0.0,"enemies":"2 Louse","floor":2.0,"turns":1.0},{"damage":0.0,"enemies":"downfall:FleeingMerchant","floor":3.0,"turns":4.0},{"damage":2,"enemies":"Jaw Worm","floor":5,"turns":2},{"damage":24,"enemies":"downfall:LadyInBlue","floor":6,"turns":10},{"damage":11,"enemies":"Replay:BlueRogue","floor":9,"turns":3},{"damage":0,"enemies":"Cultist","floor":10,"turns":3},{"damage":10,"enemies":"Large Slime","floor":11,"turns":5},{"damage":10,"enemies":"downfall:FleeingMerchant","floor":12,"turns":4},{"damage":18,"enemies":"Exordium Thugs","floor":14,"turns":4},{"damage":1,"enemies":"Gremlin Gang","floor":15,"turns":6},{"damage":23,"enemies":"IC_STATUS_ARCHETYPE","floor":16,"turns":7},{"damage":12,"enemies":"downfall:LooterAlt2","floor":19,"turns":5},{"damage":0,"enemies":"3 Byrds","floor":20,"turns":3},{"damage":5,"enemies":"Gremlin Leader","floor":23,"turns":2},{"damage":0,"enemies":"Gremlin Leader","floor":25,"turns":6},{"damage":1,"enemies":"Centurion and Healer","floor":28,"turns":5},{"damage":8,"enemies":"Snake Plant","floor":31,"turns":6},{"damage":0,"enemies":"downfall:FleeingMerchant","floor":32,"turns":4},{"damage":5,"enemies":"Sentry and Sphere","floor":33,"turns":6},{"damage":0,"enemies":"Snecko","floor":34,"turns":3},{"damage":0,"enemies":"WA_ARCHETYPE_CALM","floor":35,"turns":11},{"damage":0,"enemies":"Orb Walker","floor":38,"turns":2},{"damage":13,"enemies":"3 Darklings","floor":39,"turns":8},{"damage":38,"enemies":"Transient","floor":41,"turns":5},{"damage":0,"enemies":"Writhing Mass","floor":42,"turns":8},{"damage":0,"enemies":"Jaw Worm Horde","floor":44,"turns":6},{"damage":15,"enemies":"Reptomancer","floor":45,"turns":9},{"damage":0,"enemies":"Maw","floor":46,"turns":8},{"damage":0,"enemies":"3 Darklings","floor":49,"turns":8},{"damage":0,"enemies":"R_Hoarder","floor":50,"turns":11},{"damage":0,"enemies":"SI_POISON_ARCHETYPE","floor":52,"turns":8}],"seed_played":"4084165947251405451","potions_obtained":[{"floor":2.0,"key":"Regen Potion"},{"floor":6,"key":"Ancient Potion"},{"floor":6,"key":"Ancient Potion"},{"floor":9,"key":"SteroidPotion"},{"floor":16,"key":"BlessingOfTheForge"},{"floor":25,"key":"Strength Potion"}],"is_trial":false,"path_per_floor":["R","M","$","?","M","?","T","R","E","M","M","$","R","M","M","B",null,"R","M","M","?","$","E","T","?","?","R","M","PTL","PTL","M","$","M","M","B",null,"R","M","M","$","M","M","T","M","E","M","?","R","M","E","R","B",null],"character_chosen":"THE_AUTOMATON","items_purchased":["Flame Barrier","Whetstone","Durian","bronze:Shield","bronze:Repulsor"],"campfire_rested":1,"item_purchase_floors":[12,12,32,32,32],"current_hp_per_floor":[70,70,70,70,74,56,56,56,51,57,53,49,49,37,42,45,69,69,63,69,69,69,70,70,76,76,76,77,77,77,75,82,82,82,82,82,82,82,75,75,43,49,49,55,46,52,52,89,92,92,92,92],"gold":152,"neow_bonus":"TEN_PERCENT_HP_BONUS","is_daily":false,"chose_seed":false,"campfire_upgraded":7,"win_rate":0.0,"timestamp":1614283830,"path_taken":["R","M","$","?","M","?","T","R","E","?","M","$","R","M","M","BOSS","R","M","M","?","?","E","T","?","?","R","M","PTL","PTL","M","$","M","M","BOSS","R","M","M","$","M","M","T","M","E","M","?","R","?","E","R","BOSS"],"items_purchased_type":["Card","Relic","Relic","Card","Card"],"build_version":"2020-12-22","purchased_purges":3,"victory":true,"max_hp_per_floor":[77,77,77,77,77,77,77,77,77,77,77,77,77,77,77,77,77,77,77,77,77,77,77,77,77,77,77,77,77,77,77,82,82,82,82,82,82,82,82,82,82,82,82,82,82,82,82,92,92,92,92,92],"card_choices":[{"not_picked":["bronze:Optimize","bronze:Frontload","bronze:CutThrough"],"picked":"SKIP","floor":2.0},{"not_picked":["bronze:Safeguard","bronze:Turbo"],"picked":"bronze:Shield","floor":3.0},{"not_picked":["bronze:DelayedGuard","bronze:Overheat"],"picked":"Barricade","floor":5},{"not_picked":["bronze:InfiniteBeams","bronze:Terminator"],"picked":"bronze:Shield","floor":6},{"not_picked":["bronze:Repulsor","bronze:ForLoop","bronze:Separator"],"picked":"SKIP","floor":9},{"not_picked":["bronze:DelayedSlice","Wild Strike","bronze:WildBeam"],"picked":"SKIP","floor":10},{"not_picked":["bronze:Invalidate","bronze:Assembly","Wild Strike"],"picked":"SKIP","floor":11},{"not_picked":["Fire Breathing","bronze:Repulsor","bronze:Frontload"],"picked":"SKIP","floor":12},{"not_picked":["Entrench","bronze:CloningBeam","bronze:ForLoop"],"picked":"SKIP","floor":14},{"not_picked":["bronze:CloningBeam","bronze:ForLoop"],"picked":"Entrench","floor":14},{"not_picked":["bronze:BronzeOrb","bronze:WildBeam","Body Slam"],"picked":"SKIP","floor":15},{"not_picked":["bronze:Constructor","bronze:Invalidate","bronze:BugBarrage+1"],"picked":"SKIP","floor":19},{"not_picked":["bronze:FineTuning+1","bronze:Overload","bronze:Iterate"],"picked":"SKIP","floor":20},{"not_picked":["bronze:BronzeArmor","bronze:Overload+1","bronze:Turbo"],"picked":"SKIP","floor":23},{"not_picked":[],"picked":"bronze:DecaBeam","floor":25},{"not_picked":["bronze:WildBeam","bronze:Turbo+1","bronze:Separator"],"picked":"SKIP","floor":28},{"not_picked":["bronze:AlphaBuild","bronze:Allocate+1","bronze:Turbo+1"],"picked":"SKIP","floor":31},{"not_picked":["bronze:DelayedGuard","bronze:CutThrough","bronze:WhirlingStrike"],"picked":"SKIP","floor":32},{"not_picked":["bronze:DelayedGuard+1","bronze:Constructor","bronze:Turbo"],"picked":"SKIP","floor":33},{"not_picked":["bronze:BugBarrage+1","bronze:Turbo","bronze:Frontload+1"],"picked":"SKIP","floor":34},{"not_picked":["bronze:WildBeam","bronze:ChildClass","bronze:Turbo"],"picked":"SKIP","floor":38},{"not_picked":["bronze:Frontload+1","bronze:Turbo","bronze:BugBarrage"],"picked":"SKIP","floor":39},{"not_picked":["bronze:FollowUp+1","bronze:Safeguard"],"picked":"bronze:Shield+1","floor":41},{"not_picked":["bronze:DarkDash","bronze:FollowUp+1","bronze:DelayedGuard"],"picked":"SKIP","floor":42},{"not_picked":["bronze:DelayedGuard+1","bronze:Invalidate+1","bronze:SpaghettiCode"],"picked":"SKIP","floor":44},{"not_picked":["bronze:CutThrough+1","bronze:Hardcode","bronze:Boost+1"],"picked":"SKIP","floor":45},{"not_picked":["bronze:BitShift","bronze:Branch","bronze:Iterate"],"picked":"SKIP","floor":46},{"not_picked":["bronze:CutThrough","bronze:Separator","bronze:WildBeam"],"picked":"SKIP","floor":49},{"not_picked":["bronze:Invalidate","bronze:WildBeam+1","bronze:BuggyMess+1"],"picked":"SKIP","floor":50}],"player_experience":1732775,"relics_obtained":[{"floor":6,"key":"Toy Ornithopter"},{"floor":7,"key":"PreservedInsect"},{"floor":9,"key":"Bag of Marbles"},{"floor":23,"key":"hubris:TenFootPole"},{"floor":24,"key":"Replay:Rubber Ducky"},{"floor":45,"key":"Gremlin Food"},{"floor":50,"key":"hubris:SlimyHat"}],"event_choices":[{"damage_healed":0,"gold_gain":0,"player_choice":"Inject Mutagens","damage_taken":0,"relics_obtained":["MutagenicStrength"],"max_hp_gain":0,"max_hp_loss":0,"event_name":"Drug Dealer","floor":26,"gold_loss":0}],"is_beta":false,"boss_relics":[{"not_picked":["Snecko Eye","hubris:HollowSoul"],"picked":"hubris:VirtuousBlindfold"},{"not_picked":["hubris:Stopwatch","StSpp:Magatama"],"picked":"hubris:RunicObelisk"}],"items_purged_floors":[3,32,40],"is_endless":false,"potions_floor_spawned":[2,6,9,11,15,16,23,25,28,33,35,39,44,45],"ascension_level":9}}