{"host":"qp7xs8nuzfsyommi","time":1614278774,"event":{"mods":["2.2 Compatiblity","BaseMod","Colored Powertips","DeckTracker","Highlight Path","Minty Spire (QoL Compilation)","Permanent Neow","Quick Restart","StSLib","Weighted Paths"],"gold_per_floor":[116,166,1,12,27,58,76,109,191,191,191,191,191,201,201,279,279,291,15,35,48,48,48],"floor_reached":22,"language":"ENG","playtime":767,"items_purged":[],"score":491,"play_id":"cfad6505-3aa4-410f-99f7-20ec42da4049","local_time":"20210225134614","is_ascension_mode":true,"campfire_choices":[{"data":"Hologram","floor":10,"key":"SMITH"},{"data":"Fusion","floor":13,"key":"SMITH"},{"floor":15,"key":"RECALL"}],"circlet_count":0,"master_deck":["AscendersBane","Strike_B","Strike_B","Defend_B","Defend_B","Defend_B","Zap","Dualcast","Hyperbeam+1","Biased Cognition+1","Reprogram+1","Undo","FTL","Beam Cell","Hologram+1","Fusion+1","Core Surge","Go for the Eyes","Self Repair","Skim"],"relics":["Astrolabe","Bronze Scales","Regal Pillow","TungstenRod","Spirit Poop","Inserter","Membership Card","Blood Vial"],"acts_visited":["Exordium","TheCity"],"potions_floor_usage":[6,16],"damage_taken":[{"damage":8.0,"enemies":"Small Slimes","floor":1.0,"turns":2.0},{"damage":0,"enemies":"Cultist","floor":4,"turns":2},{"damage":0,"enemies":"2 Louse","floor":5,"turns":1},{"damage":0,"enemies":"3 Sentries","floor":6,"turns":2},{"damage":0,"enemies":"Large Slime","floor":7,"turns":2},{"damage":0,"enemies":"Lagavulin","floor":8,"turns":4},{"damage":13,"enemies":"Red Slaver","floor":14,"turns":2},{"damage":23,"enemies":"Slime Boss","floor":16,"turns":7},{"damage":20,"enemies":"Spheric Guardian","floor":18,"turns":5},{"damage":20,"enemies":"Shell Parasite","floor":20,"turns":4},{"damage":22,"enemies":"Sentry and Sphere","floor":21,"turns":4},{"damage":20,"enemies":"Shelled Parasite and Fungi","floor":22,"turns":1}],"seed_played":"6180944455855231675","potions_obtained":[{"floor":5,"key":"DistilledChaos"},{"floor":14,"key":"AttackPotion"}],"is_trial":false,"path_per_floor":["M","?","$","M","M","E","M","E","T","R","?","?","R","M","R","B",null,"M","$","M","M","M"],"character_chosen":"DEFECT","items_purchased":["Bronze Scales","Membership Card","Blood Vial","Self Repair"],"campfire_rested":0,"item_purchase_floors":[3,19,19,19],"current_hp_per_floor":[56,49,49,49,49,49,49,49,49,49,66,66,66,53,53,30,59,39,39,28,15,0,0],"gold":48,"neow_bonus":"BOSS_RELIC","is_daily":false,"chose_seed":false,"campfire_upgraded":2,"win_rate":0.0,"timestamp":1614278774,"path_taken":["M","?","?","M","M","E","M","E","T","R","?","?","R","M","R","BOSS","M","$","M","M","M"],"items_purchased_type":["Relic","Relic","Relic","Card"],"build_version":"2020-12-22","purchased_purges":0,"victory":false,"max_hp_per_floor":[71,71,71,71,71,71,71,71,71,71,71,68,68,68,68,68,68,68,68,68,68,68,68],"card_choices":[{"not_picked":["Conserve Battery","Darkness"],"picked":"Undo","floor":1.0},{"not_picked":["Ball Lightning","Redo"],"picked":"FTL","floor":4},{"not_picked":["Rebound","Lockon"],"picked":"Beam Cell","floor":5},{"not_picked":["White Noise","Leap"],"picked":"Hologram","floor":6},{"not_picked":["Double Energy","Turbo"],"picked":"Fusion","floor":7},{"not_picked":["Rebound","Fusion","Consume"],"picked":"SKIP","floor":8},{"not_picked":["Amplify","Coolheaded","Chaos"],"picked":"SKIP","floor":14},{"not_picked":["Reboot","Machine Learning"],"picked":"Core Surge","floor":16},{"not_picked":["Static Discharge","Aggregate"],"picked":"Go for the Eyes","floor":18},{"not_picked":["Go for the Eyes","Recycle"],"picked":"Skim","floor":20},{"not_picked":["Heatsinks","Coolheaded","Redo"],"picked":"SKIP","floor":21}],"player_experience":1529423,"relics_obtained":[{"floor":6,"key":"Regal Pillow"},{"floor":8,"key":"TungstenRod"}],"event_choices":[{"damage_healed":0,"gold_gain":50,"player_choice":"Touch","damage_taken":7,"max_hp_gain":0,"max_hp_loss":0,"event_name":"FaceTrader","floor":2,"gold_loss":0},{"damage_healed":17,"gold_gain":0,"player_choice":"Healed and dodged fight","damage_taken":0,"max_hp_gain":0,"max_hp_loss":0,"event_name":"Mushrooms","floor":11,"gold_loss":0,"cards_obtained":["Parasite"]},{"cards_removed":["Parasite"],"damage_healed":0,"gold_gain":0,"player_choice":"Offered Curse","damage_taken":0,"relics_obtained":["Spirit Poop"],"max_hp_gain":0,"max_hp_loss":0,"event_name":"Bonfire Elementals","floor":12,"gold_loss":0}],"is_beta":false,"boss_relics":[{"not_picked":["Runic Dome","Fusion Hammer"],"picked":"Inserter"}],"items_purged_floors":[],"is_endless":false,"potions_floor_spawned":[5,14],"killed_by":"Shelled Parasite and Fungi","ascension_level":20}}