{"host":"8pvw2tcf9wctlvur","time":1614218719,"event":{"mods":["BaseMod","Better Third Choice","Colored Powertips","Curses Come First","Minty Spire (QoL Compilation)","Rare Cards Sparkle","Relic Stats","StSLib","SuperFastMode"],"gold_per_floor":[119,119,136,152,164,84,94,74,74,109,109,121,139,414,414,514,514,524,294,320,352,382,394,394],"floor_reached":23,"language":"ENG","playtime":3860,"items_purged":[],"score":215,"play_id":"ec89c73b-6ee7-4da9-a3e3-36e4c7b076e1","local_time":"20210224190519","is_ascension_mode":true,"campfire_choices":[{"floor":11,"key":"REST"},{"floor":15,"key":"REST"}],"circlet_count":0,"master_deck":["Strike_B","Strike_B","Strike_B","Strike_B","Defend_B","Defend_B","Defend_B","Defend_B","Zap","Dualcast","Reinforced Body","Regret","Tempest","Double Energy","Fusion","Conserve Battery","Storm","Hologram","Creative AI","Leap","Seek","Defragment+1","Loop","Barrage","Reinforced Body+1"],"relics":["Cracked Core","NeowsBlessing","Strawberry","Omamori","Mummified Hand","Velvet Choker","Chemical X","MawBank"],"acts_visited":["Exordium","TheCity"],"potions_floor_usage":[16,16,23,23],"damage_taken":[{"damage":0.0,"enemies":"Jaw Worm","floor":1.0,"turns":1.0},{"damage":0.0,"enemies":"Small Slimes","floor":3.0,"turns":1.0},{"damage":0.0,"enemies":"Cultist","floor":4.0,"turns":1.0},{"damage":3.0,"enemies":"Looter","floor":5.0,"turns":3.0},{"damage":0.0,"enemies":"Lots of Slimes","floor":7.0,"turns":1.0},{"damage":44.0,"enemies":"3 Sentries","floor":10.0,"turns":7.0},{"damage":25,"enemies":"3 Louse","floor":12,"turns":5},{"damage":20,"enemies":"Exordium Thugs","floor":13,"turns":5},{"damage":18,"enemies":"Slime Boss","floor":16,"turns":8},{"damage":7,"enemies":"Chosen","floor":18,"turns":3},{"damage":13,"enemies":"3 Byrds","floor":21,"turns":3},{"damage":23,"enemies":"Snake Plant","floor":22,"turns":2},{"damage":47,"enemies":"Gremlin Leader","floor":23,"turns":4}],"seed_played":"-4720525924434060113","potions_obtained":[{"floor":1.0,"key":"Explosive Potion"},{"floor":4.0,"key":"FocusPotion"},{"floor":5.0,"key":"Energy Potion"},{"floor":8.0,"key":"SkillPotion"},{"floor":10.0,"key":"PotionOfCapacity"},{"floor":13,"key":"Block Potion"},{"floor":21,"key":"Dexterity Potion"}],"is_trial":false,"path_per_floor":["M","?","M","M","M","$","M","?","T","E","R","M","M","?","R","B",null,"M","$","T","M","M","E"],"character_chosen":"DEFECT","items_purchased":["Conserve Battery","Storm","Chemical X","Loop"],"campfire_rested":2,"item_purchase_floors":[6,6,19,19],"current_hp_per_floor":[75,82,82,82,79,79,79,79,79,35,59,34,14,14,38,20,82,75,75,75,62,39,0,0],"gold":394,"neow_bonus":"THREE_ENEMY_KILL","is_daily":false,"chose_seed":false,"campfire_upgraded":0,"win_rate":0.0,"timestamp":1614218719,"path_taken":["M","?","M","M","M","$","M","?","T","E","R","M","?","?","R","BOSS","M","$","?","M","M","E"],"items_purchased_type":["Card","Card","Relic","Card"],"build_version":"2020-12-22","purchased_purges":0,"victory":false,"max_hp_per_floor":[75,82,82,82,82,82,82,82,82,82,82,82,82,82,82,82,82,82,82,82,82,82,82,82],"relic_stats":{"counters":[13,43],"Mummified Hand":[32],"Chemical X":[5],"MawBank":36,"obtain_stats":[{"NeowsBlessing":0,"Mummified Hand":10,"Strawberry":2,"Velvet Choker":17,"Omamori":9,"Chemical X":19,"Cracked Core":0,"MawBank":20},{"NeowsBlessing":0,"Mummified Hand":6,"Strawberry":1,"Velvet Choker":9,"Omamori":5,"Chemical X":10,"Cracked Core":0,"MawBank":10},{"NeowsBlessing":0,"Mummified Hand":14,"Strawberry":1,"Velvet Choker":31,"Omamori":7,"Chemical X":34,"Cracked Core":0,"MawBank":34}]},"card_choices":[{"not_picked":["Reprogram","Rebound"],"picked":"Reinforced Body","floor":1.0},{"not_picked":["Conserve Battery","Glacier"],"picked":"Tempest","floor":3.0},{"not_picked":["Rebound","Stack"],"picked":"Double Energy","floor":4.0},{"not_picked":["Genetic Algorithm","Thunder Strike"],"picked":"Fusion","floor":5.0},{"not_picked":["Stack","Rebound"],"picked":"Hologram","floor":7.0},{"not_picked":["Chaos","Capacitor"],"picked":"Creative AI","floor":10.0},{"not_picked":["Sweeping Beam","Reprogram"],"picked":"Leap","floor":12},{"not_picked":["Reprogram","Compile Driver","Blizzard"],"picked":"SKIP","floor":13},{"not_picked":["Reboot","Hyperbeam"],"picked":"Seek","floor":16},{"not_picked":["Fusion","Barrage"],"picked":"Defragment+1","floor":18},{"not_picked":["Steam Power","Coolheaded"],"picked":"Barrage","floor":21},{"not_picked":["Beam Cell+1","Leap+1"],"picked":"Reinforced Body+1","floor":22}],"player_experience":302434,"relics_obtained":[{"floor":9.0,"key":"Omamori"},{"floor":10.0,"key":"Mummified Hand"},{"floor":20,"key":"MawBank"}],"event_choices":[{"damage_healed":0.0,"max_hp_gain":0.0,"max_hp_loss":0.0,"gold_gain":0.0,"event_name":"Big Fish","player_choice":"Box","floor":2.0,"gold_loss":0.0,"damage_taken":0.0,"relics_obtained":["Strawberry"],"cards_obtained":["Regret"]},{"damage_healed":0.0,"max_hp_gain":0.0,"max_hp_loss":0.0,"gold_gain":0.0,"event_name":"The Woman in Blue","player_choice":"Bought 1 Potion","floor":8.0,"gold_loss":0.0,"damage_taken":0.0},{"damage_healed":0,"gold_gain":275,"player_choice":"Desecrate","damage_taken":0,"max_hp_gain":0,"max_hp_loss":0,"event_name":"Golden Shrine","floor":14,"gold_loss":0,"cards_obtained":["Regret"]}],"is_beta":false,"boss_relics":[{"not_picked":["Coffee Dripper","Tiny House"],"picked":"Velvet Choker"}],"items_purged_floors":[],"is_endless":false,"potions_floor_spawned":[1,4,5,10,13,21],"killed_by":"Gremlin Leader","ascension_level":2}}