{"host":"43wsnxh97mgjl5zw","time":1614239090,"event":{"mods":["Aspiration","BaseMod","Colored Map","Colored Powertips","Conspire","Downfall","Halation","Hubris","Minty Spire (QoL Compilation)","Quick Restart","Rare Cards Sparkle","Relic Sorter","Reliquary","Replay The Spire","StSLib"],"gold_per_floor":[116,126,126,214,214,214,241,241,311,54,70,98,98,98,98,98,98],"floor_reached":16,"language":"ENG","playtime":433,"items_purged":[],"score":262,"play_id":"e4ff6097-a5d5-470e-ba4b-2fb42aa29312","local_time":"20210225094450","is_ascension_mode":true,"campfire_choices":[{"data":"Neutralize","floor":6.0,"key":"SMITH"},{"data":"Pain","floor":8.0,"key":"PURGE"},{"data":"Strike_G","floor":13.0,"key":"PURGE"},{"floor":15.0,"key":"DIG"}],"circlet_count":0,"master_deck":["AscendersBane","Strike_G","Strike_G","Strike_G","Strike_G","Defend_G+1","Defend_G","Defend_G","Defend_G","Defend_G","Survivor","Neutralize+1","PiercingWail+1","Blade Dance+1","Blade Dance","Cloak And Dagger","Dagger Spray","Venomology"],"relics":["Ring of the Snake","NeowsBlessing","Blood Vial","WarpedTongs","Peace Pipe","reliquary:IridiumChain","Chemical X","Matryoshka","Meat on the Bone"],"acts_visited":["Exordium"],"potions_floor_usage":[16,16],"damage_taken":[{"damage":0.0,"enemies":"Cultist","floor":1.0,"turns":1.0},{"damage":0.0,"enemies":"Jaw Worm","floor":2.0,"turns":1.0},{"damage":2.0,"enemies":"Gremlin Nob","floor":7.0,"turns":1.0},{"damage":0.0,"enemies":"2 Louse","floor":11.0,"turns":3.0},{"damage":5.0,"enemies":"3 Sentries","floor":12.0,"turns":6.0},{"damage":19,"enemies":"Slime Boss","floor":16,"turns":11}],"seed_played":"5953099625207961543","potions_obtained":[{"floor":2.0,"key":"PowerPotion"},{"floor":7.0,"key":"SpeedPotion"}],"is_trial":false,"path_per_floor":["M","M","?","?","?","R","E","R","T","$","M","E","R","?","R_BF","B"],"character_chosen":"THE_SILENT","items_purchased":["Chemical X","Venomology"],"campfire_rested":0,"item_purchase_floors":[10,10],"current_hp_per_floor":[59,59,59,38,38,38,38,38,38,38,40,37,37,17,17,0,0],"gold":98,"neow_bonus":"THREE_ENEMY_KILL","is_daily":false,"chose_seed":false,"campfire_upgraded":1,"win_rate":0.0,"timestamp":1614239090,"path_taken":["M","?","?","?","?","R","E","R","T","$","?","E","R","?","R_BF","BOSS"],"items_purchased_type":["Relic","Card"],"build_version":"2020-12-22","purchased_purges":0,"victory":false,"max_hp_per_floor":[66,66,66,66,66,66,66,66,66,66,66,66,66,66,66,66,66],"card_choices":[{"not_picked":["Slice","Cloak And Dagger"],"picked":"PiercingWail","floor":1.0},{"not_picked":["Slice","Deflect"],"picked":"Blade Dance","floor":2.0},{"not_picked":["Setup","Acrobatics"],"picked":"Blade Dance","floor":4.0},{"not_picked":["Slice","PiercingWail"],"picked":"Cloak And Dagger","floor":4.0},{"not_picked":["Slice","Underhanded Strike"],"picked":"Dagger Spray","floor":7.0},{"not_picked":["Deadly Poison","Deflect","aspiration:Lunge"],"picked":"SKIP","floor":11.0},{"not_picked":["Acrobatics","Escape Plan","Outmaneuver"],"picked":"SKIP","floor":12.0}],"player_experience":1292906,"relics_obtained":[{"floor":4.0,"key":"Blood Vial"},{"floor":7.0,"key":"Peace Pipe"},{"floor":9.0,"key":"reliquary:IridiumChain"},{"floor":12.0,"key":"Matryoshka"},{"floor":15.0,"key":"Meat on the Bone"}],"event_choices":[{"damage_healed":0.0,"max_hp_gain":0.0,"max_hp_loss":0.0,"gold_gain":0.0,"event_name":"Accursed Blacksmith","player_choice":"Rummage","floor":5.0,"gold_loss":0.0,"damage_taken":0.0,"relics_obtained":["WarpedTongs"],"cards_obtained":["Pain"]},{"damage_healed":0.0,"max_hp_gain":0.0,"max_hp_loss":0.0,"gold_gain":0.0,"event_name":"Shining Light","player_choice":"Entered Light","floor":14.0,"gold_loss":0.0,"damage_taken":20.0,"cards_upgraded":["Blade Dance","Defend_G"]}],"is_beta":false,"boss_relics":[],"items_purged_floors":[],"is_endless":false,"potions_floor_spawned":[2,7],"killed_by":"Slime Boss","ascension_level":20}}