{"host":"fcnvuljdov3rwysj","time":1614242931,"event":{"mods":["BaseMod","Minty Spire (QoL Compilation)","StSLib","Together in Spire"],"gold_per_floor":[116,116,191,156,169,202,217,217,217,232,246,246,279,290,290,387,387,404,417,332,181,181,214,214,214,214,214,231,259,259,276,276,380,380,393,411,411,426,443,471,489,489,489,506,521,550,568,579,579,579,579,579,142,169,169],"floor_reached":56,"language":"ZHS","playtime":4553,"items_purged":["Defend_P"],"score":1288,"play_id":"5512c935-6a0a-4a8e-a70b-70d66a2c64b0","local_time":"20210225164851","is_ascension_mode":false,"campfire_choices":[{"data":"Eruption","floor":8.0,"key":"SMITH"},{"data":"Crescendo","floor":15.0,"key":"SMITH"},{"data":"CarveReality","floor":24.0,"key":"SMITH"},{"data":"SandsOfTime","floor":30.0,"key":"SMITH"},{"data":"WindmillStrike","floor":32.0,"key":"SMITH"},{"floor":42,"key":"RECALL"},{"data":"SandsOfTime","floor":49,"key":"SMITH"},{"data":"SpiritShield","floor":52,"key":"SMITH"}],"circlet_count":0,"master_deck":["Strike_P","Strike_P","Strike_P+1","Defend_P","Defend_P","Defend_P+1","Eruption+1","Vigilance+1","Crescendo+1","Halt+1","SpiritShield+1","Protect","Perseverance","InnerPeace","Halt","SandsOfTime+1","Crescendo","Perseverance","WindmillStrike+1","CarveReality+1","MasterReality","SandsOfTime+1","Halt+1","Protect+1","InnerPeace+1","Halt","Scrawl","EmptyBody+1","Scrawl","Ragnarok"],"relics":["PureWater","NeowsBlessing","Mercury Hourglass","Ornamental Fan","War Paint","Philosopher\u0027s Stone","Lizard Tail","Nunchaku","Orichalcum","Eternal Feather","TungstenRod","VioletLotus","GoldenEye","Bag of Preparation","MealTicket","Orrery","Pear"],"acts_visited":["TheEnding"],"potions_floor_usage":[39,40,50,54,55],"damage_taken":[{"damage":0.0,"enemies":"Small Slimes","floor":1.0,"turns":1.0},{"damage":0.0,"enemies":"2 Louse","floor":5.0,"turns":1.0},{"damage":0.0,"enemies":"3 Sentries","floor":6.0,"turns":1.0},{"damage":0.0,"enemies":"Jaw Worm","floor":7.0,"turns":2.0},{"damage":0.0,"enemies":"Looter","floor":10.0,"turns":3.0},{"damage":0.0,"enemies":"Exordium Thugs","floor":11.0,"turns":1.0},{"damage":0.0,"enemies":"Lagavulin","floor":13.0,"turns":4.0},{"damage":0.0,"enemies":"Large Slime","floor":14.0,"turns":1.0},{"damage":0.0,"enemies":"Slime Boss","floor":16.0,"turns":4.0},{"damage":1.0,"enemies":"Shell Parasite","floor":18.0,"turns":4.0},{"damage":0.0,"enemies":"3 Byrds","floor":19.0,"turns":2.0},{"damage":0.0,"enemies":"Gremlin Leader","floor":23.0,"turns":2.0},{"damage":0.0,"enemies":"Snecko","floor":28.0,"turns":2.0},{"damage":0.0,"enemies":"Book of Stabbing","floor":29.0,"turns":2.0},{"damage":0.0,"enemies":"3 Cultists","floor":31.0,"turns":2.0},{"damage":0.0,"enemies":"Collector","floor":33.0,"turns":2.0},{"damage":5.0,"enemies":"3 Shapes","floor":35.0,"turns":2.0},{"damage":0.0,"enemies":"Orb Walker","floor":36.0,"turns":1.0},{"damage":0.0,"enemies":"Spire Growth","floor":38.0,"turns":1.0},{"damage":0,"enemies":"Jaw Worm Horde","floor":39,"turns":1},{"damage":9,"enemies":"Giant Head","floor":40,"turns":2},{"damage":1,"enemies":"4 Shapes","floor":41,"turns":1},{"damage":0,"enemies":"Spire Growth","floor":44,"turns":1},{"damage":0,"enemies":"Maw","floor":45,"turns":3},{"damage":0,"enemies":"Nemesis","floor":46,"turns":1},{"damage":3,"enemies":"Writhing Mass","floor":47,"turns":2},{"damage":0,"enemies":"Jaw Worm Horde","floor":48,"turns":2},{"damage":8,"enemies":"Donu and Deca","floor":50,"turns":4},{"damage":5,"enemies":"Shield and Spear","floor":54,"turns":4},{"damage":6,"enemies":"The Heart","floor":55,"turns":5}],"seed_played":"-1196601552609278044","potions_obtained":[{"floor":5.0,"key":"SteroidPotion"},{"floor":10.0,"key":"StancePotion"},{"floor":18.0,"key":"SteroidPotion"},{"floor":29.0,"key":"SteroidPotion"},{"floor":33.0,"key":"SteroidPotion"},{"floor":40,"key":"SteroidPotion"},{"floor":45,"key":"StancePotion"}],"is_trial":false,"path_per_floor":["M","?","?","?","M","E","M","R","T","M","M","?","E","M","R","B",null,"M","M","?","$","?","E","R","?","T","?","M","E","R","M","R","B",null,"M","M","?","M","M","E","M","R","T","M","M","E","M","M","R","B",null,"R","$","E","B",null],"character_chosen":"WATCHER","items_purchased":["Perseverance","Orrery","Ragnarok","BottledMiracle","Ancient Potion"],"campfire_rested":0,"item_purchase_floors":[21,53,53,53,53],"current_hp_per_floor":[72,58,47,65,65,65,65,65,65,65,65,58,58,58,58,58,72,71,71,71,71,71,71,71,58,58,58,58,58,70,70,77,77,77,72,72,72,72,72,63,62,74,74,74,74,74,71,71,77,69,77,77,77,82,76],"gold":169,"neow_bonus":"THREE_ENEMY_KILL","is_daily":false,"chose_seed":false,"campfire_upgraded":7,"win_rate":0.0,"timestamp":1614242931,"path_taken":["M","?","?","?","M","E","M","R","T","?","M","?","E","M","R","BOSS","M","M","?","$","?","E","R","?","T","?","M","E","R","M","R","BOSS","M","?","?","M","M","E","M","R","T","M","M","E","M","M","R","BOSS","R","$","E","BOSS"],"items_purchased_type":["Card","Relic","Card","Potion","Potion"],"build_version":"2020-12-22","purchased_purges":1,"victory":true,"max_hp_per_floor":[72,72,72,72,72,72,72,72,72,72,72,72,72,72,72,72,72,72,72,72,72,72,72,72,77,77,77,77,77,77,77,77,77,77,77,77,77,77,77,77,77,77,77,77,77,77,77,77,77,77,77,77,77,87,87],"card_choices":[{"not_picked":["Prostrate","FollowUp"],"picked":"Crescendo","floor":1.0},{"not_picked":["Sanctity","PathToVictory"],"picked":"Halt","floor":5.0},{"not_picked":["FollowUp","LikeWater"],"picked":"SpiritShield","floor":6.0},{"not_picked":["Weave","ThirdEye"],"picked":"Protect","floor":7.0},{"not_picked":["Weave","JustLucky","Worship"],"picked":"SKIP","floor":10.0},{"not_picked":["Halt","Crescendo"],"picked":"Perseverance","floor":11.0},{"not_picked":["Swivel","Crescendo"],"picked":"InnerPeace","floor":13.0},{"not_picked":["Wallop","JustLucky"],"picked":"Halt","floor":14.0},{"not_picked":["Nirvana","JustLucky"],"picked":"SandsOfTime","floor":18.0},{"not_picked":["WheelKick","FlurryOfBlows"],"picked":"Crescendo","floor":19.0},{"not_picked":["Meditate","FollowUp"],"picked":"CarveReality","floor":23.0},{"not_picked":["Prostrate","FollowUp","Crescendo"],"picked":"SKIP","floor":28.0},{"not_picked":["Sanctity+1","PathToVictory","Halt"],"picked":"SKIP","floor":29.0},{"not_picked":["Prostrate","FollowUp","Crescendo"],"picked":"SKIP","floor":31.0},{"not_picked":["Alpha","Vault"],"picked":"MasterReality","floor":33.0},{"not_picked":["Nirvana","JustLucky"],"picked":"SandsOfTime","floor":35.0},{"not_picked":["WheelKick","Crescendo","FlurryOfBlows"],"picked":"SKIP","floor":36.0},{"not_picked":["Study","EmptyBody","Weave+1"],"picked":"SKIP","floor":38.0},{"not_picked":["Prostrate","FollowUp","Crescendo"],"picked":"SKIP","floor":39},{"not_picked":["Sanctity+1","PathToVictory+1"],"picked":"Halt+1","floor":40},{"not_picked":["SpiritShield","FollowUp","LikeWater"],"picked":"SKIP","floor":41},{"not_picked":["Weave+1","ThirdEye"],"picked":"Protect+1","floor":44},{"not_picked":["Weave+1","JustLucky+1","Worship"],"picked":"SKIP","floor":45},{"not_picked":["Perseverance+1","Halt","Crescendo+1"],"picked":"SKIP","floor":46},{"not_picked":["Swivel+1","Crescendo"],"picked":"InnerPeace+1","floor":47},{"not_picked":["Wallop","JustLucky"],"picked":"Halt","floor":48},{"not_picked":["PathToVictory+1","Fasting2"],"picked":"Scrawl","floor":53},{"not_picked":["Weave","Consecrate+1"],"picked":"EmptyBody+1","floor":53},{"not_picked":["Halt+1","EmptyFist+1"],"picked":"Scrawl","floor":53},{"not_picked":["SashWhip","CutThroughFate+1","FlyingSleeves"],"picked":"SKIP","floor":54}],"player_experience":227619,"relics_obtained":[{"floor":6.0,"key":"Mercury Hourglass"},{"floor":9.0,"key":"Ornamental Fan"},{"floor":13.0,"key":"War Paint"},{"floor":23.0,"key":"Nunchaku"},{"floor":26.0,"key":"Orichalcum"},{"floor":29.0,"key":"TungstenRod"},{"floor":40,"key":"GoldenEye"},{"floor":43,"key":"Bag of Preparation"},{"floor":46,"key":"MealTicket"},{"floor":54,"key":"Pear"}],"event_choices":[{"damage_healed":0.0,"max_hp_gain":0.0,"max_hp_loss":0.0,"gold_gain":0.0,"event_name":"Shining Light","player_choice":"Entered Light","floor":2.0,"gold_loss":0.0,"damage_taken":14.0,"cards_upgraded":["Strike_P","Defend_P"]},{"damage_healed":0.0,"max_hp_gain":0.0,"max_hp_loss":0.0,"gold_gain":75.0,"event_name":"World of Goop","player_choice":"Gather Gold","floor":3.0,"gold_loss":0.0,"damage_taken":11.0},{"damage_healed":18.0,"max_hp_gain":0.0,"max_hp_loss":0.0,"gold_gain":0.0,"event_name":"The Cleric","player_choice":"Healed","floor":4.0,"gold_loss":35.0,"damage_taken":0.0},{"cards_removed":["Strike_P"],"damage_healed":0.0,"max_hp_gain":0.0,"max_hp_loss":0.0,"gold_gain":0.0,"event_name":"Golden Wing","player_choice":"Card Removal","floor":12.0,"gold_loss":0.0,"damage_taken":7.0},{"damage_healed":0.0,"max_hp_gain":0.0,"max_hp_loss":0.0,"gold_gain":0.0,"event_name":"Addict","player_choice":"Obtained Relic","floor":20.0,"gold_loss":85.0,"damage_taken":0.0,"relics_obtained":["Lizard Tail"]},{"damage_healed":0.0,"max_hp_gain":0.0,"max_hp_loss":0.0,"gold_gain":0.0,"event_name":"The Library","player_choice":"Read","floor":22.0,"gold_loss":0.0,"damage_taken":0.0,"cards_obtained":["WindmillStrike"]},{"damage_healed":0.0,"max_hp_gain":5.0,"max_hp_loss":0.0,"gold_gain":0.0,"event_name":"Forgotten Altar","player_choice":"Shed Blood","floor":25.0,"gold_loss":0.0,"damage_taken":18.0},{"damage_healed":0.0,"max_hp_gain":0.0,"max_hp_loss":0.0,"gold_gain":0.0,"event_name":"WeMeetAgain","player_choice":"Gave Potion","floor":27.0,"gold_loss":0.0,"damage_taken":0.0,"relics_obtained":["Eternal Feather"]},{"damage_healed":0.0,"max_hp_gain":0.0,"max_hp_loss":0.0,"gold_gain":0.0,"event_name":"Tomb of Lord Red Mask","player_choice":"Ignored","floor":37.0,"gold_loss":0.0,"damage_taken":0.0}],"is_beta":false,"boss_relics":[{"not_picked":["SlaversCollar","Coffee Dripper"],"picked":"Philosopher\u0027s Stone"},{"not_picked":["Runic Dome","Fusion Hammer"],"picked":"VioletLotus"}],"items_purged_floors":[21],"is_endless":false,"potions_floor_spawned":[5,10,18,29,33,38,40,45],"ascension_level":0}}