{"host":"tgqjap25jvjx3f06","time":1614242770,"event":{"mods":["BaseMod","DeckTracker","Dota2Spire","Minty Spire (QoL Compilation)","Quick Restart","Relic Filter Mod","Replay The Spire","Shop Mod","StSLib","óô»ðÖ¸ÄÏ"],"gold_per_floor":[111,111,131,160,85,85,115,115,191,210,235,249,262,291,303,414,426,458,470,501,526,554,566,610,640,676,688,731,743,755,835,847,1005,1017,1075,1191,934,966,1072,1168,1213,1290,1313,1363,1363,1399,1504,1548,1548,1588,1588,755,47,123,271],"floor_reached":56,"language":"ZHS","playtime":3650,"items_purged":["Strike_G","Backstab","Concentrate+1"],"score":1589,"play_id":"ed1390d7-046f-44a3-85ca-6c6f3831799f","local_time":"20210225164610","is_ascension_mode":true,"campfire_choices":[{"data":"ReplayTheSpireMod:Scrap Shanks","floor":6.0,"key":"SMITH"},{"data":"Strike_G","floor":15.0,"key":"PURGE"},{"data":"Bouncing Flask","floor":23,"key":"SMITH"},{"data":"Blur","floor":27,"key":"SMITH"},{"data":"Neutralize","floor":29,"key":"SMITH"},{"floor":32,"key":"DIG"},{"floor":49,"key":"RECALL"}],"circlet_count":0,"master_deck":["Survivor","Neutralize+1","ReplayTheSpireMod:Scrap Shanks+1","Bouncing Flask+1","Blur+1","Glass Knife+1","ReplayTheSpireMod:From All Sides+1","Acrobatics+1","Backflip+1","Riddle With Holes+1","Heel Hook+1","Hidden Blade+1","Prepared+1","Leg Sweep+1","ReplayTheSpireMod:The Works+1","Expertise+1","Cloak And Dagger+1","Phantasmal Killer+1","Prepared+1","Backflip+1","Hidden Blade+1","Escape Plan+1","Replay:Bootleg Shield Generator+1","Heel Hook+1","Dodge and Roll+1","Dark Shackles+1"],"relics":["Ring of the Snake","NeowsBlessing","TungstenRod","Dota2Spire:ShadowBlade","Meat on the Bone","Molten Egg 2","Coffee Dripper","Dota2Spire:OctarineCore","Replay:Bandana","Toxic Egg 2","Dota2Spire:HeartOfTarrasque","MerchantsRug","TheAbacus","Onion Ring","Singing Bowl","Whetstone","Gambling Chip","Strawberry","ClockworkSouvenir","Centennial Puzzle","Eternal Feather","Gremlin Horn","Snack Pack","Replay:Wax Seal"],"acts_visited":["Exordium","TheCity","TheBeyond","TheEnding"],"potions_floor_usage":[44,44,55,55],"damage_taken":[{"damage":0.0,"enemies":"Small Slimes","floor":1.0,"turns":1.0},{"damage":0.0,"enemies":"2 Louse","floor":3.0,"turns":1.0},{"damage":0.0,"enemies":"Replay:BlueRogue","floor":7.0,"turns":1.0},{"damage":0.0,"enemies":"Jaw Worm","floor":10.0,"turns":3.0},{"damage":16.0,"enemies":"Gremlin Nob","floor":11.0,"turns":4.0},{"damage":4.0,"enemies":"Looter","floor":12.0,"turns":4.0},{"damage":2.0,"enemies":"Red Slaver","floor":13.0,"turns":4.0},{"damage":16.0,"enemies":"Lagavulin","floor":14.0,"turns":5.0},{"damage":9,"enemies":"The Guardian","floor":16,"turns":11},{"damage":8,"enemies":"2 Thieves","floor":18,"turns":4},{"damage":0,"enemies":"3 Byrds","floor":20,"turns":5},{"damage":14,"enemies":"Snake Plant","floor":21,"turns":3},{"damage":0,"enemies":"Snecko","floor":22,"turns":4},{"damage":16,"enemies":"Slavers","floor":24,"turns":6},{"damage":2,"enemies":"Shelled Parasite and Fungi","floor":25,"turns":4},{"damage":10,"enemies":"Gremlin Leader","floor":28,"turns":7},{"damage":0,"enemies":"Chosen and Byrds","floor":31,"turns":3},{"damage":21,"enemies":"Champ","floor":33,"turns":10},{"damage":0,"enemies":"3 Shapes","floor":35,"turns":2},{"damage":0,"enemies":"2 Orb Walkers","floor":36,"turns":2},{"damage":2,"enemies":"Orb Walker","floor":38,"turns":2},{"damage":0,"enemies":"Writhing Mass","floor":39,"turns":2},{"damage":0,"enemies":"Nemesis","floor":40,"turns":5},{"damage":0,"enemies":"Jaw Worm Horde","floor":41,"turns":2},{"damage":0,"enemies":"Reptomancer","floor":42,"turns":1},{"damage":34,"enemies":"R_Hoarder","floor":44,"turns":6},{"damage":0,"enemies":"4 Shapes","floor":46,"turns":1},{"damage":0,"enemies":"Nemesis","floor":47,"turns":3},{"damage":0,"enemies":"Spire Growth","floor":48,"turns":1},{"damage":11,"enemies":"Time Eater","floor":50,"turns":4},{"damage":0,"enemies":"Shield and Spear","floor":54,"turns":2},{"damage":0,"enemies":"The Heart","floor":55,"turns":6}],"seed_played":"-2252942305330190103","potions_obtained":[{"floor":1.0,"key":"Energy Potion"},{"floor":3.0,"key":"Strength Potion"},{"floor":10.0,"key":"Energy Potion"},{"floor":14.0,"key":"GhostInAJar"},{"floor":35,"key":"FairyPotion"},{"floor":44,"key":"Fire Potion"},{"floor":47,"key":"SkillPotion"}],"is_trial":false,"path_per_floor":["M","?","M","?","$","R","E","?","T","M","E","M","M","E","R","B",null,"M","?","M","M","M","R","E","M","T","R","E","R","?","M","R","B",null,"M","?","$","M","M","E","M","E","T","E","?","M","E","M","R","B",null,"R","$","E","B",null],"character_chosen":"THE_SILENT","items_purchased":["MerchantsRug","Concentrate+1","TheAbacus","ClockworkSouvenir","Centennial Puzzle","Escape Plan+1","Replay:Bootleg Shield Generator+1","Eternal Feather","Heel Hook+1","Dodge and Roll+1","Gremlin Horn","Snack Pack","Dark Shackles+1"],"campfire_rested":0,"item_purchase_floors":[37,37,37,52,52,52,52,52,53,53,53,53,53],"current_hp_per_floor":[70,56,56,39,39,39,39,44,44,44,40,48,46,42,42,45,75,67,67,67,53,53,53,49,47,47,47,49,49,49,49,49,40,75,75,83,83,81,81,83,83,85,85,51,51,51,58,58,58,47,92,92,92,94,94],"gold":271,"neow_bonus":"THREE_ENEMY_KILL","is_daily":false,"chose_seed":false,"campfire_upgraded":4,"win_rate":0.0,"timestamp":1614242770,"path_taken":["M","?","M","?","$","R","E","?","T","?","E","M","M","E","R","BOSS","M","?","M","?","M","R","E","M","T","R","E","R","?","M","R","BOSS","M","?","$","M","M","E","M","E","T","E","?","?","E","M","R","BOSS","R","$","E","BOSS"],"items_purchased_type":["Relic","Card","Relic","Relic","Relic","Card","Card","Relic","Card","Card","Relic","Relic","Card"],"build_version":"2020-12-22","purchased_purges":3,"victory":true,"max_hp_per_floor":[70,70,70,70,70,70,70,75,75,75,75,75,75,75,75,75,75,75,75,75,75,75,75,75,75,75,75,75,75,75,75,75,75,75,75,83,83,83,83,83,83,85,85,85,85,85,92,92,92,92,92,92,92,94,94],"card_choices":[{"not_picked":["Leg Sweep","Quick Slash"],"picked":"ReplayTheSpireMod:Scrap Shanks","floor":1.0},{"not_picked":["Quick Slash","Outmaneuver","Poisoned Stab"],"picked":"SKIP","floor":3.0},{"not_picked":["PiercingWail","Crippling Poison"],"picked":"Backstab","floor":4.0},{"not_picked":["Bane","Blur"],"picked":"Bouncing Flask","floor":7.0},{"not_picked":["ReplayTheSpireMod:Exploit Weakness","Dash","Eviscerate"],"picked":"SKIP","floor":10.0},{"not_picked":["Flying Knee+1","Terror","Prepared"],"picked":"SKIP","floor":11.0},{"not_picked":["Accuracy","Distraction"],"picked":"Blur","floor":12.0},{"not_picked":["Hidden Blade","Distraction","Blade Dance"],"picked":"SKIP","floor":13.0},{"not_picked":["Toxin Wave","Riddle With Holes+1"],"picked":"Glass Knife+1","floor":14.0},{"not_picked":["Grand Finale+1","A Thousand Cuts"],"picked":"ReplayTheSpireMod:From All Sides+1","floor":16},{"not_picked":["Heel Hook+1","Cloak And Dagger","Dodge and Roll+1"],"picked":"SKIP","floor":18},{"not_picked":["Dagger Spray+1","Masterful Stab+1","Flying Knee+1"],"picked":"SKIP","floor":20},{"not_picked":["Accuracy","Riddle With Holes+1","Blade Dance+1"],"picked":"SKIP","floor":21},{"not_picked":["Skewer+1","Bane+1"],"picked":"Acrobatics+1","floor":22},{"not_picked":["Cloak And Dagger","Bouncing Flask","Poison Darts"],"picked":"SKIP","floor":24},{"not_picked":["Quick Slash+1","Backflip+1","PiercingWail"],"picked":"SKIP","floor":25},{"not_picked":["Quick Slash+1","PiercingWail"],"picked":"Backflip+1","floor":25},{"not_picked":["Noxious Fumes","Poisoned Stab+1"],"picked":"Riddle With Holes+1","floor":28},{"not_picked":["Backstab+1","Dodge and Roll","Underhanded Strike+1"],"picked":"SKIP","floor":31},{"not_picked":["Poison Darts+1","Venomology+1"],"picked":"Phantasmal Killer+1","floor":33},{"not_picked":["Backflip+1","Dagger Spray+1"],"picked":"Hidden Blade+1","floor":35},{"not_picked":["PiercingWail+1","Flying Knee+1"],"picked":"Prepared+1","floor":38},{"not_picked":["Blur+1","Tactician+1"],"picked":"Leg Sweep+1","floor":39},{"not_picked":["Dagger Spray+1","Bane+1"],"picked":"ReplayTheSpireMod:The Works+1","floor":40},{"not_picked":["Dagger Throw+1","Phantasmal Killer+1"],"picked":"Expertise+1","floor":41},{"not_picked":["Bouncing Flask+1","All Out Attack+1","Underhanded Strike+1"],"picked":"Singing Bowl","floor":42},{"not_picked":["Slice+1","ReplayTheSpireMod:Tripwire+1"],"picked":"Cloak And Dagger+1","floor":44},{"not_picked":["Sucker Punch+1","Outmaneuver+1"],"picked":"Prepared+1","floor":46},{"not_picked":["Unload+1","Phantasmal Killer+1"],"picked":"Backflip+1","floor":47},{"not_picked":["Underhanded Strike+1","Riddle With Holes+1"],"picked":"Hidden Blade+1","floor":48},{"not_picked":["Underhanded Strike+1","Flying Knee+1","Terror+1"],"picked":"Singing Bowl","floor":54}],"player_experience":371596,"relics_obtained":[{"floor":4.0,"key":"TungstenRod"},{"floor":7.0,"key":"Dota2Spire:ShadowBlade"},{"floor":9.0,"key":"Meat on the Bone"},{"floor":11.0,"key":"Molten Egg 2"},{"floor":14.0,"key":"MawBank"},{"floor":24,"key":"Dota2Spire:OctarineCore"},{"floor":28,"key":"Replay:Bandana"},{"floor":32,"key":"Toxic Egg 2"},{"floor":36,"key":"Dota2Spire:HeartOfTarrasque"},{"floor":40,"key":"Onion Ring"},{"floor":42,"key":"Singing Bowl"},{"floor":43,"key":"Whetstone"},{"floor":44,"key":"Gambling Chip"},{"floor":47,"key":"Strawberry"},{"floor":54,"key":"Replay:Wax Seal"}],"event_choices":[{"damage_healed":0.0,"max_hp_gain":0.0,"max_hp_loss":0.0,"gold_gain":0.0,"event_name":"Shining Light","player_choice":"Entered Light","floor":2.0,"gold_loss":0.0,"damage_taken":14.0,"cards_upgraded":["Strike_G","Strike_G"]},{"damage_healed":0.0,"max_hp_gain":5.0,"max_hp_loss":0.0,"gold_gain":0.0,"event_name":"Big Fish","player_choice":"Donut","floor":8.0,"gold_loss":0.0,"damage_taken":0.0},{"damage_healed":0,"gold_gain":0,"player_choice":"Bought 0 Potions","damage_taken":0,"max_hp_gain":0,"max_hp_loss":0,"event_name":"The Woman in Blue","floor":19,"gold_loss":0},{"damage_healed":0,"gold_gain":0,"player_choice":"Read","damage_taken":0,"max_hp_gain":0,"max_hp_loss":0,"event_name":"The Library","floor":30,"gold_loss":0,"cards_obtained":["Heel Hook"]},{"damage_healed":0,"gold_gain":0,"player_choice":"Fight","damage_taken":0,"max_hp_gain":0,"max_hp_loss":0,"event_name":"Mysterious Sphere","floor":36,"gold_loss":0},{"cards_removed":["Phantasmal Killer"],"damage_healed":0,"gold_gain":0,"player_choice":"Took Card","damage_taken":0,"max_hp_gain":0,"max_hp_loss":0,"event_name":"NoteForYourself","floor":45,"gold_loss":0,"cards_obtained":["Phantasmal Killer"]}],"is_beta":false,"boss_relics":[{"not_picked":["Ring of Chaos","Black Star"],"picked":"Coffee Dripper"},{"not_picked":["Painkiller Herb","Runic Dome"],"picked":"Pandora\u0027s Box"}],"items_purged_floors":[5,37,52],"is_endless":false,"potions_floor_spawned":[1,3,10,14,20,24,25,28,35,38,40,41,44,47,54],"ascension_level":1}}