{"host":"o9lehcdjc4u6j9un","time":1614276555,"event":{"mods":["Aspiration","BaseMod","Better-Laid Plans","Bossed Relics","Colored Map","Hermit","Marisa£®ÏF”Í°°ƒß¿Ì…≥£©","Minty Spire (QoL Compilation)","StSLib","The Alterego","The Marked","The Runesmith"],"gold_per_floor":[113,188,207,382,49,49,11,25,25,25,39,57,57,68,68,167,167,185,85,104,104,104],"floor_reached":21,"language":"ZHS","playtime":670,"items_purged":["Doubt","Strike_G"],"score":171,"play_id":"cfb63f8c-45d5-4eaa-9909-2f3e1d82e7e2","local_time":"20210226020915","is_ascension_mode":false,"campfire_choices":[{"data":"Acrobatics","floor":6,"key":"SMITH"},{"floor":15,"key":"REST"}],"circlet_count":0,"master_deck":["Strike_G","Strike_G","Strike_G","Strike_G","Defend_G","Defend_G","Defend_G","Defend_G","Defend_G","Survivor","Neutralize","Acrobatics+1","Crippling Poison","Bane","Backflip","Poisoned Stab","Noxious Fumes","Corpse Explosion","Bane+1","Bane"],"relics":["Ring of the Snake","aspiration:Nostalgia","Runesmith:BrokenRuby","Ornamental Fan","Happy Flower","aspiration:RunicSpoon"],"acts_visited":["Exordium","TheCity"],"potions_floor_usage":[16,16,21],"damage_taken":[{"damage":0,"enemies":"Small Slimes","floor":1,"turns":3},{"damage":0,"enemies":"Jaw Worm","floor":3,"turns":5},{"damage":2,"enemies":"Cultist","floor":8,"turns":4},{"damage":11,"enemies":"Lots of Slimes","floor":11,"turns":3},{"damage":10,"enemies":"Looter","floor":12,"turns":3},{"damage":4,"enemies":"2 Fungi Beasts","floor":14,"turns":2},{"damage":29,"enemies":"Slime Boss","floor":16,"turns":10},{"damage":32,"enemies":"2 Thieves","floor":18,"turns":3},{"damage":10,"enemies":"Chosen","floor":20,"turns":5},{"damage":28,"enemies":"Snake Plant","floor":21,"turns":4}],"seed_played":"4970437865681453204","potions_obtained":[{"floor":3,"key":"SteroidPotion"},{"floor":8,"key":"Weak Potion"},{"floor":12,"key":"FearPotion"},{"floor":18,"key":"Explosive Potion"}],"is_trial":false,"path_per_floor":["M","?","M","?","$","R","$","M","T","$","M","M","$","M","R","B",null,"M","$","M","M"],"character_chosen":"THE_SILENT","items_purchased":["Ornamental Fan","Crippling Poison"],"campfire_rested":1,"item_purchase_floors":[5,7],"current_hp_per_floor":[70,59,59,59,59,59,59,57,57,57,46,36,36,32,53,24,70,38,38,28,0,0],"gold":104,"neow_bonus":"NOSTALGIA","is_daily":false,"chose_seed":false,"campfire_upgraded":1,"win_rate":0.0,"timestamp":1614276555,"path_taken":["M","?","M","?","?","R","$","M","T","$","M","M","$","?","R","BOSS","M","$","M","?"],"items_purchased_type":["Relic","Card"],"build_version":"2020-12-22","purchased_purges":2,"victory":false,"max_hp_per_floor":[70,70,70,70,70,70,70,70,70,70,70,70,70,70,70,70,70,70,70,70,70,70],"card_choices":[{"not_picked":["Underhanded Strike","Skewer","Dodge and Roll"],"picked":"SKIP","floor":1},{"not_picked":["Dash","Riddle With Holes"],"picked":"Acrobatics","floor":3},{"not_picked":["Endless Agony","PiercingWail"],"picked":"Bane","floor":8},{"not_picked":["PiercingWail","Backstab"],"picked":"Backflip","floor":11},{"not_picked":["Dagger Spray","Riddle With Holes"],"picked":"Poisoned Stab","floor":12},{"not_picked":["Masterful Stab","Heel Hook"],"picked":"Noxious Fumes","floor":14},{"not_picked":["Tools of the Trade","Wraith Form v2"],"picked":"Corpse Explosion","floor":16},{"not_picked":["Leg Sweep","Choke+1"],"picked":"Bane+1","floor":18},{"not_picked":["Slice","Finisher"],"picked":"Bane","floor":20}],"player_experience":191403,"relics_obtained":[{"floor":9,"key":"Happy Flower"}],"event_choices":[{"damage_healed":0,"gold_gain":75,"player_choice":"Gather Gold","damage_taken":11,"max_hp_gain":0,"max_hp_loss":0,"event_name":"World of Goop","floor":2,"gold_loss":0},{"damage_healed":0,"gold_gain":175,"player_choice":"AGREE","damage_taken":0,"max_hp_gain":0,"max_hp_loss":0,"event_name":"Liars Game","floor":4,"gold_loss":0,"cards_obtained":["Doubt"]}],"is_beta":false,"boss_relics":[{"not_picked":["HoveringKite","Coffee Dripper"],"picked":"aspiration:RunicSpoon"}],"items_purged_floors":[5,19],"is_endless":false,"potions_floor_spawned":[3,8,12,18],"killed_by":"Snake Plant","ascension_level":0}}