{"host":"j4js999tahsli5mc","time":1614278194,"event":{"mods":["AchievementEnabler","Act Like it!","Aspiration","BaseMod","Better Note","Better Silent Start","Energized Spire","GifTheSpireLib","Halation","Hermit","Hubris","Library of Ruina","Library of Ruina Extra","Lobotomy","LobotomyExtend","Marked Mod","Minty Spire (QoL Compilation)","Rare Cards Sparkle","Reliquary","Replay The Spire","Ruina","StSLib","The Blue Laboratory"],"gold_per_floor":[120,120,137,153,173,173,173,193,193,222,241,241,253,253,253,348,348,361,361,380,97,109,139,139,151,197,216,216,170,170,190,190,285,285,298,298,177,187,187,187,206,206,206,216,316,333,24,41,41,41,41,41,41,41,71,71,71],"floor_reached":56,"language":"ENG","playtime":3703,"items_purged":[],"score":548,"play_id":"66b1fb8e-1afc-4c46-a7a1-862452ede3a3","local_time":"20210225133634","is_ascension_mode":false,"campfire_choices":[{"floor":6.0,"key":"RECALL"},{"floor":12.0,"key":"REST"},{"floor":15.0,"key":"REST"},{"floor":24.0,"key":"REST"},{"floor":30,"key":"REST"},{"floor":32,"key":"REST"},{"data":"TendonChords","floor":40,"key":"SMITH"},{"data":"VioletBlade","floor":42,"key":"SMITH"},{"data":"VioletBlade","floor":49,"key":"SMITH"},{"data":"Unlock1","floor":53,"key":"SMITH"}],"circlet_count":0,"master_deck":["Dodge","LightDefense","LightAttack","LightAttack","LightDefense","LightDefense","LightDefense","PinpointShot","ClassAndRespect","SnakeSlit","CookingPrep","CumulusWall","Thirst","Eliminate","FrontalAssault","Injury","SilentNight","ClassAndRespect","SkyClearingCut+1","SerpentSwordTechnique+1","ClassAndRespect","ruina:Smile","SharpenedBlade","Track","PreemptiveStrike","Unlock1+1","TendonChords+1","TimeForALittleTest","GoinFirst","Feast+1","VioletBlade+1","Faith+1","Thirst+1","BackAttack+1","Overpower","RatsGuideToSurvival+1","VioletBlade+1","SharpNails"],"relics":["PageOfLibrarian","LetterFromLob","TungstenRod","Toxic Egg 2","Replay:Grab Bag","Busted Crown","reliquary:Craggleroot","PageOfBlackSwan","reliquary:RosewoodLute","reliquary:WeakTea","Darkstone Periapt","PageOfMountain","Bottled Tornado"],"acts_visited":["Exordium","ruina:Briah","TheBeyond","TheEnding"],"potions_floor_usage":[],"damage_taken":[{"damage":3.0,"enemies":"Small Slimes","floor":1.0,"turns":4.0},{"damage":0.0,"enemies":"2 Louse","floor":3.0,"turns":4.0},{"damage":0.0,"enemies":"Cultist","floor":4.0,"turns":3.0},{"damage":13.0,"enemies":"Blue Slaver","floor":5.0,"turns":4.0},{"damage":1.0,"enemies":"Red Slaver","floor":8.0,"turns":3.0},{"damage":44.0,"enemies":"3 Sentries","floor":10.0,"turns":12.0},{"damage":6.0,"enemies":"3 Louse","floor":11.0,"turns":4.0},{"damage":0.0,"enemies":"Looter","floor":13.0,"turns":2.0},{"damage":29.0,"enemies":"The Guardian","floor":16.0,"turns":10.0},{"damage":2.0,"enemies":"ruina:Nosferatu","floor":18.0,"turns":3.0},{"damage":35.0,"enemies":"ruina:BadWolf","floor":20.0,"turns":4.0},{"damage":4.0,"enemies":"ruina:3_Scarecrows","floor":22.0,"turns":4.0},{"damage":12.0,"enemies":"ruina:Mountain","floor":23.0,"turns":4.0},{"damage":4.0,"enemies":"ruina:KnightOfDespair","floor":25.0,"turns":4.0},{"damage":11.0,"enemies":"ruina:Nos_and_Bat","floor":27.0,"turns":4.0},{"damage":12,"enemies":"ruina:KingOfGreed","floor":31,"turns":5},{"damage":40,"enemies":"ruina:Ozma","floor":33,"turns":7},{"damage":0,"enemies":"3 Shapes","floor":35,"turns":3},{"damage":2,"enemies":"Orb Walker","floor":38,"turns":3},{"damage":0,"enemies":"Transient","floor":41,"turns":5},{"damage":14,"enemies":"Maw","floor":44,"turns":5},{"damage":10,"enemies":"Sphere and 2 Shapes","floor":46,"turns":4},{"damage":0,"enemies":"Transient","floor":48,"turns":5},{"damage":77,"enemies":"Time Eater","floor":50,"turns":7},{"damage":18,"enemies":"Time Eater","floor":51,"turns":5},{"damage":84,"enemies":"Shield and Spear","floor":55,"turns":6},{"damage":59,"enemies":"The Heart","floor":56,"turns":2}],"seed_played":"2410763865446967982","potions_obtained":[{"floor":3.0,"key":"Block Potion"},{"floor":8.0,"key":"Block Potion"},{"floor":13.0,"key":"blueLaboratory:BottledHope"},{"floor":16.0,"key":"GamblersBrew"},{"floor":22.0,"key":"blueLaboratory:PyrophylliteBrew"},{"floor":38,"key":"Milkshake"}],"is_trial":false,"path_per_floor":["M","?","M","M","M","R","?","M","T","E","M","R","M","?","R","B",null,"M","?","M","$","M","E","R","M","T","M","?","$","R","M","R","B",null,"M","?","$","M","?","R","M","R","T","M","?","M","$","M","R","B",null,null,"R","$","E","B"],"character_chosen":"Librarian","items_purchased":["SerpentSwordTechnique+1","ClassAndRespect","ruina:Smile","TendonChords","VioletBlade","Faith+1","PageOfMountain"],"campfire_rested":5,"item_purchase_floors":[21,21,21,29,37,37,47],"current_hp_per_floor":[57,73,76,76,69,69,69,62,62,18,12,30,30,30,48,19,62,60,62,27,27,23,11,29,26,26,16,22,22,44,51,73,60,76,76,76,76,76,76,76,76,76,76,75,75,76,76,76,76,25,34,76,76,76,10,0,0],"gold":71,"neow_bonus":"RANDOM_EVENT","is_daily":false,"chose_seed":false,"campfire_upgraded":4,"win_rate":0.0,"timestamp":1614278194,"path_taken":["M","?","M","M","M","R","?","M","T","E","M","R","M","?","R","BOSS","M","?","M","$","M","E","R","M","T","?","?","$","R","?","R","BOSS","M","?","$","M","?","R","?","R","T","?","?","M","$","M","R","BOSS","R","$","E","BOSS"],"items_purchased_type":["Card","Card","Card","Card","Card","Card","Relic"],"build_version":"2020-12-22","purchased_purges":0,"victory":false,"max_hp_per_floor":[76,76,76,76,76,76,76,62,62,62,62,62,62,62,62,62,62,62,62,62,62,62,62,62,62,62,62,62,62,76,76,76,76,76,76,76,76,76,76,76,76,76,76,76,76,76,76,76,76,76,76,76,76,76,76,76,76],"card_choices":[{"not_picked":["SuppressingShot","FormingStorm","CutIn","MultiBlock","NightInTheBackstreets","Outburst","DefenseOrder","GaleKick"],"picked":"PinpointShot","floor":1.0},{"not_picked":["SmokingPipe","FleetFootsteps","ProselytesBlade","QuickAttack","EnergyStrike","StructuralAnalysis","Marionette","Quickness"],"picked":"ClassAndRespect","floor":3.0},{"not_picked":["Thrust","PreemptiveStrike","DevastatingThrash","IllEndYou","StructuralAnalysis","Castigation","FleetFootsteps","Leap_lor"],"picked":"SnakeSlit","floor":4.0},{"not_picked":["SuppressingShot","BackAttack","Duel_lor","SunsetBlade","StrikeDown","Marionette","QuickSuppression","AsThePrescriptOrders"],"picked":"CookingPrep","floor":5.0},{"not_picked":["Overpower","AutomatedMovement","UnavoidableGaze","RepressedFlesh","QuickAttack","ProselytesBlade","FrontalAssault","SerpentSwordTechnique"],"picked":"CumulusWall","floor":8.0},{"not_picked":["SkyClearingCut","FlashOfSunup","SavageMode","Leap_lor","ExtractFuel","ToWhereThePrescriptPoints","DarkCloud","RhinoRam"],"picked":"Thirst","floor":10.0},{"not_picked":["RagingStormLove","EnergyCycle","SpearedSweep","GuardingStance","TraceOfFumes","QuickSuppression","StructuralAnalysis","Rewind"],"picked":"Eliminate","floor":11.0},{"not_picked":["LossOfSenses","WillOfThePrescript","GuidanceOfTheGears","Quickness","PreemptiveStrike","FleetEdge","PinpointShot","Multislash"],"picked":"FrontalAssault","floor":13.0},{"not_picked":["ChargeUp","Commandeering+1"],"picked":"SilentNight","floor":16.0},{"not_picked":["Thrust","DefenseOrder+1","SharpSwipe+1","Parry","GuardingStance+1","SteelKnuckles+1"],"picked":"ClassAndRespect","floor":18.0},{"not_picked":["BizarreAttack","BiteOff+1","CookingPrep+1","Outburst","SilentMist","FendThisOffIfYouCan+1"],"picked":"SkyClearingCut+1","floor":20.0},{"not_picked":["GuardingStance+1","Outburst","DarkCloud","YoureAHindrance","IngredientHunt","Pound"],"picked":"SharpenedBlade","floor":22.0},{"not_picked":["Quickness+1","ClassAndRespect","Parry+1","Parry2","GreatSerpentsImpact","LoosenUp"],"picked":"Track","floor":23.0},{"not_picked":["QuickSuppression","Wallop_lor","GoinFirst","CoordinatedAssault+1","Overpower","Rewind+1"],"picked":"PreemptiveStrike","floor":25.0},{"not_picked":["PreemptiveStrike+1","ScratchThat","BackAttack+1","AlloutWar+1","Multislash+1","SinglePointStab+1"],"picked":"Unlock1","floor":27.0},{"not_picked":["EnergyCycle","StructuralAnalysis+1","OpportunitySpotted","Duel_lor","TasteMyFlamingBat+1","DesperateStruggle"],"picked":"TimeForALittleTest","floor":31},{"not_picked":[],"picked":"GoinFirst","floor":33},{"not_picked":["OpportunitySpotted+1","DriedUp+1","FleetEdge","QuickAttack+1","SharpSwipe","BulkyImpact+1"],"picked":"Feast+1","floor":35},{"not_picked":["Eject+1","BulkyImpact","Pound","ForTheFamily","AsThePrescriptOrders+1","SinglePointStab"],"picked":"Thirst+1","floor":38},{"not_picked":["HandleRequest+1","FierceCharge+1","UpbeatPerformance+1","Parry2","Outburst","Transpierce"],"picked":"BackAttack+1","floor":41},{"not_picked":["Outburst","Leap_lor","Reload+1","FendThisOffIfYouCan","Parry","ToOvercomeCrisis+1"],"picked":"Overpower","floor":44},{"not_picked":["SturdyDefense+1","TimeForALittleTest","GatherIntel+1","HandlingWork","DesperateStruggle","UpbeatPerformance+1"],"picked":"RatsGuideToSurvival+1","floor":46},{"not_picked":["FlamingDragonFist","Leap_lor+1","Marionette+1","PreparedMind+1","Outburst","Diversion"],"picked":"VioletBlade","floor":48},{"not_picked":["MindPrepared+1","BlowItUp+1","FleetEdge+1","DefenseOrder+1","Riposte","Reload+1"],"picked":"SharpNails","floor":55}],"player_experience":489823,"relics_obtained":[{"floor":1.0,"key":"LetterFromLob"},{"floor":10.0,"key":"TungstenRod"},{"floor":23.0,"key":"reliquary:RosewoodLute"},{"floor":26.0,"key":"reliquary:WeakTea"},{"floor":43,"key":"Darkstone Periapt"},{"floor":55,"key":"Bottled Tornado"}],"event_choices":[{"damage_healed":0.0,"max_hp_gain":0.0,"max_hp_loss":0.0,"gold_gain":0.0,"event_name":"Living Wall","player_choice":"Grow","floor":0.0,"gold_loss":0.0,"damage_taken":0.0,"cards_upgraded":["FocusedStrikes"]},{"damage_healed":0.0,"max_hp_gain":0.0,"max_hp_loss":0.0,"gold_gain":0.0,"event_name":"Liars Game","player_choice":"Ignored","floor":7.0,"gold_loss":0.0,"damage_taken":0.0},{"damage_healed":0,"gold_gain":0,"player_choice":"Ignored","damage_taken":0,"max_hp_gain":0,"max_hp_loss":0,"event_name":"Transmorgrifier","floor":39,"gold_loss":0},{"damage_healed":0,"gold_gain":100,"player_choice":"Pray","damage_taken":0,"max_hp_gain":0,"max_hp_loss":0,"event_name":"Golden Shrine","floor":45,"gold_loss":0}],"is_beta":false,"boss_relics":[{"not_picked":["Black Star","Honey Jar"],"picked":"Replay:Grab Bag"},{"not_picked":["Coffee Dripper","energizedSpire:NeverEndingSparkler"],"picked":"Busted Crown"},{"not_picked":["hubris:GrandSneckoEye","Velvet Choker"],"picked":"reliquary:Craggleroot"},{"not_picked":["hubris:BlackHole","halation:MonkeysPaw"],"picked":"PageOfBlackSwan"},{"not_picked":["Tiny House","Replay:Ancient Bell","reliquary:Ember"]}],"items_purged_floors":[],"is_endless":false,"potions_floor_spawned":[3,8,13,16,22,31,38,41],"killed_by":"The Heart","ascension_level":0}}