{"host":"91km64r0tqs2qd6z","time":1614228054,"event":{"mods":["Ascension Reborn","BaseMod","Better Altar","Better Match","Better Note","Better Sensory Stone","Better Skull","Better Third Choice","BetterRewards","Dark Map","Defuse TimeMaze Blight","Energized Spire","Evolution","Googly Eyes","Hero for Fun","Highlight Path","Infinite Spire","Minty Spire (QoL Compilation)","MostiFishMod","Permanent Neow","Poor People Problems","Quick Restart","Rare Cards Sparkle","Remove Card Discount Mod","Small Relic Pack","Spicy Shops","Spire with Friends","StSLib","The Alterego","The Blue Laboratory","The Runesmith","The Servant 0.9.4","Transform Curses"],"gold_per_floor":[114,48,48,48,62,62,92,92,116,125,200,219,108,131,131,131,245,245,272,272,272,281,123,123,142,162,162,188,197,223,74,116,116,116,220,710,725,1022,1052,1052,1077,1077,1095,1095,1119,1135,1152,1155,1167,1167,1167,1167,1167,1167,1167,1167,1198,1198,1240],"floor_reached":60,"language":"ENG","playtime":5963,"items_purged":["Defend_R","Strike_R","Strike_R","Defend_R","Defend_R","Strike_R","Strike_R","Havoc","Bash","Armaments","Headbutt","MostiFishMod:DoubleSword","Pommel Strike","Cleave","Thunderclap","MostiFishMod:BrandingRite","MostiFishMod:#F4004","MostiFishMod:#F4004+1","Ghostly Armor"],"score":1364,"play_id":"e6d07a56-f1d1-43ea-973d-a6b516864c63","local_time":"20210224234054","is_ascension_mode":false,"campfire_choices":[{"data":"Bloodletting","floor":6,"key":"SMITH"},{"data":"Blood for Blood","floor":8,"key":"SMITH"},{"data":"Heavy Blade","floor":16,"key":"SMITH"},{"data":"Feed","floor":24,"key":"SMITH"},{"data":"MostiFishMod:RacingGame","floor":34,"key":"SMITH"},{"data":"Pommel Strike","floor":42,"key":"SMITH"},{"data":"infinitespire:UltimateForm","floor":44,"key":"SMITH"},{"floor":52,"key":"RECALL"},{"data":"MostiFishMod:CullingBlade","floor":55,"key":"SMITH"}],"circlet_count":0,"master_deck":["Flex","Pommel Strike+1","Bloodletting+1","Blood for Blood+1","infinitespire:UltimateForm+1","Whirlwind","Heavy Blade+1","Feed+1","infinitespire:Gouge+1","Pommel Strike+1","Warcry+1","Bloodletting+1","MostiFishMod:CullingBlade+1","MostiFishMod:RacingGame+1","Offering","Flash of Steel+1"],"relics":["Burning Blood","EVO:Axolotl","DaveBox","BionicSphere","SynthV:TestCard","OriginationStaff","CeramicFish","Black Star","Art of War","Black Blood","Ying","infinitespire:Lucky Rock","DiscerningMonocle","Oddly Smooth Stone","infinitespire:Satchel","SynthV","infinitespire:Joker Card","CombinedTypeHook","Orichalcum","infinitespire:EmpoweringShard","ChiXiaoBlade","Happy Flower","Centennial Puzzle","SynthV:C4","Blood Vial","relicPack:DSword","Magic Flower","infinitespire:Midas Blood","infinitespire:WardingShard","Frozen Eye","Whetstone","Turnip","Nunchaku"],"acts_visited":["Exordium","TheCity","TheBeyond","TheEnding"],"potions_floor_usage":[],"damage_taken":[{"damage":0,"enemies":"Jaw Worm","floor":1,"turns":2},{"damage":0,"enemies":"2 Louse","floor":5,"turns":1},{"damage":9,"enemies":"3 Sentries","floor":7,"turns":6},{"damage":0,"enemies":"Cultist","floor":12,"turns":3},{"damage":3,"enemies":"Exordium Thugs","floor":14,"turns":2},{"damage":31,"enemies":"Hexaghost","floor":17,"turns":5},{"damage":23,"enemies":"2 Thieves","floor":19,"turns":3},{"damage":3,"enemies":"Spheric Guardian","floor":25,"turns":3},{"damage":3,"enemies":"Cultist and Chosen","floor":26,"turns":3},{"damage":3,"enemies":"Snake Plant","floor":28,"turns":2},{"damage":12,"enemies":"Snecko","floor":30,"turns":3},{"damage":23,"enemies":"Book of Stabbing","floor":32,"turns":3},{"damage":6,"enemies":"Champ","floor":35,"turns":2},{"damage":12,"enemies":"3 Shapes","floor":37,"turns":1},{"damage":6,"enemies":"3 Darklings","floor":38,"turns":1},{"damage":33,"enemies":"Transient","floor":39,"turns":2},{"damage":12,"enemies":"Writhing Mass","floor":41,"turns":1},{"damage":3,"enemies":"3 Darklings","floor":43,"turns":2},{"damage":18,"enemies":"Jaw Worm Horde","floor":46,"turns":2},{"damage":15,"enemies":"Transient","floor":47,"turns":1},{"damage":9,"enemies":"4 Shapes","floor":49,"turns":1},{"damage":12,"enemies":"Donu and Deca","floor":53,"turns":1},{"damage":12,"enemies":"Shield and Spear","floor":57,"turns":1},{"damage":81,"enemies":"The Heart","floor":59,"turns":4}],"seed_played":"1568526269905608283","potions_obtained":[{"floor":5,"key":"blueLaboratory:StoneskinPotion"},{"floor":14,"key":"PowerPotion"},{"floor":17,"key":"Weak Potion"},{"floor":25,"key":"blueLaboratory:NullPotion"},{"floor":32,"key":"blueLaboratory:HummingbirdPotion"}],"is_trial":false,"path_per_floor":["M","$","C","?","M","R","E","R","T","?","?","M","$","M","C","R","B",null,"M","?","?","AVR","$","R","M","M","T","M","?","M","$","E","C","R","B",null,"M","M","M","?","M","R","M","R","T","M","M","$","M","?","C","R","B",null,"R","$","E","C","B",null],"character_chosen":"IRONCLAD","items_purchased":["Cleave","Whirlwind","infinitespire:Lucky Rock","DiscerningMonocle","Oddly Smooth Stone","infinitespire:Satchel","SynthV","infinitespire:Joker Card","CombinedTypeHook","MostiFishMod:CullingBlade","Centennial Puzzle","SynthV:C4","Blood Vial","Flash of Steel","Magic Flower","infinitespire:Midas Blood","infinitespire:WardingShard","Frozen Eye","Whetstone"],"campfire_rested":0,"item_purchase_floors":[2,13,23,31,31,31,31,31,31,31,48,48,48,48,56,56,56,56,56],"current_hp_per_floor":[72,72,72,72,72,72,69,69,69,51,40,46,46,49,49,49,24,72,55,55,55,55,55,55,70,76,76,76,76,80,80,75,75,75,80,80,80,80,65,65,71,71,80,80,80,80,80,80,80,45,45,45,53,80,80,80,80,80,40],"gold":1240,"neow_bonus":"","is_daily":false,"chose_seed":true,"campfire_upgraded":8,"win_rate":0.0,"timestamp":1614228054,"path_taken":["M","$","C","?","M","R","E","R","T","?","?","M","?","?","C","R","BOSS","M","?","?","AVR","?","R","M","?","T","M","?","M","?","E","C","R","BOSS","M","M","M","?","?","R","M","R","T","M","M","?","M","?","C","R","BOSS","R","$","E","C","BOSS"],"items_purchased_type":["Card","Card","Relic","Relic","Relic","Relic","Relic","Relic","Relic","Card","Relic","Relic","Relic","Card","Relic","Relic","Relic","Relic","Relic"],"build_version":"2020-12-22","purchased_purges":19,"victory":true,"max_hp_per_floor":[72,72,72,72,72,72,72,72,72,72,72,72,72,72,72,72,72,72,72,72,72,72,72,72,72,76,76,76,76,80,80,80,80,80,80,80,80,80,80,80,80,80,80,80,80,80,80,80,80,80,80,80,80,80,80,80,80,80,40],"card_choices":[{"not_picked":["Shrug It Off","True Grit"],"picked":"Headbutt","floor":1},{"not_picked":["Headbutt","Berserk","Dual Wield","Flex"],"picked":"Bloodletting","floor":5},{"not_picked":["Shrug It Off","Thunderclap","Armaments","Anger"],"picked":"Blood for Blood","floor":7},{"not_picked":["infinitespire:Punishment","infinitespire:TheBestDefense"],"picked":"infinitespire:UltimateForm","floor":10},{"not_picked":["Entrench","Power Through","Pommel Strike","Flex"],"picked":"MostiFishMod:DoubleSword","floor":12},{"not_picked":["Iron Wave","Clothesline","Feel No Pain","Rage"],"picked":"Heavy Blade","floor":14},{"not_picked":["MostiFishMod:RacingGame","MostiFishMod:HellRitual","MostiFishMod:FireWorks","MostiFishMod:WingOfPhoenix"],"picked":"Feed","floor":17},{"not_picked":["MostiFishMod:BrandingRite","Havoc","Inflame","Uppercut+1"],"picked":"Thunderclap","floor":19},{"not_picked":["Body Slam","Armaments","Thunderclap","Heavy Blade"],"picked":"Pommel Strike+1","floor":25},{"not_picked":["Shrug It Off","Spot Weakness","Wild Strike","Clothesline"],"picked":"MostiFishMod:BrandingRite","floor":26},{"not_picked":["MostiFishMod:404NotFound","Cleave","Rampage","Body Slam"],"picked":"Warcry+1","floor":28},{"not_picked":["Warcry","Body Slam","Anger+1","Iron Wave"],"picked":"MostiFishMod:#F4004","floor":30},{"not_picked":["True Grit","Cleave+1","Warcry","Twin Strike"],"picked":"MostiFishMod:RacingGame","floor":32},{"not_picked":["Demon Form","Fiend Fire","Double Tap","MostiFishMod:HellRitual"],"picked":"Offering","floor":35},{"not_picked":["Sever Soul+1","Clothesline","Reckless Charge","Uppercut+1","Infernal Blade+1"],"picked":"SKIP","floor":37},{"not_picked":["Armaments","Twin Strike+1","Feel No Pain+1","Evolve","Clothesline+1"],"picked":"SKIP","floor":38},{"not_picked":["Clothesline+1","Heavy Blade+1","Iron Wave","Inflame","Fire Breathing"],"picked":"SKIP","floor":39},{"not_picked":["Inflame+1","Entrench","Thunderclap+1","Cleave+1"],"picked":"MostiFishMod:#F4004+1","floor":41},{"not_picked":["Rage","Havoc","Flame Barrier","Perfected Strike","Pommel Strike+1"],"picked":"SKIP","floor":43},{"not_picked":["Armaments+1","Anger","Flex+1","Twin Strike","Bludgeon"],"picked":"SKIP","floor":46},{"not_picked":["Heavy Blade","Sword Boomerang","Spot Weakness+1","Iron Wave+1","Headbutt+1"],"picked":"SKIP","floor":47},{"not_picked":["Searing Blow","MostiFishMod:#F4004+1","Anger+1","Wild Strike","Cleave+1"],"picked":"SKIP","floor":49},{"not_picked":["True Grit","Clash","Burning Pact+1","Body Slam","Wild Strike+1"],"picked":"SKIP","floor":57}],"player_experience":68770,"relics_obtained":[{"floor":1,"key":"SynthV:TestCard"},{"floor":7,"key":"OriginationStaff"},{"floor":9,"key":"CeramicFish"},{"floor":32,"key":"Orichalcum"},{"floor":32,"key":"infinitespire:EmpoweringShard"},{"floor":45,"key":"Happy Flower"},{"floor":57,"key":"Turnip"},{"floor":57,"key":"Nunchaku"}],"event_choices":[{"damage_healed":0,"gold_gain":75,"player_choice":"Gold","damage_taken":11,"max_hp_gain":0,"max_hp_loss":0,"event_name":"betterThird:BetterGoop","floor":11,"gold_loss":0},{"damage_healed":0,"gold_gain":0,"player_choice":"Gave Potion","damage_taken":0,"relics_obtained":["Art of War"],"max_hp_gain":0,"max_hp_loss":0,"event_name":"WeMeetAgain","floor":20,"gold_loss":0},{"cards_removed":["Pummel"],"damage_healed":0,"gold_gain":0,"player_choice":"Purged","damage_taken":0,"max_hp_gain":0,"max_hp_loss":0,"event_name":"Purifier","floor":21,"gold_loss":0},{"damage_healed":0,"gold_gain":0,"player_choice":"Copied","damage_taken":0,"max_hp_gain":0,"max_hp_loss":0,"event_name":"Duplicator","floor":29,"gold_loss":0,"cards_obtained":["Bloodletting"]},{"damage_healed":0,"gold_gain":0,"player_choice":"Bought 0 Potions","damage_taken":0,"max_hp_gain":0,"max_hp_loss":0,"event_name":"The Woman in Blue","floor":40,"gold_loss":0}],"is_beta":false,"boss_relics":[{"not_picked":["Runic Pyramid","relicPack:StarArrow"],"picked":"Black Star"},{"not_picked":["infinitespire:Cupcake","energizedSpire:HugeHouse"],"picked":"ChiXiaoBlade"}],"items_purged_floors":[2,2,2,2,2,2,2,13,13,13,13,23,31,31,31,31,48,48,48],"is_endless":false,"potions_floor_spawned":[5,14,17,25,32,35,41,43,47,49,57],"ascension_level":0}}