{"host":"qrt7o4dq2qslzw13","time":1614236106,"event":{"mods":["AchievementEnabler","BaseMod","Colored Map","Colored Powertips","Minty Spire (QoL Compilation)","Quick Restart","StSLib","SuperFastMode"],"gold_per_floor":[118,293,293,307,324,349,314,314,338,358,370,370,386,398,398,502,502,442,442,442,442,442,442,442,442,442,442,207,207,207,207,207,207,207],"floor_reached":33,"language":"ENG","playtime":955,"items_purged":[],"score":555,"play_id":"434a8db1-4423-4fc1-b7e4-e62deb651ed8","local_time":"20210225015506","is_ascension_mode":true,"campfire_choices":[{"floor":12.0,"key":"REST"},{"floor":15.0,"key":"REST"},{"floor":23.0,"key":"REST"},{"data":"Bullet Time","floor":25.0,"key":"SMITH"},{"floor":30,"key":"REST"},{"floor":32,"key":"REST"}],"circlet_count":0,"master_deck":["AscendersBane","Strike_G","Strike_G","Strike_G","Strike_G","Strike_G","Defend_G","Defend_G","Defend_G","Defend_G","Survivor","Neutralize","Decay","Apotheosis+1","Leg Sweep+1","Doubt","Poisoned Stab","Slice","Venomology","Finisher","Deadly Poison","Bane","Phantasmal Killer","Bullet Time+1","Catalyst","Bane","Escape Plan","Footwork","Writhe","Purity","Madness"],"relics":["Ring of the Snake","Art of War","Du-Vu Doll","Akabeko","Ectoplasm","Matryoshka","Snake Skull","WingedGreaves"],"acts_visited":["TheCity"],"potions_floor_usage":[27,33,33],"damage_taken":[{"damage":13.0,"enemies":"Small Slimes","floor":1.0,"turns":5.0},{"damage":3.0,"enemies":"2 Louse","floor":4.0,"turns":4.0},{"damage":4.0,"enemies":"Cultist","floor":5.0,"turns":4.0},{"damage":21.0,"enemies":"Gremlin Nob","floor":6.0,"turns":5.0},{"damage":2.0,"enemies":"Exordium Thugs","floor":10.0,"turns":4.0},{"damage":0.0,"enemies":"3 Louse","floor":11.0,"turns":1.0},{"damage":6.0,"enemies":"Red Slaver","floor":13.0,"turns":2.0},{"damage":0.0,"enemies":"2 Fungi Beasts","floor":14.0,"turns":2.0},{"damage":18.0,"enemies":"Hexaghost","floor":16.0,"turns":8.0},{"damage":8.0,"enemies":"2 Thieves","floor":18.0,"turns":4.0},{"damage":4.0,"enemies":"3 Byrds","floor":21.0,"turns":5.0},{"damage":13.0,"enemies":"Snake Plant","floor":24.0,"turns":4.0},{"damage":33,"enemies":"Shelled Parasite and Fungi","floor":27,"turns":4},{"damage":55,"enemies":"Collector","floor":33,"turns":9}],"seed_played":"-114243567150211392","potions_obtained":[{"floor":1.0,"key":"Poison Potion"},{"floor":4.0,"key":"SkillPotion"},{"floor":5.0,"key":"Regen Potion"},{"floor":10.0,"key":"AttackPotion"},{"floor":14.0,"key":"Regen Potion"},{"floor":27,"key":"AttackPotion"}],"is_trial":false,"path_per_floor":["M","?","?","M","M","E","?","?","T","M","M","R","M","M","R","B",null,"M","?","$","M","$","R","M","R","T","M","$","?","R","?","R","B"],"character_chosen":"THE_SILENT","items_purchased":["Snake Skull","Footwork"],"campfire_rested":5,"item_purchase_floors":[28,28],"current_hp_per_floor":[50,50,47,44,40,33,50,36,36,34,34,55,49,49,70,64,69,61,61,61,57,57,70,57,57,57,24,24,24,45,26,47,20,20],"gold":207,"neow_bonus":"RANDOM_COLORLESS_2","is_daily":false,"chose_seed":false,"campfire_upgraded":1,"win_rate":0.0,"timestamp":1614236106,"path_taken":["M","?","?","M","M","E","?","?","T","M","M","R","M","M","R","BOSS","M","?","$","?","$","R","M","R","T","M","$","?","R","?","R","BOSS"],"items_purchased_type":["Relic","Card"],"build_version":"2020-12-22","purchased_purges":0,"victory":false,"max_hp_per_floor":[70,70,70,70,70,70,70,70,70,70,70,70,70,70,70,70,70,70,70,70,70,70,70,70,70,70,70,70,70,70,70,70,70,70],"card_choices":[{"not_picked":["Thinking Ahead","Violence"],"picked":"Apotheosis","floor":0.0},{"not_picked":["Blade Dance","Acrobatics"],"picked":"Leg Sweep","floor":1.0},{"not_picked":["Deflect","Blade Dance"],"picked":"Poisoned Stab","floor":4.0},{"not_picked":["Well Laid Plans","Cloak And Dagger"],"picked":"Slice","floor":5.0},{"not_picked":["Slice","Masterful Stab"],"picked":"Venomology","floor":6.0},{"not_picked":["Blur","Acrobatics"],"picked":"Finisher","floor":10.0},{"not_picked":["Noxious Fumes","Concentrate"],"picked":"Deadly Poison","floor":11.0},{"not_picked":["Cloak And Dagger","Blur"],"picked":"Bane","floor":13.0},{"not_picked":["Dagger Throw","Accuracy"],"picked":"Phantasmal Killer","floor":14.0},{"not_picked":["Malaise","Wraith Form v2"],"picked":"Bullet Time","floor":16.0},{"not_picked":["Flying Knee","Deadly Poison"],"picked":"Catalyst","floor":18.0},{"not_picked":["Skewer","Acrobatics","Flying Knee"],"picked":"SKIP","floor":21.0},{"not_picked":["Dodge and Roll","Deadly Poison"],"picked":"Bane","floor":24.0},{"not_picked":["Blade Dance","Deadly Poison"],"picked":"Escape Plan","floor":27}],"player_experience":643990,"relics_obtained":[{"floor":6.0,"key":"Du-Vu Doll"},{"floor":9.0,"key":"Akabeko"},{"floor":26.0,"key":"Matryoshka"}],"event_choices":[{"damage_healed":0.0,"max_hp_gain":0.0,"max_hp_loss":0.0,"gold_gain":175.0,"event_name":"Liars Game","player_choice":"AGREE","floor":2.0,"gold_loss":0.0,"damage_taken":0.0,"cards_obtained":["Doubt"]},{"damage_healed":0.0,"max_hp_gain":0.0,"max_hp_loss":0.0,"gold_gain":0.0,"event_name":"Scrap Ooze","player_choice":"Success","floor":3.0,"gold_loss":0.0,"damage_taken":3.0,"relics_obtained":["Art of War"]},{"damage_healed":17.0,"max_hp_gain":0.0,"max_hp_loss":0.0,"gold_gain":0.0,"event_name":"The Cleric","player_choice":"Healed","floor":7.0,"gold_loss":35.0,"damage_taken":0.0},{"damage_healed":0.0,"max_hp_gain":0.0,"max_hp_loss":0.0,"gold_gain":0.0,"event_name":"Shining Light","player_choice":"Entered Light","floor":8.0,"gold_loss":0.0,"damage_taken":14.0,"cards_upgraded":["Apotheosis","Leg Sweep"]},{"cards_removed":["Defend_G"],"damage_healed":0.0,"max_hp_gain":0.0,"max_hp_loss":0.0,"gold_gain":0.0,"event_name":"Bonfire Elementals","player_choice":"Offered Basic","floor":19.0,"gold_loss":0.0,"damage_taken":0.0},{"damage_healed":0,"gold_gain":0,"player_choice":"Opened","damage_taken":0,"relics_obtained":["WingedGreaves"],"max_hp_gain":0,"max_hp_loss":0,"event_name":"The Mausoleum","floor":29,"gold_loss":0,"cards_obtained":["Writhe"]},{"damage_healed":0,"gold_gain":0,"player_choice":"CARD CARD ","damage_taken":19,"max_hp_gain":0,"max_hp_loss":0,"event_name":"Knowing Skull","floor":31,"potions_obtained":[],"gold_loss":0,"cards_obtained":["Purity","Madness"]}],"is_beta":false,"boss_relics":[{"not_picked":["WristBlade","Velvet Choker"],"picked":"Ectoplasm"}],"items_purged_floors":[],"is_endless":false,"potions_floor_spawned":[1,4,5,10,14,27],"killed_by":"Collector","ascension_level":12}}