{"host":"m6aaltr68g9tvoay","time":1614220615,"event":{"mods":["AchievementEnabler","BaseMod","Colored Map","Downfall","Minty Spire (QoL Compilation)","Slay the Relics Exporter","StSLib"],"gold_per_floor":[99,115,115,126,143,168,168,68,96,96,31,50,50,65,75,151,151,151,162,72,92,111,140,140,40,60,60,90,90,90,108,123,200,200,200,214,226,244,271,271,271,271,271,287,287,277,277,122,139,139],"floor_reached":51,"language":"ENG","playtime":4776,"items_purged":["bronze:Strike","bronze:Allocate"],"score":1162,"play_id":"9bd8568d-050b-46aa-9aaa-fd7be75d0d74","local_time":"20210224183655","is_ascension_mode":true,"campfire_choices":[{"floor":1,"key":"RECALL"},{"floor":8,"key":"REST"},{"floor":10,"key":"REST"},{"data":"bronze:Spike","floor":18,"key":"SMITH"},{"floor":25,"key":"REST"},{"data":"bronze:Frontload","floor":27,"key":"SMITH"},{"data":"bronze:Flail","floor":29,"key":"SMITH"},{"data":"bronze:RecursiveStrike","floor":35,"key":"SMITH"},{"data":"bronze:InfiniteLoop","floor":40,"key":"SMITH"},{"data":"bronze:FollowUp","floor":42,"key":"SMITH"},{"floor":45,"key":"REST"},{"data":"expansioncontent:YouAreMine","floor":47,"key":"SMITH"}],"circlet_count":0,"master_deck":["AscendersBane","bronze:Strike","bronze:Strike","bronze:Defend+1","bronze:Defend","bronze:Defend","bronze:Defend","bronze:Replicate","bronze:Goto","bronze:WhirlingStrike+1","bronze:ChosenStrike","bronze:Frontload+1","bronze:DelayedSlice","bronze:ChildClass+1","bronze:OilSpill","bronze:Spike+1","bronze:FollowUp+1","bronze:RecursiveStrike+1","bronze:Flail+1","bronze:Branch","bronze:InfiniteLoop+1","bronze:Boost","expansioncontent:LastStand+1","bronze:Verify+1","expansioncontent:YouAreMine+1","bronze:Frontload"],"relics":["bronze:PlatinumCore","Mercury Hourglass","Blood Vial","downfall:HeartBlessingRed","Bag of Preparation","sneckomod:SneckoTalon","Red Mask","downfall:HeartBlessingBlue","Frozen Egg 2","PreservedInsect","War Paint","Lantern","Bronze Scales"],"acts_visited":["Exordium","TheCity","TheBeyond"],"potions_floor_usage":[6,9,9,13,16,23,28,33,50,50],"damage_taken":[{"damage":7,"enemies":"Jaw Worm","floor":2,"turns":5},{"damage":0,"enemies":"Cultist","floor":4,"turns":4},{"damage":0,"enemies":"Small Slimes","floor":5,"turns":2},{"damage":44,"enemies":"Gremlin Nob","floor":6,"turns":5},{"damage":30,"enemies":"Lagavulin","floor":9,"turns":4},{"damage":5,"enemies":"downfall:FleeingMerchant","floor":11,"turns":4},{"damage":4,"enemies":"Exordium Wildlife","floor":12,"turns":4},{"damage":3,"enemies":"Exordium Wildlife","floor":13,"turns":3},{"damage":0,"enemies":"Red Slaver","floor":14,"turns":3},{"damage":0,"enemies":"Large Slime","floor":15,"turns":3},{"damage":0,"enemies":"SI_SHIV_ARCHETYPE","floor":16,"turns":7},{"damage":18,"enemies":"Shell Parasite","floor":19,"turns":4},{"damage":4,"enemies":"downfall:FleeingMerchant","floor":20,"turns":4},{"damage":12,"enemies":"Chosen","floor":21,"turns":2},{"damage":0,"enemies":"3 Cultists","floor":22,"turns":2},{"damage":0,"enemies":"Masked Bandits","floor":23,"turns":2},{"damage":0,"enemies":"Cultist and Chosen","floor":26,"turns":3},{"damage":0,"enemies":"Slavers","floor":28,"turns":2},{"damage":0,"enemies":"Snecko","floor":31,"turns":2},{"damage":0,"enemies":"Centurion and Healer","floor":32,"turns":2},{"damage":48,"enemies":"DF_ARCHETYPE_CLAW","floor":33,"turns":8},{"damage":0,"enemies":"Orb Walker","floor":36,"turns":2},{"damage":7,"enemies":"3 Darklings","floor":37,"turns":2},{"damage":0,"enemies":"Jaw Worm Horde","floor":38,"turns":1},{"damage":11,"enemies":"Maw","floor":44,"turns":5},{"damage":8,"enemies":"downfall:FleeingMerchant","floor":46,"turns":3},{"damage":16,"enemies":"4 Shapes","floor":49,"turns":4},{"damage":33,"enemies":"WA_ARCHETYPE_DIVINITY","floor":50,"turns":8}],"seed_played":"1522991282378857796","potions_obtained":[{"floor":0,"key":"LiquidBronze"},{"floor":0,"key":"bronze:BuildAFunctionPotion"},{"floor":4,"key":"Regen Potion"},{"floor":6,"key":"SpeedPotion"},{"floor":12,"key":"PowerPotion"},{"floor":14,"key":"Block Potion"},{"floor":16,"key":"BlessingOfTheForge"},{"floor":26,"key":"Strength Potion"},{"floor":31,"key":"SpeedPotion"},{"floor":33,"key":"Dexterity Potion"},{"floor":44,"key":"LiquidBronze"}],"is_trial":false,"path_per_floor":["R","M","?","M","M","E","T","R","E","R","$","M","?","M","M","B",null,"R","M","$","M","M","?","T","R","M","R","E","R","?","M","M","B",null,"R","M","M","M","?","R","T","R","?","M","R","$","R","$","M","B",null],"character_chosen":"THE_AUTOMATON","items_purchased":["Block Potion","Lantern","expansioncontent:YouAreMine","Bronze Scales"],"campfire_rested":4,"item_purchase_floors":[11,46,46,48],"current_hp_per_floor":[63,56,56,56,56,26,26,47,19,40,37,35,34,36,38,40,63,63,47,45,35,37,39,39,73,75,75,77,77,77,79,80,32,68,68,70,65,67,67,67,67,67,67,58,80,72,72,72,58,27],"gold":139,"neow_bonus":"THREE_SMALL_POTIONS","is_daily":false,"chose_seed":false,"campfire_upgraded":7,"win_rate":0.0,"timestamp":1614220615,"path_taken":["R","M","?","M","?","E","T","R","E","R","$","M","?","M","M","BOSS","R","M","$","M","M","?","T","R","M","R","E","R","?","?","M","BOSS","R","M","M","M","?","R","T","R","?","M","R","$","R","?","M","BOSS"],"items_purchased_type":["Potion","Relic","Card","Relic"],"build_version":"2020-12-22","purchased_purges":2,"victory":true,"max_hp_per_floor":[70,70,70,70,70,70,70,70,70,70,70,70,70,70,70,70,70,70,70,70,70,70,70,70,80,80,80,80,80,80,80,80,80,80,80,80,80,80,80,80,80,80,80,80,80,80,80,80,80,80],"card_choices":[{"not_picked":["bronze:FollowUp","bronze:Frontload"],"picked":"bronze:WhirlingStrike","floor":2},{"not_picked":["bronze:DelayedSlice","bronze:CloningBeam"],"picked":"bronze:ChosenStrike","floor":4},{"not_picked":["bronze:GetLatest","bronze:BuggyMess"],"picked":"bronze:Frontload","floor":5},{"not_picked":["bronze:ThunderWave","bronze:Shell"],"picked":"bronze:DelayedSlice","floor":6},{"not_picked":["bronze:DigitalCarnage","bronze:WhirlingStrike","bronze:CleanCode"],"picked":"SKIP","floor":9},{"not_picked":["bronze:OilSpill","bronze:CutThrough"],"picked":"bronze:ChildClass","floor":11},{"not_picked":["bronze:ItsAFeature","bronze:Terminator"],"picked":"bronze:OilSpill","floor":12},{"not_picked":[],"picked":"bronze:Spike","floor":13},{"not_picked":["bronze:Separator","bronze:DigitalCarnage"],"picked":"bronze:FollowUp","floor":14},{"not_picked":["bronze:Fortify","bronze:Philosophize","bronze:DelayedGuard"],"picked":"SKIP","floor":15},{"not_picked":["bronze:HyperBeam","bronze:Hardcode"],"picked":"bronze:RecursiveStrike","floor":16},{"not_picked":["bronze:Branch","bronze:DigitalCarnage+1"],"picked":"bronze:Flail","floor":19},{"not_picked":["bronze:FollowUp","bronze:NullPointer"],"picked":"bronze:Branch","floor":20},{"not_picked":["bronze:Iterate","bronze:Branch","bronze:DelayedSlice"],"picked":"SKIP","floor":21},{"not_picked":["bronze:Deprecate","bronze:Overheat+1","bronze:CloningBeam"],"picked":"SKIP","floor":22},{"not_picked":["bronze:DelayedGuard+1","bronze:Deprecate","bronze:Iterate"],"picked":"SKIP","floor":26},{"not_picked":["bronze:CloningBeam","bronze:Constructor","bronze:Terminator+1"],"picked":"SKIP","floor":28},{"not_picked":["bronze:ChosenStrike+1","bronze:Mutator+1","bronze:Return"],"picked":"SKIP","floor":31},{"not_picked":["bronze:Invalidate","bronze:ChosenStrike+1","bronze:Flail"],"picked":"SKIP","floor":32},{"not_picked":["bronze:AlphaBuild","bronze:ThunderWave"],"picked":"bronze:InfiniteLoop","floor":33},{"not_picked":["bronze:BugBarrage+1","bronze:CutThrough"],"picked":"bronze:Boost","floor":36},{"not_picked":["bronze:Branch+1","bronze:BugBarrage","bronze:BuggyMess"],"picked":"SKIP","floor":37},{"not_picked":["bronze:CutThrough+1","bronze:BitShift","bronze:WildBeam"],"picked":"SKIP","floor":38},{"not_picked":["expansioncontent:Chronoboost","expansioncontent:Hexaburn"],"picked":"expansioncontent:LastStand","floor":43},{"not_picked":["bronze:Repulsor+1","bronze:GetLatest"],"picked":"bronze:Verify+1","floor":44},{"not_picked":["bronze:ClassDefault+1","bronze:ForLoop+1","bronze:Invalidate"],"picked":"SKIP","floor":46},{"not_picked":["bronze:ForLoop","bronze:Turbo"],"picked":"bronze:Frontload","floor":49}],"player_experience":1914338,"relics_obtained":[{"floor":6,"key":"Mercury Hourglass"},{"floor":7,"key":"Blood Vial"},{"floor":9,"key":"Bag of Preparation"},{"floor":23,"key":"Red Mask"},{"floor":28,"key":"Frozen Egg 2"},{"floor":39,"key":"PreservedInsect"},{"floor":41,"key":"War Paint"}],"event_choices":[{"damage_healed":0,"gold_gain":0,"player_choice":"Fought Bandits","damage_taken":0,"max_hp_gain":0,"max_hp_loss":0,"event_name":"Masked Bandits","floor":23,"gold_loss":0}],"is_beta":false,"boss_relics":[{"not_picked":["Tiny House","Philosopher\u0027s Stone"],"picked":"sneckomod:SneckoTalon"},{"not_picked":["SlaversCollar","SacredBark"],"picked":"bronze:PlatinumCore"}],"items_purged_floors":[20,46],"is_endless":false,"potions_floor_spawned":[4,6,12,14,15,16,22,26,31,33,36,44,49],"ascension_level":13}}