{"host":"fuszjwm6fqgjjp4d","time":1614227893,"event":{"mods":["BaseMod","Colored Map","Minty Spire (QoL Compilation)","Permanent Neow","Relic Sorter","Relic Stats","StSLib"],"gold_per_floor":[112,122,122,140,212,237,237,249,249,277,297,325,43,57,57,133,133,152,152,162,162,178,178,189,114,114,130,161,161,161],"floor_reached":29,"language":"ENG","playtime":781,"items_purged":[],"score":589,"play_id":"d983307f-aa63-4c45-bb9c-be21d18a3bd3","local_time":"20210224223813","is_ascension_mode":true,"campfire_choices":[{"data":"ForeignInfluence","floor":7.0,"key":"SMITH"},{"data":"Eruption","floor":15.0,"key":"SMITH"},{"data":"Judgement","floor":23.0,"key":"SMITH"}],"circlet_count":0,"master_deck":["AscendersBane","Defend_P","Defend_P","Eruption+1","Vigilance","Judgement+1","SandsOfTime","ForeignInfluence+1","EmptyFist","Evaluate","FlyingSleeves","Evaluate","SpiritShield","EmptyBody","CarveReality","Judgement+1","Meditate+1","Consecrate+1","Indignation+1","FearNoEvil","CutThroughFate","BattleHymn"],"relics":["PureWater","Blue Candle","Dead Branch","CaptainsWheel","Odd Mushroom","StrikeDummy","Astrolabe","Pear","Akabeko"],"acts_visited":["Exordium","TheCity"],"potions_floor_usage":[28,28],"damage_taken":[{"damage":0.0,"enemies":"Jaw Worm","floor":1.0,"turns":4.0},{"damage":0.0,"enemies":"2 Louse","floor":2.0,"turns":2.0},{"damage":0.0,"enemies":"Small Slimes","floor":4.0,"turns":1.0},{"damage":11.0,"enemies":"Lagavulin","floor":6.0,"turns":6.0},{"damage":0.0,"enemies":"Exordium Wildlife","floor":8.0,"turns":3.0},{"damage":0.0,"enemies":"Gremlin Nob","floor":10.0,"turns":3.0},{"damage":3.0,"enemies":"3 Louse","floor":11.0,"turns":4.0},{"damage":15.0,"enemies":"The Mushroom Lair","floor":12.0,"turns":2.0},{"damage":0.0,"enemies":"Large Slime","floor":14.0,"turns":4.0},{"damage":16.0,"enemies":"Hexaghost","floor":16.0,"turns":9.0},{"damage":0.0,"enemies":"Spheric Guardian","floor":18.0,"turns":1.0},{"damage":0.0,"enemies":"Chosen","floor":20.0,"turns":2.0},{"damage":15.0,"enemies":"Centurion and Healer","floor":22.0,"turns":3.0},{"damage":4.0,"enemies":"3 Cultists","floor":24.0,"turns":4.0},{"damage":0.0,"enemies":"Chosen and Byrds","floor":27.0,"turns":2.0},{"damage":22,"enemies":"Book of Stabbing","floor":28,"turns":5},{"damage":8,"enemies":"Snake Plant","floor":29,"turns":1}],"seed_played":"8045268450089040614","potions_obtained":[{"floor":1.0,"key":"BottledMiracle"},{"floor":8.0,"key":"SpeedPotion"},{"floor":10.0,"key":"Fruit Juice"},{"floor":12.0,"key":"Energy Potion"},{"floor":16.0,"key":"EssenceOfSteel"},{"floor":18.0,"key":"DistilledChaos"},{"floor":22.0,"key":"Weak Potion"},{"floor":27.0,"key":"Swift Potion"}],"is_trial":false,"path_per_floor":["M","M","?","M","?","E","R","M","T","E","M","?","$","M","R","B",null,"M","?","M","?","M","R","M","?","T","M","E","M"],"character_chosen":"WATCHER","items_purchased":["StrikeDummy"],"campfire_rested":0,"item_purchase_floors":[13],"current_hp_per_floor":[43,43,43,43,43,32,32,32,32,37,34,19,19,19,19,3,56,56,35,35,35,20,20,16,16,26,26,4,0,0],"gold":161,"neow_bonus":"TRANSFORM_TWO_CARDS","is_daily":false,"chose_seed":false,"campfire_upgraded":3,"win_rate":0.0,"timestamp":1614227893,"path_taken":["M","M","?","M","?","E","R","M","T","E","M","?","$","M","R","BOSS","M","?","M","?","M","R","M","?","T","M","E","M"],"items_purchased_type":["Relic"],"build_version":"2020-12-22","purchased_purges":0,"victory":false,"max_hp_per_floor":[68,68,68,68,68,68,68,68,68,73,73,73,73,73,73,73,73,73,78,78,78,78,78,78,78,88,88,88,88,88],"relic_stats":{"counters":[17,56],"Blue Candle":[1],"Dead Branch":[40],"Astrolabe":["Meditate","Consecrate","Indignation"],"obtain_stats":[{"CaptainsWheel":10,"Pear":26,"Blue Candle":6,"Dead Branch":9,"Astrolabe":17,"PureWater":0,"Odd Mushroom":12,"StrikeDummy":13,"Akabeko":28},{"CaptainsWheel":6,"Pear":14,"Blue Candle":4,"Dead Branch":5,"Astrolabe":10,"PureWater":0,"Odd Mushroom":8,"StrikeDummy":8,"Akabeko":16},{"CaptainsWheel":19,"Pear":48,"Blue Candle":13,"Dead Branch":16,"Astrolabe":38,"PureWater":0,"Odd Mushroom":25,"StrikeDummy":25,"Akabeko":55}]},"card_choices":[{"not_picked":["SignatureMove","BowlingBash"],"picked":"ForeignInfluence","floor":1.0},{"not_picked":["ClearTheMind","Indignation"],"picked":"EmptyFist","floor":2.0},{"not_picked":["EmptyMind","Prostrate"],"picked":"Evaluate","floor":4.0},{"not_picked":["SashWhip","Consecrate"],"picked":"FlyingSleeves","floor":6.0},{"not_picked":["Pray","SandsOfTime"],"picked":"Evaluate","floor":8.0},{"not_picked":["Protect","SashWhip"],"picked":"SpiritShield","floor":10.0},{"not_picked":["LikeWater","EmptyFist"],"picked":"EmptyBody","floor":11.0},{"not_picked":["ThirdEye","SashWhip"],"picked":"CarveReality","floor":14.0},{"not_picked":["Wish","ConjureBlade"],"picked":"Judgement","floor":16.0},{"not_picked":["WreathOfFlame+1","ThirdEye"],"picked":"FearNoEvil","floor":18.0},{"not_picked":["PathToVictory","ThirdEye","Consecrate"],"picked":"SKIP","floor":20.0},{"not_picked":["Swivel","ClearTheMind"],"picked":"BattleHymn","floor":22.0},{"not_picked":["FlurryOfBlows","SashWhip+1","MentalFortress"],"picked":"SKIP","floor":24.0},{"not_picked":["JustLucky","WaveOfTheHand","Prostrate"],"picked":"SKIP","floor":27.0},{"not_picked":["SignatureMove","Meditate","Study+1"],"picked":"SKIP","floor":28}],"player_experience":1539415,"relics_obtained":[{"floor":6.0,"key":"Blue Candle"},{"floor":9.0,"key":"Dead Branch"},{"floor":10.0,"key":"CaptainsWheel"},{"floor":12.0,"key":"Odd Mushroom"},{"floor":26.0,"key":"Pear"},{"floor":28,"key":"Akabeko"}],"event_choices":[{"damage_healed":0.0,"max_hp_gain":0.0,"max_hp_loss":0.0,"gold_gain":0.0,"event_name":"Living Wall","player_choice":"Grow","floor":3.0,"gold_loss":0.0,"damage_taken":0.0,"cards_upgraded":["Judgement"]},{"damage_healed":0.0,"max_hp_gain":0.0,"max_hp_loss":0.0,"gold_gain":72.0,"event_name":"Golden Wing","player_choice":"Gained Gold","floor":5.0,"gold_loss":0.0,"damage_taken":0.0},{"damage_healed":0.0,"max_hp_gain":0.0,"max_hp_loss":0.0,"gold_gain":0.0,"event_name":"Mushrooms","player_choice":"Fought Mushrooms","floor":12.0,"gold_loss":0.0,"damage_taken":0.0},{"damage_healed":0.0,"max_hp_gain":5.0,"max_hp_loss":0.0,"gold_gain":0.0,"event_name":"Forgotten Altar","player_choice":"Shed Blood","floor":19.0,"gold_loss":0.0,"damage_taken":26.0},{"damage_healed":0.0,"max_hp_gain":0.0,"max_hp_loss":0.0,"gold_gain":0.0,"event_name":"The Library","player_choice":"Read","floor":21.0,"gold_loss":0.0,"damage_taken":0.0,"cards_obtained":["CutThroughFate"]},{"cards_removed":["Defend_P"],"damage_healed":0.0,"max_hp_gain":0.0,"max_hp_loss":0.0,"gold_gain":0.0,"event_name":"Beggar","player_choice":"Gave Gold","floor":25.0,"gold_loss":75.0,"damage_taken":0.0}],"is_beta":false,"boss_relics":[{"not_picked":["SlaversCollar","Calling Bell"],"picked":"Astrolabe"}],"items_purged_floors":[],"is_endless":false,"potions_floor_spawned":[1,8,10,12,16,18,20,22,27],"killed_by":"Snake Plant","ascension_level":20}}