{"host":"d52brwsy6af8zvaq","time":1614292944,"event":{"mods":["AchievementEnabler","BaseMod","Bestiary","Highlight Path","Minty Spire (QoL Compilation)","Quick Restart","Relic Stats","ojb\u0027s Better Paths Mod"],"gold_per_floor":[117,135,135,145,160,160,172,172,222,272,303,303,315,315,315],"floor_reached":14,"language":"ENG","playtime":350,"items_purged":[],"score":184,"play_id":"982b2e34-7d30-49d1-a7a4-d2b8a39b6684","local_time":"20210225154224","is_ascension_mode":true,"campfire_choices":[{"data":"Zap","floor":6.0,"key":"SMITH"},{"data":"Beam Cell","floor":8.0,"key":"SMITH"},{"floor":12.0,"key":"REST"}],"circlet_count":0,"master_deck":["AscendersBane","Strike_B","Strike_B","Strike_B","Strike_B","Defend_B","Defend_B","Defend_B","Defend_B","Zap+1","Dualcast","Reinforced Body","Beam Cell+1","Go for the Eyes","Self Repair","Steam","Static Discharge"],"relics":["Cracked Core","MealTicket","Bottled Flame"],"acts_visited":["Exordium"],"potions_floor_usage":[14],"damage_taken":[{"damage":11.0,"enemies":"2 Louse","floor":1.0,"turns":5.0},{"damage":10.0,"enemies":"Jaw Worm","floor":2.0,"turns":4.0},{"damage":1.0,"enemies":"Cultist","floor":4.0,"turns":3.0},{"damage":8.0,"enemies":"Looter","floor":5.0,"turns":3.0},{"damage":13.0,"enemies":"Exordium Thugs","floor":7.0,"turns":4.0},{"damage":29.0,"enemies":"Gremlin Nob","floor":11.0,"turns":4.0},{"damage":9.0,"enemies":"Exordium Wildlife","floor":13.0,"turns":6.0},{"damage":36,"enemies":"3 Sentries","floor":14,"turns":6}],"seed_played":"6032221786116861770","potions_obtained":[{"floor":2.0,"key":"SteroidPotion"},{"floor":7.0,"key":"EssenceOfSteel"},{"floor":13.0,"key":"LiquidMemories"}],"is_trial":false,"path_per_floor":["M","M","?","M","M","R","M","R","T","?","E","R","M","E"],"character_chosen":"DEFECT","items_purchased":[],"campfire_rested":1,"item_purchase_floors":[],"current_hp_per_floor":[60,50,50,49,41,41,35,35,35,35,13,36,34,0,0],"gold":315,"neow_bonus":"TEN_PERCENT_HP_BONUS","is_daily":false,"chose_seed":false,"campfire_upgraded":2,"win_rate":0.0,"timestamp":1614292944,"path_taken":["M","M","?","M","M","R","M","R","T","?","E","R","M","E"],"items_purchased_type":[],"build_version":"2020-12-22","purchased_purges":0,"victory":false,"max_hp_per_floor":[78,78,78,78,78,78,78,78,78,78,78,78,78,78,78],"relic_stats":{"counters":[8,35],"MealTicket":0,"obtain_stats":[{"Bottled Flame":11,"MealTicket":9,"Cracked Core":0},{"Bottled Flame":6,"MealTicket":5,"Cracked Core":0},{"Bottled Flame":23,"MealTicket":19,"Cracked Core":0}]},"card_choices":[{"not_picked":["Turbo","Stack"],"picked":"Reinforced Body","floor":1.0},{"not_picked":["Hello World","Barrage"],"picked":"Beam Cell","floor":2.0},{"not_picked":["Beam Cell","Reprogram"],"picked":"Go for the Eyes","floor":4.0},{"not_picked":["Ball Lightning","Conserve Battery"],"picked":"Self Repair","floor":5.0},{"not_picked":["Turbo","Go for the Eyes","Beam Cell"],"picked":"SKIP","floor":7.0},{"not_picked":["Streamline","Reboot"],"picked":"Steam","floor":11.0},{"not_picked":["Compile Driver","FTL"],"picked":"Static Discharge","floor":13.0}],"player_experience":2375098,"relics_obtained":[{"floor":9.0,"key":"MealTicket"},{"floor":11.0,"key":"Bottled Flame"}],"event_choices":[{"damage_healed":0.0,"max_hp_gain":0.0,"max_hp_loss":0.0,"gold_gain":0.0,"event_name":"Shining Light","player_choice":"Ignored","floor":3.0,"gold_loss":0.0,"damage_taken":0.0},{"damage_healed":0.0,"max_hp_gain":0.0,"max_hp_loss":0.0,"gold_gain":50.0,"event_name":"Golden Shrine","player_choice":"Pray","floor":10.0,"gold_loss":0.0,"damage_taken":0.0}],"is_beta":false,"boss_relics":[],"items_purged_floors":[],"is_endless":false,"potions_floor_spawned":[2,7,13],"killed_by":"3 Sentries","ascension_level":20}}