{"host":"3h49aoss7u87eyhw","time":1614260944,"event":{"mods":["AchievementEnabler","BaseMod","Library of Ruina","Library of Ruina Extra","Minty Spire (QoL Compilation)","StSLib"],"gold_per_floor":[363,375,179,179,189,215,227,264,300,312,344,59,69,100,100,198,198,211,211,228,128,43,43,60,395,419,435,447,481,236,250,250,352,352,362,362,382,382,482,482,494,514,514,545,188,223,236,236,236],"floor_reached":48,"language":"ZHS","playtime":3641,"items_purged":["Unlock1","Madness"],"score":760,"play_id":"2bdc1d97-9a98-41b1-818a-89d4c7a493c0","local_time":"20210225214904","is_ascension_mode":true,"campfire_choices":[{"floor":7,"key":"REST"},{"data":"SenseQuarry","floor":15,"key":"SMITH"},{"data":"VenomousFangs","floor":23,"key":"SMITH"},{"data":"Observe","floor":32,"key":"SMITH"},{"data":"Madness","floor":40,"key":"SMITH"}],"circlet_count":0,"master_deck":["Dodge","LightDefense","LightAttack","LightAttack","LightAttack","LightDefense","LightDefense","LightDefense","ChargeAndCover","FocusedStrikes","Unlock1+1","QuickSuppression","SnakeSlit","DevastatingThrash","SenseQuarry+1","GaleKick","WildCard","VenomousFangs+1","Rewind","RepressedFlesh","Diversion+1","EnergyCycle+1","NightInTheBackstreets+1","Multislash","FleetEdge","BiAn+1","DesperateStruggle","Observe+1","GrazeTheGrass","SnakesPrey","Master of Strategy","BulkyImpact+1","Cruelty","Slice_lor+1","Madness+1","LawAndOrder+1","EnergyStrike+1","BizarreAttack+1","Overcharge+1","SetFire+1","Outburst+1"],"relics":["PageOfLibrarian","Anchor","MawBank","Pen Nib","PageOfSnowWhitesApple","Membership Card","Bronze Scales","Bag of Preparation","Coffee Dripper","Whetstone","Boot","Old Coin","PageOfTodaysShyLook","Ancient Tea Set","PageOfBigBird","Busted Crown","Oddly Smooth Stone","Bottled Flame","PageOfGalaxyChild","MealTicket","Toolbox","Blood Vial"],"acts_visited":["Exordium","TheCity","TheBeyond"],"potions_floor_usage":[27,28],"damage_taken":[{"damage":0,"enemies":"2 Louse","floor":1,"turns":3},{"damage":0,"enemies":"Cultist","floor":2,"turns":4},{"damage":0,"enemies":"Small Slimes","floor":5,"turns":3},{"damage":16,"enemies":"Gremlin Nob","floor":6,"turns":4},{"damage":21,"enemies":"Lagavulin","floor":8,"turns":5},{"damage":0,"enemies":"3 Louse","floor":11,"turns":2},{"damage":0,"enemies":"Exordium Wildlife","floor":13,"turns":3},{"damage":0,"enemies":"Gremlin Nob","floor":14,"turns":2},{"damage":0,"enemies":"Slime Boss","floor":16,"turns":3},{"damage":0,"enemies":"Chosen","floor":18,"turns":1},{"damage":0,"enemies":"3 Byrds","floor":20,"turns":3},{"damage":0,"enemies":"Cultist and Chosen","floor":24,"turns":2},{"damage":12,"enemies":"Slavers","floor":25,"turns":3},{"damage":2,"enemies":"Centurion and Healer","floor":27,"turns":2},{"damage":5,"enemies":"Shelled Parasite and Fungi","floor":28,"turns":3},{"damage":4,"enemies":"Book of Stabbing","floor":29,"turns":2},{"damage":2,"enemies":"Snecko","floor":31,"turns":2},{"damage":13,"enemies":"Champ","floor":33,"turns":3},{"damage":0,"enemies":"3 Darklings","floor":35,"turns":2},{"damage":2,"enemies":"3 Shapes","floor":37,"turns":1},{"damage":2,"enemies":"Spire Growth","floor":41,"turns":2},{"damage":19,"enemies":"Writhing Mass","floor":42,"turns":2},{"damage":3,"enemies":"Nemesis","floor":44,"turns":3},{"damage":0,"enemies":"Reptomancer","floor":46,"turns":2},{"damage":0,"enemies":"Sphere and 2 Shapes","floor":47,"turns":2},{"damage":33,"enemies":"Transient","floor":48,"turns":7}],"seed_played":"-1582258043088493666","potions_obtained":[{"floor":2,"key":"Regen Potion"},{"floor":5,"key":"Strength Potion"},{"floor":13,"key":"Dexterity Potion"},{"floor":20,"key":"FairyPotion"},{"floor":27,"key":"Fruit Juice"},{"floor":31,"key":"Explosive Potion"},{"floor":33,"key":"ColorlessPotion"}],"is_trial":false,"path_per_floor":["M","M","$","?","M","E","R","E","T","?","M","$","M","E","R","B",null,"M","?","M","$","?","R","M","E","T","M","M","E","$","M","R","B",null,"M","?","M","?","?","R","M","M","T","E","$","E","M","M"],"character_chosen":"Librarian","items_purchased":["Anchor","QuickSuppression","Membership Card","Bronze Scales","WildCard","Multislash","Whetstone","PageOfBigBird","SnakesPrey","Master of Strategy","PageOfGalaxyChild","MealTicket","Toolbox"],"campfire_rested":1,"item_purchase_floors":[3,3,12,12,12,21,21,30,30,30,45,45,45],"current_hp_per_floor":[54,54,54,54,54,41,61,45,45,45,47,47,47,47,47,47,73,73,73,73,73,73,68,68,56,56,59,63,59,59,57,57,47,73,73,64,62,62,62,62,60,41,41,38,38,45,55,32,32],"gold":236,"neow_bonus":"TWO_FIFTY_GOLD","is_daily":false,"chose_seed":false,"campfire_upgraded":4,"win_rate":0.0,"timestamp":1614260944,"path_taken":["M","M","$","?","M","E","R","E","T","?","M","$","M","E","R","BOSS","M","?","?","?","?","R","M","E","T","M","M","E","$","M","R","BOSS","M","?","M","?","?","R","M","?","T","E","$","E","M","M"],"items_purchased_type":["Relic","Card","Relic","Relic","Card","Card","Relic","Relic","Card","Card","Relic","Relic","Relic"],"build_version":"2020-12-22","purchased_purges":2,"victory":false,"max_hp_per_floor":[55,55,55,55,68,68,68,68,68,68,72,72,72,68,72,73,73,73,73,73,73,73,68,68,68,68,73,73,73,73,73,73,73,73,73,73,73,73,73,73,73,73,73,73,73,88,88,88,88],"card_choices":[{"not_picked":["HandleRequest","QuickAttack","SuanNi","NightInTheBackstreets","EndlessBattle","Bvapour","SturdyDefense","Collision"],"picked":"Unlock1","floor":1},{"not_picked":["MirageStorm","MultiHit","Struggle","FierceCharge","ToOvercomeCrisis","EnergyShield","EnergyStrike","ToWhereThePrescriptPoints"],"picked":"StartinOutLightly","floor":2},{"not_picked":["FocusFire","Outburst","UncannyStrike","BackAttack","FierceCharge","SpearedSweep","WaitUp","AutonomousRush"],"picked":"SnakeSlit","floor":5},{"not_picked":["GaleKick","EnergyStrike","EndlessBattle","Quickness","TrimTheIngredients","TendonChords","LoosenUp","VenomousFangs"],"picked":"Unlock1","floor":6},{"not_picked":["EnergyStrike","EndlessBattle","Struggle","Tttonst","Cruelty","HeavyPeaks","FierceCharge","PinpointShot"],"picked":"DevastatingThrash","floor":8},{"not_picked":["GreatSerpentsImpact","ShrineToMusic","Standoff","StrongStrike","CookingPrep","NightInTheBackstreets","SerpentSwordTechnique","CoordinatedAssault"],"picked":"GaleKick","floor":11},{"not_picked":["Faith","PreparedMind","Pound","EnergyStrike","CookingPrep","TendonChords","UpbeatPerformance","SnakesPrey"],"picked":"VenomousFangs","floor":13},{"not_picked":["PreemptiveStrike","SerpentSwordTechnique","BackAttack","SmokingPipe","Decapitation","HighKick","EmotionalTurbulence","SinglePointStab"],"picked":"Rewind","floor":14},{"not_picked":["GoinFirst","FormingStorm"],"picked":"RepressedFlesh","floor":16},{"not_picked":["EndlessBattle","BackAttack","SuppressingShot","Overcharge","TrashDisposal","PreemptiveStrike","BurningFlash+1","ViolentFlame"],"picked":"Diversion+1","floor":18},{"not_picked":["DestructiveImpact","QuickSuppression","SenseQuarry","GaleKick+1","BiAn","WillOfThePrescript","AsThePrescriptOrders","GreatSerpentsImpact"],"picked":"NightInTheBackstreets+1","floor":20},{"not_picked":["BoundaryOfDeath","NightInTheBackstreets","StartinOutLightly+1","Outburst","AGoldenOpportunity","SinglePointStab","TrashDisposal","EnergyShield"],"picked":"FleetEdge","floor":24},{"not_picked":["PinpointShot","Pound","NightInTheBackstreets","Standoff","BackAttack","Deflect_lor","Parry","StrikeDown"],"picked":"BiAn+1","floor":25},{"not_picked":["DarkCloud","Leap_lor","ViolentFlame","Execute_lor","DestructiveImpact","GuidanceOfTheGears","StartinOutLightly","HiddenBlade+1"],"picked":"DesperateStruggle","floor":27},{"not_picked":["SuppressingShot","Unlock1","BladeWhirl","Pound+1","EnergyStrike","Marionette","DesperateStruggle","SunsetBlade"],"picked":"Observe","floor":28},{"not_picked":["WaitUp","CombatPreparation","Quickness","SpearedSweep","RatsGuideToSurvival","Duel_lor","FierceCharge","SomberProcuration+1"],"picked":"GrazeTheGrass","floor":29},{"not_picked":["OpportunitySpotted+1","FlashOfSunup","StartinOutLightly","YourShield","EmotionalTurbulence","MultiHit","Diversion","Endure+1"],"picked":"BulkyImpact+1","floor":31},{"not_picked":["WillProduceFineSilk","EmotionalTurbulence"],"picked":"Cruelty","floor":33},{"not_picked":["ReadyUp","FlashingStrike+1","SkyClearingCut","Faith+1","AssaultOrder+1","SetFire+1"],"picked":"Slice_lor+1","floor":35},{"not_picked":["SnakesPrey+1","CumulusWall","GuardingStance+1","Duel_lor+1","LossOfSenses","RatsGuideToSurvival+1"],"picked":"LawAndOrder+1","floor":37},{"not_picked":["Parry2+1","TendonChords","TasteMyFlamingBat+1","ShrineToMusic+1","PinpointShot+1","Bvapour+1"],"picked":"EnergyStrike+1","floor":41},{"not_picked":["UpbeatPerformance","SpearedSweep+1","GroundSmash","Parry2","WillOfThePrescript","RatsGuideToSurvival"],"picked":"BizarreAttack+1","floor":42},{"not_picked":["ToOvercomeCrisis+1","MultiBlock","Slice_lor+1","ScatteringSlash","Reload","EnergyStrike"],"picked":"Overcharge+1","floor":44},{"not_picked":["NightInTheBackstreets","IdentifyWeakpoint","BlazingStrike","BiAn+1","AssaultOrder","MultiHit"],"picked":"SetFire+1","floor":46},{"not_picked":["StrongStrike+1","Multislash","Thrust+1","Overcharge+1","EndlessBattle+1","UnavoidableGaze+1"],"picked":"Outburst+1","floor":47}],"player_experience":43473,"relics_obtained":[{"floor":6,"key":"MawBank"},{"floor":8,"key":"Pen Nib"},{"floor":9,"key":"PageOfSnowWhitesApple"},{"floor":14,"key":"Bag of Preparation"},{"floor":25,"key":"Old Coin"},{"floor":26,"key":"PageOfTodaysShyLook"},{"floor":29,"key":"Ancient Tea Set"},{"floor":43,"key":"Oddly Smooth Stone"},{"floor":44,"key":"Bottled Flame"},{"floor":46,"key":"Blood Vial"}],"event_choices":[{"damage_healed":0,"gold_gain":0,"player_choice":"Ignored","damage_taken":0,"max_hp_gain":0,"max_hp_loss":0,"event_name":"Golden Idol","floor":4,"gold_loss":0},{"damage_healed":0,"gold_gain":0,"cards_transformed":["StartinOutLightly"],"player_choice":"Change","damage_taken":0,"max_hp_gain":0,"max_hp_loss":0,"event_name":"Living Wall","floor":10,"gold_loss":0,"cards_obtained":["SenseQuarry"]},{"damage_healed":0,"gold_gain":0,"player_choice":"1 cards matched","damage_taken":0,"max_hp_gain":0,"max_hp_loss":0,"event_name":"Match and Keep!","floor":19,"gold_loss":0,"cards_obtained":["EnergyCycle"]},{"damage_healed":0,"gold_gain":0,"player_choice":"1 cards matched","damage_taken":0,"max_hp_gain":0,"max_hp_loss":0,"event_name":"Match and Keep!","floor":19,"gold_loss":0,"cards_obtained":["EnergyCycle"]},{"damage_healed":0,"gold_gain":0,"player_choice":"Obtained Relic","damage_taken":0,"relics_obtained":["Boot"],"max_hp_gain":0,"max_hp_loss":0,"event_name":"Addict","floor":22,"gold_loss":85},{"damage_healed":0,"gold_gain":0,"player_choice":"Embrace Madness","damage_taken":9,"max_hp_gain":0,"max_hp_loss":0,"event_name":"Winding Halls","floor":36,"gold_loss":0,"cards_obtained":["Madness","Madness"]},{"damage_healed":0,"gold_gain":0,"player_choice":"Ignored","damage_taken":0,"max_hp_gain":0,"max_hp_loss":0,"event_name":"Tomb of Lord Red Mask","floor":38,"gold_loss":0},{"damage_healed":0,"gold_gain":100,"player_choice":"Pray","damage_taken":0,"max_hp_gain":0,"max_hp_loss":0,"event_name":"Golden Shrine","floor":39,"gold_loss":0}],"is_beta":false,"boss_relics":[{"not_picked":["Velvet Choker","Snecko Eye"],"picked":"Coffee Dripper"},{"not_picked":["Astrolabe","Cursed Key"],"picked":"Busted Crown"}],"items_purged_floors":[12,45],"is_endless":false,"potions_floor_spawned":[2,5,13,14,16,20,27,31,33,42,46],"killed_by":"Transient","ascension_level":1}}