{"host":"ydb2tj77qwtn71sy","time":1614263103,"event":{"mods":["2.2 Compatiblity","AchievementEnabler","Aspiration","BaseMod","Bestiary","Better Note","Better Skull","Better Third Choice","BetterRewards","Colored Map","Colored Powertips","Conspire","DeckTracker","Displayed Cursed Tome","Infinite Spire","Lobotomy","Minty Spire (QoL Compilation)","Relic Stats","Replay The Spire","Spicy Shops","StSLib","The Blue Laboratory","Uncapped"],"gold_per_floor":[115,115,129,129,142,167,184,184,235,246,262,262,262,277,277,372,372,389,401,401,401],"floor_reached":20,"language":"ENG","playtime":1485,"items_purged":[],"score":231,"play_id":"9520749b-4b6b-4f26-a647-03deaf7f0c7e","local_time":"20210225232503","is_ascension_mode":true,"campfire_choices":[{"floor":8,"key":"REST"},{"floor":13,"key":"REST"},{"data":"Flex","floor":15,"key":"SMITH"}],"circlet_count":0,"master_deck":["Strike_R+1","Strike_R+1","Strike_R","Strike_R+1","Strike_R","Defend_R","Defend_R","Defend_R","Bash","Sword Boomerang","Pommel Strike+1","Wild Strike","Thunderclap","Heavy Blade","Thunderclap","Twin Strike","Body Slam","Flex+1","Double Tap","Havoc","Disarm"],"relics":["Burning Blood","Gremlin Food","aspiration:TomeofQuesting","Black Star"],"acts_visited":["Exordium","TheCity"],"potions_floor_usage":[10],"damage_taken":[{"damage":2,"enemies":"2 Louse","floor":1,"turns":2},{"damage":0,"enemies":"Small Slimes","floor":3,"turns":3},{"damage":7,"enemies":"conspire:RoseBush","floor":5,"turns":3},{"damage":40,"enemies":"Lagavulin","floor":6,"turns":5},{"damage":11,"enemies":"Blue Slaver","floor":7,"turns":3},{"damage":9,"enemies":"Lots of Slimes","floor":10,"turns":3},{"damage":0,"enemies":"2 Fungi Beasts","floor":11,"turns":2},{"damage":6,"enemies":"Exordium Thugs","floor":14,"turns":3},{"damage":57,"enemies":"Fading Forest","floor":16,"turns":11},{"damage":34,"enemies":"conspire:FuzzyDice","floor":18,"turns":8},{"damage":28,"enemies":"Spheric Guardian","floor":19,"turns":4},{"damage":6,"enemies":"Shelled Parasite and Fungi","floor":20,"turns":2}],"seed_played":"-897394603445482813","potions_obtained":[{"floor":3,"key":"Strength Potion"},{"floor":7,"key":"blueLaboratory:HorrorPotion"},{"floor":10,"key":"blueLaboratory:PhilterOfMotion"},{"floor":14,"key":"SteroidPotion"},{"floor":16,"key":"blueLaboratory:EmptyBottle"}],"is_trial":false,"path_per_floor":["M","?","M","$","M","E","M","R","T","M","M","?","R","M","R","B",null,"M","M","M"],"character_chosen":"IRONCLAD","items_purchased":[],"campfire_rested":2,"item_purchase_floors":[],"current_hp_per_floor":[76,76,80,80,79,45,40,64,64,61,67,67,80,80,80,47,72,44,22,16,16],"gold":401,"neow_bonus":"UPGRADE_CARD","is_daily":false,"chose_seed":false,"campfire_upgraded":1,"win_rate":0.0,"timestamp":1614263103,"path_taken":["M","?","M","$","M","E","M","R","T","M","M","?","R","?","R","BOSS","M","M","M"],"items_purchased_type":[],"build_version":"2020-12-22","purchased_purges":0,"victory":false,"max_hp_per_floor":[80,80,80,80,80,80,80,80,80,80,80,80,80,80,80,80,80,80,80,80,80],"relic_stats":{"counters":[16,66],"Black Star":0,"obtain_stats":[{"Gremlin Food":6,"CogitoBucket":0,"Molten Egg 2":5,"aspiration:TomeofQuesting":9,"Black Star":17,"Burning Blood":0},{"Gremlin Food":8,"CogitoBucket":0,"Molten Egg 2":3,"aspiration:TomeofQuesting":9,"Black Star":13,"Burning Blood":0},{"Gremlin Food":30,"CogitoBucket":0,"Molten Egg 2":11,"aspiration:TomeofQuesting":33,"Black Star":52,"Burning Blood":0}],"Burning Blood":82},"card_choices":[{"not_picked":["ReplayTheSpireMod:Strike From Hell","Feel No Pain"],"picked":"Sword Boomerang","floor":1},{"not_picked":["Seeing Red","conspire:ExplosiveBarrier"],"picked":"Wild Strike","floor":3},{"not_picked":["Wild Strike","ReplayTheSpireMod:Strike From Hell"],"picked":"Thunderclap","floor":5},{"not_picked":["ReplayTheSpireMod:Strike From Hell","Fiend Fire"],"picked":"Metallicize","floor":6},{"not_picked":["Sword Boomerang","Feel No Pain"],"picked":"Heavy Blade","floor":7},{"not_picked":["Combust","Shockwave"],"picked":"Thunderclap","floor":10},{"not_picked":["Life Link","Pommel Strike"],"picked":"Twin Strike","floor":11},{"not_picked":["Shrug It Off","Replay:Undeath\u0027s Touch"],"picked":"Flex","floor":14},{"not_picked":["Fiend Fire","Barricade"],"picked":"Double Tap","floor":16},{"not_picked":["Defy Death","Heavy Blade"],"picked":"Havoc","floor":18},{"not_picked":["Sentinel","Sword Boomerang"],"picked":"Disarm","floor":19}],"player_experience":418300,"relics_obtained":[{"floor":6,"key":"Gremlin Food"},{"floor":9,"key":"aspiration:TomeofQuesting"}],"event_choices":[{"damage_healed":0,"gold_gain":0,"cards_transformed":["Metallicize"],"player_choice":"Transformed","damage_taken":0,"max_hp_gain":0,"max_hp_loss":0,"event_name":"Transmorgrifier","floor":12,"gold_loss":0,"cards_obtained":["Body Slam"]}],"is_beta":false,"boss_relics":[{"not_picked":["aspiration:RandomNobGenerator","Astrolabe"],"picked":"Black Star"}],"items_purged_floors":[],"is_endless":false,"potions_floor_spawned":[3,7,10,14,16],"killed_by":"Shelled Parasite and Fungi","ascension_level":6}}