{"host":"p9xedk00duaz8l9n","time":1614268447,"event":{"mods":["BaseMod","Colored Map","DeckTracker","Highlight Path","Minty Spire (QoL Compilation)","Relic Stats","SuperFastMode"],"gold_per_floor":[212,14,25,44,54,68,68,68,94,94,94,94,114,139,139,139,139],"floor_reached":16,"language":"JPN","playtime":525,"items_purged":[],"score":224,"play_id":"01c1eeac-c043-4576-b857-e9d1e8e26e3c","local_time":"20210226005407","is_ascension_mode":true,"campfire_choices":[{"data":"Clothesline","floor":7,"key":"SMITH"},{"data":"Whirlwind","floor":10,"key":"SMITH"},{"data":"True Grit","floor":12,"key":"SMITH"},{"floor":15,"key":"REST"}],"circlet_count":0,"master_deck":["AscendersBane","Strike_R","Strike_R","Strike_R","Strike_R","Strike_R","Defend_R","Defend_R","Defend_R","Defend_R","Bash","Whirlwind+1","True Grit+1","Shrug It Off","Thunderclap","Clothesline+1","Headbutt","Offering"],"relics":["Burning Blood","Happy Flower","MealTicket","Omamori","Potion Belt"],"acts_visited":["Exordium"],"potions_floor_usage":[5,8,16],"damage_taken":[{"damage":7,"enemies":"Small Slimes","floor":1,"turns":3},{"damage":6,"enemies":"Cultist","floor":3,"turns":4},{"damage":8,"enemies":"2 Louse","floor":4,"turns":2},{"damage":10,"enemies":"Gremlin Gang","floor":5,"turns":2},{"damage":11,"enemies":"Looter","floor":6,"turns":3},{"damage":17,"enemies":"Lagavulin","floor":8,"turns":7},{"damage":17,"enemies":"3 Louse","floor":13,"turns":3},{"damage":13,"enemies":"3 Sentries","floor":14,"turns":5},{"damage":47,"enemies":"The Guardian","floor":16,"turns":12}],"seed_played":"-3595298881664491634","potions_obtained":[{"floor":1,"key":"SmokeBomb"},{"floor":4,"key":"DuplicationPotion"},{"floor":13,"key":"Weak Potion"}],"is_trial":false,"path_per_floor":["M","$","M","M","M","M","R","E","T","R","?","R","M","E","R","B"],"character_chosen":"IRONCLAD","items_purchased":["Happy Flower","True Grit"],"campfire_rested":1,"item_purchase_floors":[2,2],"current_hp_per_floor":[67,67,67,65,61,56,56,45,45,45,34,34,23,16,38,0,0],"gold":139,"neow_bonus":"HUNDRED_GOLD","is_daily":false,"chose_seed":false,"campfire_upgraded":3,"win_rate":0.0,"timestamp":1614268447,"path_taken":["M","$","M","M","M","M","R","E","T","R","?","R","M","E","R","BOSS"],"items_purchased_type":["Relic","Card"],"build_version":"2020-12-22","purchased_purges":0,"victory":false,"max_hp_per_floor":[75,75,75,75,75,75,75,75,75,75,75,75,75,75,75,75,75],"relic_stats":{"Happy Flower":[12],"counters":[9,41],"MealTicket":0,"obtain_stats":[{"Potion Belt":14,"Happy Flower":2,"MealTicket":9,"Omamori":11,"Burning Blood":0},{"Potion Belt":8,"Happy Flower":1,"MealTicket":6,"Omamori":6,"Burning Blood":0},{"Potion Belt":29,"Happy Flower":3,"MealTicket":21,"Omamori":21,"Burning Blood":0}],"Burning Blood":48},"card_choices":[{"not_picked":["Sword Boomerang","Perfected Strike"],"picked":"Whirlwind","floor":1},{"not_picked":["Dark Embrace","Rupture","Havoc"],"picked":"SKIP","floor":3},{"not_picked":["Havoc","Armaments"],"picked":"Shrug It Off","floor":4},{"not_picked":["Flex","Dark Embrace"],"picked":"Thunderclap","floor":5},{"not_picked":["Intimidate","Shrug It Off"],"picked":"Clothesline","floor":6},{"not_picked":["Sentinel","Shrug It Off"],"picked":"Headbutt","floor":13},{"not_picked":["Sever Soul","Metallicize"],"picked":"Offering","floor":14}],"player_experience":866422,"relics_obtained":[{"floor":9,"key":"MealTicket"},{"floor":14,"key":"Potion Belt"}],"event_choices":[{"damage_healed":0,"gold_gain":0,"player_choice":"Success","damage_taken":11,"relics_obtained":["Omamori"],"max_hp_gain":0,"max_hp_loss":0,"event_name":"Scrap Ooze","floor":11,"gold_loss":0}],"is_beta":false,"boss_relics":[],"items_purged_floors":[],"is_endless":false,"potions_floor_spawned":[1,4,13],"killed_by":"The Guardian","ascension_level":20}}