{"host":"n5s5ra9ho7zqf9wm","time":1614244880,"event":{"mods":["Alarm Clock","Ascension Reborn","Aspiration","BaseMod","Better Altar","Better Note","Better Sensory Stone","Better Third Choice","Better Vampires","BetterRewards","Block Reminder","Card Forge","Colored Powertips","Curses Come First","Decade(王小明)","Displayed Cursed Tome","Grow up Mod","Hubris","Infinite Spire","Jedi Mod","Marisa（F雨　魔理沙）","Minty Spire (QoL Compilation)","Nova Terra(诺娃・泰拉)","Quick Restart","Rare Cards Sparkle","Red Circlet Mod","Relic Stats","Reliquary","Remove Card Discount Mod","Replay The Spire","Ryuuou龙王","SIMod","Say the Spire","Shop Mod","Spicy Shops","StSLib","TestMod","The Alterego","The Animator","The Construct","The Cursed","The Disciple","The Marked","The Mystic","The Runesmith","The Servant 0.9.4","Waifu the Spire","[JumpMod]舞动尖塔","【功能Mod】聪明的最终Boss","【遗物卡牌】REMEMod","篝火指南"],"gold_per_floor":[117,131,150,164,164,197,215,226,226,91,117,136,171,171,4,81,81,95,125,125,125,138,72,102,122,122,135,160,178,206,222,39,116,116,132,132,142,37,62,87,99,49,49,135,155,155,186,200,200,200,280,280,36,33,33,33],"floor_reached":57,"language":"ZHS","playtime":4369,"items_purged":[],"score":2648,"play_id":"91e961fe-aa2d-43f8-aa1d-ece1bf36d0b7","local_time":"20210225172120","is_ascension_mode":true,"campfire_choices":[{"floor":49,"key":"RECALL"}],"circlet_count":0,"master_deck":["AscendersBane","Strike_R+1","Strike_R+1","Defend_R+1","Defend_R+1","Bash+1","testmod-Provocation+1","testmod-PerfectCombo+44","Heavy Blade+1","hubris:SharpeningStone+1","Warcry+1","Rupture+1","ReplayTheSpireMod:Stacked+1","Bloodletting+1","REME_FearOfPain+1","infinitespire:DeathsTouch+1","Reaper+1","Cleave+1","J.A.X.+1","infinitespire:FutureSight+1","ReplayReversal+1","Life Link+1","REME_Cut+1","Flex+1","True Grit+1","Sword Boomerang+1","Infernal Blade+1","Offering+1","Writhe","Whirlwind+1","ReplayTheSpireMod:Strike From Hell+1","REME_WheelOfFate+1","Bloodletting+1","Massacre+1","Brutality+1","Replay:Fractal Strike+1","Rampage+1","hubris:EnhanceAbility+1"],"relics":["Burning Blood","Hammer of Thor","Seething Fire","Anvil of the Gods","HowToJump","testmod-TestBox","REME_ComplimentaryCards","testmod-IncinerationGenerator","infinitespire:BottledMercury","MerchantsRug","Replay:Bottled Eggs","reliquary:RoseTintedGlasses","King of Hearts","construct:ClawGrip","Red Mask","Tiny Chest","reliquary:SharkskinSheath","hubris:TenFootPole","infinitespire:WardingShard","Gremlin Horn","Membership Card","Lantern","Electric Blood","Replay:Baseball","REME_HourglassOfDeath","Iron Hammer","Strawberry","SlaversCollar","Runesmith:AutoHammer","infinitespire:Beetle Shell","FossilizedHelix","Chemical X","infinitespire:Lychee Nut","testmod-Nyarlathotep","jedi:ominousloannote","reliquary:RosewoodLute","reliquary:Stiletto","reliquary:Buckler","TheAbacus","Runesmith:Locket"],"acts_visited":["Exordium","TheCity","TheBeyond","TheEnding"],"potions_floor_usage":[13,19,24,33,44,44,50],"damage_taken":[{"damage":0,"enemies":"infinitespire:Voidling","floor":1,"turns":2},{"damage":0,"enemies":"Cultist","floor":2,"turns":2},{"damage":8,"enemies":"2 Louse","floor":3,"turns":2},{"damage":0,"enemies":"2 Fungi Beasts","floor":4,"turns":3},{"damage":15,"enemies":"Replay:BlueRogue","floor":6,"turns":2},{"damage":10,"enemies":"Large Slime","floor":7,"turns":4},{"damage":12,"enemies":"Exordium Thugs","floor":8,"turns":5},{"damage":37,"enemies":"Lagavulin","floor":11,"turns":5},{"damage":22,"enemies":"3 Sentries","floor":13,"turns":4},{"damage":0,"enemies":"Slime Boss","floor":16,"turns":3},{"damage":17,"enemies":"3 Byrds","floor":18,"turns":3},{"damage":34,"enemies":"Masked Bandits","floor":19,"turns":3},{"damage":3,"enemies":"Chosen","floor":22,"turns":3},{"damage":43,"enemies":"Slavers","floor":24,"turns":4},{"damage":10,"enemies":"Centurion and Healer","floor":25,"turns":3},{"damage":0,"enemies":"Cultist and Chosen","floor":27,"turns":3},{"damage":41,"enemies":"Book of Stabbing","floor":28,"turns":3},{"damage":13,"enemies":"Snecko","floor":29,"turns":3},{"damage":18,"enemies":"Slavers","floor":30,"turns":3},{"damage":18,"enemies":"Centurion and Healer","floor":31,"turns":3},{"damage":123,"enemies":"Collector","floor":33,"turns":9},{"damage":25,"enemies":"3 Darklings","floor":35,"turns":3},{"damage":20,"enemies":"3 Shapes","floor":37,"turns":2},{"damage":48,"enemies":"Reptomancer","floor":40,"turns":3},{"damage":8,"enemies":"Sphere and 2 Shapes","floor":41,"turns":1},{"damage":66,"enemies":"R_Hoarder","floor":44,"turns":6},{"damage":28,"enemies":"Spire Growth","floor":45,"turns":3},{"damage":11,"enemies":"Reptomancer","floor":47,"turns":2},{"damage":22,"enemies":"Transient","floor":48,"turns":2},{"damage":49,"enemies":"Replay:Hell Engine","floor":50,"turns":4},{"damage":199,"enemies":"Donu and Deca","floor":51,"turns":3},{"damage":91,"enemies":"Shield and Spear","floor":55,"turns":4},{"damage":106,"enemies":"The Heart","floor":56,"turns":6}],"seed_played":"-8150689116596180191","potions_obtained":[{"floor":2,"key":"Energy Potion"},{"floor":4,"key":"GamblersBrew"},{"floor":11,"key":"BlessingOfTheForge"},{"floor":13,"key":"AttackPotion"},{"floor":19,"key":"Strength Potion"},{"floor":27,"key":"Elixir"},{"floor":28,"key":"EssenceOfSteel"},{"floor":37,"key":"REME_GoldPotion"},{"floor":41,"key":"REME_GoldPotion"},{"floor":47,"key":"DistilledChaos"},{"floor":48,"key":"jedi:mysterypotion"}],"is_trial":false,"path_per_floor":["M","M","M","M","T","E","M","M","T","R","E","R","E","?","R","B",null,"M","?","?","AVR","M","R","E","M","T","M","E","M","E","M","R","B",null,"M","?","M","$","T","E","M","?","T","E","M","AVR","E","M","R","B","B",null,"R","$","E","B",null],"character_chosen":"IRONCLAD","items_purchased":["MerchantsRug","REME_FearOfPain+1","King of Hearts","reliquary:SharkskinSheath","Membership Card","Lantern","REME_WheelOfFate","FossilizedHelix","Chemical X","infinitespire:Lychee Nut","testmod-Nyarlathotep","jedi:ominousloannote","reliquary:RosewoodLute","reliquary:Stiletto","reliquary:Buckler","TheAbacus","hubris:EnhanceAbility"],"campfire_rested":0,"item_purchase_floors":[10,12,15,23,32,32,38,53,53,53,54,54,54,54,54,54,54],"current_hp_per_floor":[94,105,113,125,135,136,142,146,156,166,145,155,149,107,117,133,227,238,220,230,240,268,278,272,290,300,316,291,301,299,297,307,221,377,368,378,374,384,394,362,370,380,390,347,335,345,350,344,354,332,149,499,469,479,415,346],"gold":33,"neow_bonus":"RANDOM_COLORLESS","is_daily":false,"chose_seed":false,"campfire_upgraded":0,"win_rate":0.0,"timestamp":1614244880,"path_taken":["M","?","M","M","?","E","M","M","T","R","E","R","E","?","R","BOSS","M","?","?","AVR","M","R","E","M","T","M","E","M","E","M","R","BOSS","M","?","?","?","?","E","?","?","T","E","M","AVR","E","M","R","BOSS","BOSS","R","$","E","BOSS"],"items_purchased_type":["Relic","Card","Relic","Relic","Relic","Relic","Card","Relic","Relic","Relic","Relic","Relic","Relic","Relic","Relic","Relic","Card"],"build_version":"2020-12-22","purchased_purges":0,"victory":true,"max_hp_per_floor":[95,105,115,125,135,145,155,165,175,185,195,205,215,225,235,245,255,265,275,285,295,305,315,325,335,345,355,365,375,385,395,405,415,425,435,445,455,465,475,485,495,505,515,532,542,552,562,572,582,592,602,612,469,479,489,499],"relic_stats":{"TheAbacus":[6],"Gremlin Horn":[18,18],"counters":[33,111],"Tiny Chest":1,"Chemical X":[3],"obtain_stats":[{"infinitespire:BottledMercury":9,"Lantern":32,"Gremlin Horn":30,"Runesmith:Locket":55,"testmod-IncinerationGenerator":0,"Hammer of Thor":0,"King of Hearts":15,"testmod-Nyarlathotep":54,"Burning Blood":0,"Pet Ghost":24,"TheAbacus":54,"Strawberry":44,"Tiny Chest":21,"reliquary:Buckler":54,"reliquary:RoseTintedGlasses":13,"Iron Hammer":43,"Red Mask":19,"Chemical X":53,"infinitespire:Eraser":6,"Replay:Bottled Eggs":11,"Electric Blood":34,"reliquary:SharkskinSheath":23,"MerchantsRug":10,"construct:ClawGrip":17,"testmod-TestBox":0,"HowToJump":0,"infinitespire:Beetle Shell":47,"Seething Fire":0,"reliquary:RosewoodLute":54,"SlaversCollar":46,"Replay:Baseball":39,"infinitespire:WardingShard":28,"REME_HourglassOfDeath":40,"Anvil of the Gods":0,"infinitespire:Lychee Nut":53,"jedi:ominousloannote":54,"reliquary:Stiletto":54,"hubris:TenFootPole":26,"Membership Card":32,"Runesmith:AutoHammer":46,"FossilizedHelix":53,"REME_ComplimentaryCards":0},{"infinitespire:BottledMercury":7,"Lantern":20,"Gremlin Horn":19,"Runesmith:Locket":32,"testmod-IncinerationGenerator":0,"Hammer of Thor":0,"King of Hearts":9,"testmod-Nyarlathotep":31,"Burning Blood":0,"Pet Ghost":14,"TheAbacus":31,"Strawberry":26,"Tiny Chest":12,"reliquary:Buckler":31,"reliquary:RoseTintedGlasses":9,"Iron Hammer":25,"Red Mask":12,"Chemical X":31,"infinitespire:Eraser":5,"Replay:Bottled Eggs":8,"Electric Blood":21,"reliquary:SharkskinSheath":13,"MerchantsRug":7,"construct:ClawGrip":10,"testmod-TestBox":0,"HowToJump":0,"infinitespire:Beetle Shell":28,"Seething Fire":0,"reliquary:RosewoodLute":31,"SlaversCollar":27,"Replay:Baseball":23,"infinitespire:WardingShard":17,"REME_HourglassOfDeath":24,"Anvil of the Gods":0,"infinitespire:Lychee Nut":31,"jedi:ominousloannote":31,"reliquary:Stiletto":31,"hubris:TenFootPole":15,"Membership Card":20,"Runesmith:AutoHammer":27,"FossilizedHelix":31,"REME_ComplimentaryCards":0},{"infinitespire:BottledMercury":20,"Lantern":63,"Gremlin Horn":60,"Runesmith:Locket":105,"testmod-IncinerationGenerator":0,"Hammer of Thor":0,"King of Hearts":29,"testmod-Nyarlathotep":101,"Burning Blood":0,"Pet Ghost":45,"TheAbacus":101,"Strawberry":87,"Tiny Chest":38,"reliquary:Buckler":101,"reliquary:RoseTintedGlasses":29,"Iron Hammer":81,"Red Mask":38,"Chemical X":101,"infinitespire:Eraser":11,"Replay:Bottled Eggs":25,"Electric Blood":72,"reliquary:SharkskinSheath":41,"MerchantsRug":20,"construct:ClawGrip":32,"testmod-TestBox":0,"HowToJump":0,"infinitespire:Beetle Shell":92,"Seething Fire":0,"reliquary:RosewoodLute":101,"SlaversCollar":90,"Replay:Baseball":77,"infinitespire:WardingShard":54,"REME_HourglassOfDeath":80,"Anvil of the Gods":0,"infinitespire:Lychee Nut":101,"jedi:ominousloannote":101,"reliquary:Stiletto":101,"hubris:TenFootPole":48,"Membership Card":63,"Runesmith:AutoHammer":90,"FossilizedHelix":101,"REME_ComplimentaryCards":0}],"Burning Blood":189},"card_choices":[{"not_picked":["testmod-LifeRuler","Survey Options"],"picked":"testmod-PerfectCombo","floor":0},{"not_picked":["Anger","Iron Wave"],"picked":"Heavy Blade","floor":1},{"not_picked":["Anger","Shockwave","Metallicize"],"picked":"SKIP","floor":2},{"not_picked":["Shockwave","Metallicize"],"picked":"Anger","floor":2},{"not_picked":["Run Through","Heavy Blade"],"picked":"hubris:SharpeningStone","floor":3},{"not_picked":["Clash","Clothesline"],"picked":"Replay:Undeath\u0027s Touch","floor":4},{"not_picked":["Iron Wave","Burning Pact"],"picked":"Warcry","floor":6},{"not_picked":["Thunderclap","Dual Wield"],"picked":"Rupture","floor":7},{"not_picked":["Clothesline","Wild Strike"],"picked":"ReplayTheSpireMod:Stacked","floor":8},{"not_picked":["Run Through","True Grit"],"picked":"Bloodletting","floor":11},{"not_picked":["Iron Wave","Twin Strike","Immolate"],"picked":"SKIP","floor":13},{"not_picked":["infinitespire:Starlight","infinitespire:SealOfDarkness+"],"picked":"infinitespire:DeathsTouch","floor":14},{"not_picked":["Berserk","Demonic Infusion"],"picked":"Reaper","floor":16},{"not_picked":["Clash","Perfected Strike","Anger"],"picked":"SKIP","floor":18},{"not_picked":["Clash","Anger"],"picked":"Perfected Strike","floor":18},{"not_picked":["Anger","Body Slam+1"],"picked":"Cleave","floor":19},{"not_picked":["Body Slam+1","Intimidate"],"picked":"ReplayReversal","floor":22},{"not_picked":["jedi:bloodyhammer","Iron Wave"],"picked":"Life Link","floor":24},{"not_picked":["Disarm","Power Through"],"picked":"REME_Cut","floor":25},{"not_picked":["Searing Blow","Hemokinesis"],"picked":"Flex","floor":27},{"not_picked":["Clash","Heavy Blade"],"picked":"True Grit","floor":28},{"not_picked":["Headbutt","Armaments","Carnage"],"picked":"SKIP","floor":29},{"not_picked":["Havoc","Anger"],"picked":"Sword Boomerang","floor":30},{"not_picked":["Disarm","Perfected Strike"],"picked":"Infernal Blade","floor":31},{"not_picked":["Barricade","jedi:strikingstrike"],"picked":"Offering","floor":33},{"not_picked":["Pommel Strike","Heavy Blade","jedi:suffering+1"],"picked":"SKIP","floor":35},{"not_picked":["jedi:controlledanger+1","Metallicize"],"picked":"ReplayTheSpireMod:Strike From Hell","floor":37},{"not_picked":["Flex","Perfected Strike"],"picked":"Bloodletting","floor":40},{"not_picked":["Flex+1","Pommel Strike"],"picked":"Massacre+1","floor":41},{"not_picked":["Clash","Cleave"],"picked":"Brutality","floor":44},{"not_picked":["Run Through","ReplayTheSpireMod:Limb From Limb","Anger+1"],"picked":"SKIP","floor":45},{"not_picked":["Run Through","ReplayTheSpireMod:Limb From Limb","Anger+1"],"picked":"SKIP","floor":45},{"not_picked":["Havoc+1","ReplayTheSpireMod:Strike From Hell+1"],"picked":"Rampage","floor":47},{"not_picked":["Warcry","Iron Wave","Flame Barrier"],"picked":"SKIP","floor":48},{"not_picked":["Twin Strike","Pommel Strike","Clash"],"picked":"SKIP","floor":55}],"player_experience":75894,"relics_obtained":[{"floor":6,"key":"infinitespire:Eraser"},{"floor":9,"key":"infinitespire:BottledMercury"},{"floor":11,"key":"Replay:Bottled Eggs"},{"floor":13,"key":"reliquary:RoseTintedGlasses"},{"floor":19,"key":"Red Mask"},{"floor":24,"key":"Pet Ghost"},{"floor":26,"key":"hubris:TenFootPole"},{"floor":28,"key":"infinitespire:WardingShard"},{"floor":30,"key":"Gremlin Horn"},{"floor":39,"key":"Replay:Baseball"},{"floor":40,"key":"REME_HourglassOfDeath"},{"floor":43,"key":"Iron Hammer"},{"floor":44,"key":"Strawberry"},{"floor":47,"key":"infinitespire:Beetle Shell"},{"floor":55,"key":"Runesmith:Locket"}],"event_choices":[{"damage_healed":0,"gold_gain":0,"player_choice":"Fought Bandits","damage_taken":0,"max_hp_gain":0,"max_hp_loss":0,"event_name":"Masked Bandits","floor":19,"gold_loss":0},{"damage_healed":0,"gold_gain":0,"player_choice":"Obtain J.A.X.","damage_taken":0,"max_hp_gain":0,"max_hp_loss":0,"event_name":"Drug Dealer","floor":20,"gold_loss":0,"cards_obtained":["J.A.X."]},{"damage_healed":0,"gold_gain":0,"player_choice":"Random: Orange","damage_taken":0,"max_hp_gain":0,"max_hp_loss":0,"event_name":"betterThird:BetterPortal","floor":36,"gold_loss":0},{"damage_healed":0,"gold_gain":0,"player_choice":"2 cards matched","damage_taken":0,"max_hp_gain":0,"max_hp_loss":0,"event_name":"Match and Keep!","floor":36,"gold_loss":0,"cards_obtained":["Writhe","Whirlwind"]},{"damage_healed":0,"gold_gain":0,"player_choice":"Upgraded Two","damage_taken":0,"max_hp_gain":0,"max_hp_loss":0,"event_name":"Designer","floor":42,"gold_loss":50,"cards_upgraded":["ReplayReversal","testmod-PerfectCombo"]}],"is_beta":false,"boss_relics":[{"not_picked":["infinitespire:Burning Sword","Painkiller Herb"],"picked":"construct:ClawGrip"},{"not_picked":["REME_DuelDisc","REME_DemonsWealth"],"picked":"Electric Blood"}],"items_purged_floors":[],"is_endless":false,"potions_floor_spawned":[2,4,8,11,13,19,27,28,29,30,31,37,41,47,48],"ascension_level":20}}