{"host":"xsuxkwaivmtd234a","time":1614212666,"event":{"mods":["BaseMod","Bestiary","Colored Map","Minty Spire (QoL Compilation)","Relic Stats","StSLib"],"gold_per_floor":[364,439,450,11,28,28,55,55,135,12,37,212,212,243,243,341,341,357,19,19,19,19,53,53,85,85,85,96,121,46,46,46,146,146,156,168,187,197,223,248,248,278,357,357,357,407,455,486,486,486,486],"floor_reached":50,"language":"ENG","playtime":3007,"items_purged":["Strike_G"],"score":947,"play_id":"848b6b0e-af32-473d-82ea-6a191a7acb37","local_time":"20210224192426","is_ascension_mode":true,"campfire_choices":[{"data":"Cloak And Dagger","floor":6,"key":"SMITH"},{"floor":8,"key":"REST"},{"data":"Neutralize","floor":15,"key":"SMITH"},{"floor":24,"key":"REST"},{"floor":27,"key":"REST"},{"data":"Wraith Form v2","floor":32,"key":"SMITH"},{"floor":41,"key":"REST"},{"data":"Apotheosis","floor":45,"key":"SMITH"},{"floor":49,"key":"RECALL"}],"circlet_count":0,"master_deck":["AscendersBane","Strike_G","Defend_G","Defend_G","Defend_G","Defend_G","Defend_G","Survivor","Neutralize+1","Blade Dance","Poisoned Stab","Cloak And Dagger+1","Bouncing Flask","Noxious Fumes","PiercingWail","Wraith Form v2+1","Bane+1","Concentrate+1","Doppelganger+1","Apotheosis+1","Deadly Poison+1","Malaise","Crippling Poison+1","Prepared+1","Footwork+1","Catalyst+1","Writhe","Backflip+1","Dodge and Roll+1","Bullet Time+1"],"relics":["Ring of the Snake","Letter Opener","Medical Kit","Boot","Singing Bowl","Art of War","White Beast Statue","Astrolabe","OrangePellets","Orichalcum","Pantograph","Pear","Molten Egg 2","Blood Vial","WristBlade","Toxic Egg 2","Bag of Marbles","Meat on the Bone","Bird Faced Urn","Tough Bandages","Bottled Tornado"],"acts_visited":["Exordium","TheCity","TheBeyond"],"potions_floor_usage":[18,23,23,23,29,29,33,37,37,40,50],"damage_taken":[{"damage":0,"enemies":"Cultist","floor":1,"turns":5},{"damage":3,"enemies":"Jaw Worm","floor":3,"turns":3},{"damage":0,"enemies":"Small Slimes","floor":5,"turns":3},{"damage":20,"enemies":"3 Sentries","floor":7,"turns":10},{"damage":19,"enemies":"Lagavulin","floor":11,"turns":6},{"damage":7,"enemies":"3 Sentries","floor":14,"turns":6},{"damage":5,"enemies":"Hexaghost","floor":16,"turns":10},{"damage":8,"enemies":"3 Byrds","floor":18,"turns":3},{"damage":15,"enemies":"Book of Stabbing","floor":23,"turns":4},{"damage":55,"enemies":"Gremlin Leader","floor":25,"turns":8},{"damage":6,"enemies":"Shell Parasite","floor":28,"turns":4},{"damage":34,"enemies":"Book of Stabbing","floor":29,"turns":6},{"damage":7,"enemies":"Automaton","floor":33,"turns":10},{"damage":21,"enemies":"3 Darklings","floor":35,"turns":8},{"damage":14,"enemies":"3 Shapes","floor":36,"turns":5},{"damage":21,"enemies":"Transient","floor":37,"turns":5},{"damage":6,"enemies":"Sphere and 2 Shapes","floor":38,"turns":6},{"damage":26,"enemies":"Giant Head","floor":40,"turns":9},{"damage":12,"enemies":"Nemesis","floor":42,"turns":9},{"damage":26,"enemies":"Mind Bloom Boss Battle","floor":46,"turns":6},{"damage":7,"enemies":"2 Orb Walkers","floor":47,"turns":5},{"damage":44,"enemies":"Reptomancer","floor":48,"turns":7},{"damage":63,"enemies":"Donu and Deca","floor":50,"turns":7}],"seed_played":"-643105475710839324","potions_obtained":[{"floor":5,"key":"GamblersBrew"},{"floor":7,"key":"GamblersBrew"},{"floor":16,"key":"Weak Potion"},{"floor":18,"key":"AttackPotion"},{"floor":23,"key":"FairyPotion"},{"floor":25,"key":"EssenceOfSteel"},{"floor":28,"key":"Block Potion"},{"floor":29,"key":"ColorlessPotion"},{"floor":33,"key":"LiquidBronze"},{"floor":35,"key":"SteroidPotion"},{"floor":36,"key":"AttackPotion"},{"floor":37,"key":"BlessingOfTheForge"},{"floor":38,"key":"Strength Potion"},{"floor":40,"key":"Ancient Potion"},{"floor":46,"key":"SkillPotion"}],"is_trial":false,"path_per_floor":["M","?","M","$","M","R","E","R","T","$","E","?","?","E","R","B",null,"M","$","?","?","?","E","R","E","T","R","M","E","$","?","R","B",null,"M","M","M","M","T","E","R","E","T","?","R","?","?","E","R","B"],"character_chosen":"THE_SILENT","items_purchased":["Letter Opener","Medical Kit","Cloak And Dagger","Noxious Fumes","PiercingWail","OrangePellets","Apotheosis"],"campfire_rested":4,"item_purchase_floors":[4,4,4,10,10,19,19],"current_hp_per_floor":[63,52,49,49,49,49,29,47,47,47,30,30,30,25,25,20,55,49,49,49,37,37,24,46,34,34,60,54,22,22,90,90,83,88,69,59,42,38,38,14,42,32,32,56,56,57,56,32,32,0,0],"gold":486,"neow_bonus":"TWO_FIFTY_GOLD","is_daily":false,"chose_seed":false,"campfire_upgraded":4,"win_rate":0.0,"timestamp":1614212666,"path_taken":["M","?","M","?","?","R","E","R","T","$","E","?","?","E","R","BOSS","M","$","?","?","?","E","R","E","T","R","M","E","?","?","R","BOSS","M","M","M","M","?","E","R","E","T","?","R","?","?","E","R","BOSS"],"items_purchased_type":["Relic","Relic","Card","Card","Card","Relic","Card"],"build_version":"2020-12-22","purchased_purges":1,"victory":false,"max_hp_per_floor":[63,63,63,63,63,63,63,63,63,63,65,65,65,67,67,67,67,69,69,69,74,74,76,76,88,88,88,88,90,90,90,90,90,90,90,92,94,94,94,94,94,94,94,94,94,94,94,94,94,94,94],"relic_stats":{"Singing Bowl":16,"counters":[23,145],"Astrolabe":["Bane","Concentrate","Doppelganger"],"Letter Opener":[420],"Orichalcum":[210],"Medical Kit":[24],"Boot":[143],"Blood Vial":20,"OrangePellets":[10],"Tough Bandages":[45],"Pantograph":50,"Bird Faced Urn":[14],"Art of War":[18],"obtain_stats":[{"Pear":25,"Singing Bowl":9,"Astrolabe":17,"Letter Opener":4,"Orichalcum":20,"Bottled Tornado":48,"Medical Kit":4,"Boot":7,"White Beast Statue":14,"Blood Vial":29,"OrangePellets":19,"Tough Bandages":47,"WristBlade":34,"Pantograph":23,"Bird Faced Urn":46,"Molten Egg 2":26,"Art of War":11,"Bag of Marbles":42,"Toxic Egg 2":40,"Ring of the Snake":0,"Meat on the Bone":43},{"Pear":10,"Singing Bowl":4,"Astrolabe":7,"Letter Opener":2,"Orichalcum":8,"Bottled Tornado":22,"Medical Kit":2,"Boot":4,"White Beast Statue":6,"Blood Vial":12,"OrangePellets":8,"Tough Bandages":21,"WristBlade":13,"Pantograph":9,"Bird Faced Urn":20,"Molten Egg 2":10,"Art of War":5,"Bag of Marbles":19,"Toxic Egg 2":18,"Ring of the Snake":0,"Meat on the Bone":19},{"Pear":58,"Singing Bowl":21,"Astrolabe":43,"Letter Opener":8,"Orichalcum":46,"Bottled Tornado":138,"Medical Kit":8,"Boot":21,"White Beast Statue":33,"Blood Vial":68,"OrangePellets":46,"Tough Bandages":131,"WristBlade":78,"Pantograph":50,"Bird Faced Urn":126,"Molten Egg 2":58,"Art of War":27,"Bag of Marbles":120,"Toxic Egg 2":111,"Ring of the Snake":0,"Meat on the Bone":120}],"Ring of the Snake":[46],"Meat on the Bone":12},"card_choices":[{"not_picked":["Backflip","Dagger Spray"],"picked":"Blade Dance","floor":1},{"not_picked":["Slice","Calculated Gamble"],"picked":"Poisoned Stab","floor":3},{"not_picked":["Quick Slash","Outmaneuver","Underhanded Strike"],"picked":"SKIP","floor":5},{"not_picked":["Prepared","Tactician"],"picked":"Bouncing Flask","floor":7},{"not_picked":["Tactician","Flechettes","Dagger Throw"],"picked":"Singing Bowl","floor":11},{"not_picked":["Dagger Spray","Flying Knee","Tactician"],"picked":"Singing Bowl","floor":14},{"not_picked":["Storm of Steel","Tools of the Trade"],"picked":"Wraith Form v2","floor":16},{"not_picked":["Underhanded Strike","Slice+1","Riddle With Holes"],"picked":"Singing Bowl","floor":18},{"not_picked":["Masterful Stab","Riddle With Holes","Poisoned Stab"],"picked":"Singing Bowl","floor":23},{"not_picked":["Flying Knee","Masterful Stab","Distraction"],"picked":"Singing Bowl","floor":25},{"not_picked":["Sucker Punch+1","Backflip"],"picked":"Deadly Poison+1","floor":28},{"not_picked":["Dagger Throw+1","Bane+1","Slice+1"],"picked":"Singing Bowl","floor":29},{"not_picked":["Unload+1","Doppelganger"],"picked":"Malaise","floor":33},{"not_picked":["Expertise","Outmaneuver"],"picked":"Crippling Poison+1","floor":35},{"not_picked":["PiercingWail","Deflect+1","Reflex+1"],"picked":"Singing Bowl","floor":36},{"not_picked":["Poisoned Stab+1","All Out Attack+1","Slice+1"],"picked":"Singing Bowl","floor":37},{"not_picked":["Bane+1","Sucker Punch+1"],"picked":"Prepared+1","floor":38},{"not_picked":["Cloak And Dagger+1","Corpse Explosion+1"],"picked":"Footwork+1","floor":40},{"not_picked":["PiercingWail+1","Predator+1"],"picked":"Catalyst+1","floor":42},{"not_picked":["Tactician+1","Finisher+1"],"picked":"Backflip+1","floor":46},{"not_picked":["Heel Hook+1","Tactician+1"],"picked":"Dodge and Roll+1","floor":47},{"not_picked":["Backstab+1","Sucker Punch+1"],"picked":"Bullet Time+1","floor":48}],"player_experience":1374625,"relics_obtained":[{"floor":7,"key":"Boot"},{"floor":9,"key":"Singing Bowl"},{"floor":11,"key":"Art of War"},{"floor":14,"key":"White Beast Statue"},{"floor":23,"key":"Pantograph"},{"floor":25,"key":"Pear"},{"floor":26,"key":"Molten Egg 2"},{"floor":29,"key":"Blood Vial"},{"floor":40,"key":"Toxic Egg 2"},{"floor":42,"key":"Bag of Marbles"},{"floor":43,"key":"Meat on the Bone"},{"floor":46,"key":"Bird Faced Urn"},{"floor":47,"key":"Tough Bandages"},{"floor":48,"key":"Bottled Tornado"}],"event_choices":[{"damage_healed":0,"gold_gain":75,"player_choice":"Gather Gold","damage_taken":11,"max_hp_gain":0,"max_hp_loss":0,"event_name":"World of Goop","floor":2,"gold_loss":0},{"damage_healed":0,"gold_gain":175,"player_choice":"AGREE","damage_taken":0,"max_hp_gain":0,"max_hp_loss":0,"event_name":"Liars Game","floor":12,"gold_loss":0,"cards_obtained":["Doubt"]},{"cards_removed":["Doubt"],"damage_healed":0,"gold_gain":0,"player_choice":"Purged","damage_taken":0,"max_hp_gain":0,"max_hp_loss":0,"event_name":"Purifier","floor":13,"gold_loss":0},{"damage_healed":0,"gold_gain":0,"player_choice":"Stole Relic","damage_taken":0,"relics_obtained":["Orichalcum"],"max_hp_gain":0,"max_hp_loss":0,"event_name":"Addict","floor":20,"gold_loss":0,"cards_obtained":["Shame"]},{"damage_healed":0,"gold_gain":0,"player_choice":"Shed Blood","damage_taken":17,"max_hp_gain":5,"max_hp_loss":0,"event_name":"Forgotten Altar","floor":21,"gold_loss":0},{"cards_removed":["Shame"],"damage_healed":0,"gold_gain":0,"player_choice":"Elegance","damage_taken":0,"max_hp_gain":0,"max_hp_loss":0,"event_name":"Back to Basics","floor":22,"gold_loss":0},{"damage_healed":68,"gold_gain":0,"player_choice":"Full Heal","damage_taken":0,"max_hp_gain":0,"max_hp_loss":0,"event_name":"Wheel of Change","floor":31,"gold_loss":0},{"damage_healed":24,"gold_gain":0,"player_choice":"Writhe","damage_taken":0,"max_hp_gain":0,"max_hp_loss":0,"event_name":"Winding Halls","floor":44,"gold_loss":0,"cards_obtained":["Writhe"]},{"damage_healed":0,"gold_gain":0,"player_choice":"Fight","damage_taken":0,"max_hp_gain":0,"max_hp_loss":0,"event_name":"MindBloom","floor":46,"gold_loss":0},{"damage_healed":0,"gold_gain":0,"player_choice":"Fight","damage_taken":0,"max_hp_gain":0,"max_hp_loss":0,"event_name":"Mysterious Sphere","floor":47,"gold_loss":0}],"is_beta":false,"boss_relics":[{"not_picked":["SacredBark","SlaversCollar"],"picked":"Astrolabe"},{"not_picked":["Calling Bell","Sozu"],"picked":"WristBlade"}],"items_purged_floors":[30],"is_endless":false,"potions_floor_spawned":[5,7,16,18,23,25,28,29,33,35,36,37,38,40,42,46,47,48],"killed_by":"Donu and Deca","ascension_level":10}}