{"host":"7wwmf5ihvdzput8s","time":1614249045,"event":{"mods":["BaseMod","Minty Spire (QoL Compilation)","Quick Restart","Replay The Spire","StSLib","UnlockEverythingMod"],"gold_per_floor":[111,111,111,111,261,288,323,248,248,275,310,310,330,13,13,91,141,151,151,177,177,194,226,256,256,280,311,211,211,242,242,242,316,416,432,307,19,19,48,110,147,62,89,131,176,221,221,260,260,300,330],"floor_reached":52,"language":"ZHS","playtime":770,"items_purged":["Doubt","Bane+1","ReplayTheSpireMod:Strike From Hell+1"],"score":2694,"play_id":"4dd300e1-2f0d-4ac3-a10b-d68f900147df","local_time":"20210225183045","daily_mods":["SealedDeck","Vintage","Green Cards","Purple Cards","Heirloom","Time Dilation","Flight","DeadlyEvents","Elite Swarm","Lethality","Night Terrors"],"is_ascension_mode":true,"campfire_choices":[{"data":"Heavy Blade","floor":15.0,"key":"SMITH"},{"data":"Blasphemy","floor":25.0,"key":"SMITH"},{"data":"Blasphemy","floor":32.0,"key":"SMITH"},{"data":"Sword Boomerang","floor":49,"key":"SMITH"}],"circlet_count":0,"master_deck":["AscendersBane","Flying Knee","Cleave","Dagger Spray+1","Clash","Thunderclap+1","CutThroughFate+1","Heavy Blade+1","Finisher+1","Blasphemy+1","CrushJoints+1","Blasphemy+1","Sword Boomerang+1","CutThroughFate+1","Adrenaline+1","Offering+1"],"relics":["Unceasing Top","Magic Flower","Centennial Puzzle","NeowsBlessing","Anchor","Blood Vial","HornCleat","Omamori","Nunchaku","NeowsBlessing","Strawberry","FossilizedHelix","Tiny House","Blue Doll","Red Mask","NeowsBlessing","ReplayTheSpireMod:TigerMarble","Whetstone","MealTicket","Bronze Scales","Replay:PocketPolymizer","Kunai","Replay:Wanted Poster","Replay:Bandana","Toxic Egg 2","Replay:Wax Seal","Bag of Preparation","Replay:Bottled Flurry","Bag of Marbles","Gremlin Food","ReplayTheSpireMod:Shallot","Smiling Mask","Ornamental Fan","Orichalcum"],"acts_visited":["Exordium","TheCity","TheBeyond"],"potions_floor_usage":[50,51],"damage_taken":[{"damage":0.0,"enemies":"Jaw Worm","floor":1.0,"turns":1.0},{"damage":0.0,"enemies":"Lagavulin","floor":6.0,"turns":1.0},{"damage":0.0,"enemies":"3 Sentries","floor":7.0,"turns":1.0},{"damage":0.0,"enemies":"Lagavulin","floor":10.0,"turns":1.0},{"damage":0.0,"enemies":"Gremlin Nob","floor":11.0,"turns":2.0},{"damage":0.0,"enemies":"Small Slimes","floor":13.0,"turns":1.0},{"damage":0.0,"enemies":"Hexaghost","floor":16.0,"turns":1.0},{"damage":0.0,"enemies":"3 Byrds","floor":18.0,"turns":1.0},{"damage":0.0,"enemies":"Masked Bandits","floor":20.0,"turns":1.0},{"damage":0.0,"enemies":"Spheric Guardian","floor":22.0,"turns":1.0},{"damage":0.0,"enemies":"Slavers","floor":23.0,"turns":1.0},{"damage":0.0,"enemies":"Replay:Snechameleon","floor":24.0,"turns":1.0},{"damage":0.0,"enemies":"Gremlin Leader","floor":27.0,"turns":1.0},{"damage":0.0,"enemies":"Replay:Snechameleon","floor":30.0,"turns":1.0},{"damage":0.0,"enemies":"Pondfish","floor":33.0,"turns":3.0},{"damage":0.0,"enemies":"Orb Walker","floor":35.0,"turns":1.0},{"damage":0.0,"enemies":"3 Shapes","floor":39.0,"turns":1.0},{"damage":0,"enemies":"Giant Head","floor":40,"turns":2},{"damage":0,"enemies":"R_Hoarder","floor":41,"turns":1},{"damage":0,"enemies":"Giant Head","floor":44,"turns":1},{"damage":0,"enemies":"R_Hoarder","floor":45,"turns":1},{"damage":12,"enemies":"Giant Head","floor":46,"turns":1},{"damage":0,"enemies":"R_Hoarder","floor":48,"turns":1},{"damage":0,"enemies":"Donu and Deca","floor":50,"turns":1},{"damage":0,"enemies":"Replay:Hell Engine","floor":51,"turns":1}],"seed_played":"-22918823241847028","potions_obtained":[{"floor":6.0,"key":"Weak Potion"},{"floor":10.0,"key":"SkillPotion"},{"floor":13.0,"key":"SneckoOil"},{"floor":17.0,"key":"SkillPotion"},{"floor":20.0,"key":"Strength Potion"},{"floor":41,"key":"BlessingOfTheForge"},{"floor":46,"key":"LifebloodPotion"}],"is_trial":true,"path_per_floor":["M","WH","$","?","?","E","E","$","T","E","E","WH","M","$","R","B",null,"M","$","?","WH","M","E","E","R","T","E","$","?","E","$","R","B",null,"M","$","$","?","M","E","E","$","T","E","E","E","T","E","R","B","B",null],"character_chosen":"IRONCLAD","items_purchased":["FossilizedHelix","Toxic Egg 2","Sword Boomerang","CutThroughFate+1"],"campfire_rested":0,"item_purchase_floors":[14,37,42,42],"current_hp_per_floor":[68,68,68,73,73,73,73,73,73,76,79,79,87,87,87,87,92,92,92,92,92,92,92,92,92,92,92,92,92,92,92,92,92,92,92,92,92,102,102,102,102,102,102,102,102,90,90,93,93,96,99],"gold":330,"neow_bonus":"THREE_ENEMY_KILL","is_daily":false,"chose_seed":false,"campfire_upgraded":4,"win_rate":0.0,"timestamp":1614249045,"path_taken":["M","WH","$","?","?","E","E","$","T","E","?","WH","M","$","R","BOSS","M","$","?","WH","M","E","E","R","T","E","$","?","?","?","R","BOSS","M","$","$","?","?","E","?","$","T","?","E","E","?","E","R","BOSS","BOSS"],"items_purchased_type":["Relic","Relic","Card","Card"],"build_version":"2020-12-22","purchased_purges":3,"victory":true,"max_hp_per_floor":[75,75,75,80,80,80,80,80,80,80,80,80,87,87,87,87,92,92,92,92,92,92,92,92,92,92,92,92,92,92,92,92,92,92,92,92,92,102,102,102,102,102,102,102,102,102,102,102,102,102,102],"card_choices":[{"not_picked":["Atom Bomb","Eclipse","ReplayTheSpireMod:Necrosis"],"picked":"SKIP","floor":6.0},{"not_picked":["Replay:Many Hands","Storm of Steel","Immolate"],"picked":"SKIP","floor":7.0},{"not_picked":["LessonLearned","ConjureBlade","Bullet Time"],"picked":"SKIP","floor":10.0},{"not_picked":["ConjureBlade","Bullet Time"],"picked":"LessonLearned","floor":10.0},{"not_picked":["LessonLearned","Malaise","Envenom"],"picked":"SKIP","floor":11.0},{"not_picked":["Replay:Many Hands","Alpha"],"picked":"Blasphemy","floor":16.0},{"not_picked":["Flying Knee","ReplayTheSpireMod:Strike From Hell"],"picked":"CrushJoints","floor":17.0},{"not_picked":["Establishment","Exhume"],"picked":"Blasphemy","floor":24.0},{"not_picked":["Fiend Fire","Double Tap","Corpse Explosion"],"picked":"SKIP","floor":27.0},{"not_picked":["Phantasmal Killer","Burst","Vault"],"picked":"SKIP","floor":30.0},{"not_picked":["Hemogenesis","Storm of Steel+1","Feed"],"picked":"SKIP","floor":40},{"not_picked":["Brutality","Double Tap+1","Glass Knife"],"picked":"SKIP","floor":41},{"not_picked":["Replay:Many Hands+1","Impervious+1","Venomology+1"],"picked":"SKIP","floor":44},{"not_picked":["Tools of the Trade","Eclipse+1","Feed"],"picked":"SKIP","floor":45},{"not_picked":["Replay:LoomingThreat","Berserk"],"picked":"Adrenaline+1","floor":46},{"not_picked":["Hemogenesis","Immolate"],"picked":"Offering+1","floor":48}],"player_experience":83101,"relics_obtained":[{"floor":1.0,"key":"Centennial Puzzle"},{"floor":6.0,"key":"Anchor"},{"floor":7.0,"key":"Blood Vial"},{"floor":9.0,"key":"HornCleat"},{"floor":10.0,"key":"Omamori"},{"floor":11.0,"key":"Nunchaku"},{"floor":13.0,"key":"Strawberry"},{"floor":18.0,"key":"Blue Doll"},{"floor":20.0,"key":"Red Mask"},{"floor":22.0,"key":"ReplayTheSpireMod:TigerMarble"},{"floor":23.0,"key":"Whetstone"},{"floor":24.0,"key":"MealTicket"},{"floor":26.0,"key":"Bronze Scales"},{"floor":27.0,"key":"Replay:PocketPolymizer"},{"floor":30.0,"key":"Kunai"},{"floor":35.0,"key":"Replay:Bandana"},{"floor":39.0,"key":"Replay:Wax Seal"},{"floor":40,"key":"Bag of Preparation"},{"floor":41,"key":"Replay:Bottled Flurry"},{"floor":43,"key":"Bag of Marbles"},{"floor":44,"key":"Gremlin Food"},{"floor":45,"key":"ReplayTheSpireMod:Shallot"},{"floor":46,"key":"Smiling Mask"},{"floor":47,"key":"Ornamental Fan"},{"floor":48,"key":"Orichalcum"}],"event_choices":[{"damage_healed":0.0,"max_hp_gain":5.0,"max_hp_loss":0.0,"gold_gain":0.0,"event_name":"Big Fish","player_choice":"Donut","floor":4.0,"gold_loss":0.0,"damage_taken":0.0},{"damage_healed":0.0,"max_hp_gain":0.0,"max_hp_loss":0.0,"gold_gain":150.0,"event_name":"Liars Game","player_choice":"AGREE","floor":5.0,"gold_loss":0.0,"damage_taken":0.0,"cards_obtained":["Doubt"]},{"damage_healed":0.0,"max_hp_gain":0.0,"max_hp_loss":0.0,"gold_gain":0.0,"event_name":"Masked Bandits","player_choice":"Fought Bandits","floor":20.0,"gold_loss":0.0,"damage_taken":0.0},{"damage_healed":0.0,"max_hp_gain":0.0,"max_hp_loss":0.0,"gold_gain":0.0,"event_name":"Cursed Tome","player_choice":"Ignored","floor":29.0,"gold_loss":0.0,"damage_taken":0.0},{"cards_removed":["LessonLearned"],"damage_healed":0.0,"max_hp_gain":10.0,"max_hp_loss":0.0,"gold_gain":0.0,"event_name":"Bonfire Elementals","player_choice":"Offered Rare","floor":38.0,"gold_loss":0.0,"damage_taken":0.0}],"is_beta":false,"boss_relics":[{"not_picked":["Snecko Eye","Ring of Chaos"],"picked":"Tiny House"},{"not_picked":["Sozu","Painkiller Herb"],"picked":"Replay:Wanted Poster"}],"items_purged_floors":[8,28,36],"is_endless":false,"potions_floor_spawned":[6,10,13,20,22,24,27,41,46],"ascension_level":20}}