{"host":"v4pe0ixo3k7iwzp0","time":1614241185,"event":{"mods":["BaseMod","Bestiary","Highlight Path","Minty Spire (QoL Compilation)","Railgun Mod","StSLib","The Senshi"],"gold_per_floor":[115,115,139,64,64,105,124,139,139,178,178,217,84,98,98,98,98],"floor_reached":16,"language":"ENG","playtime":502,"items_purged":["Injury","Strike_R"],"score":145,"play_id":"97dd3c7c-59ec-49c7-ba05-71e4067d5104","local_time":"20210225001945","is_ascension_mode":false,"campfire_choices":[{"floor":11.0,"key":"REST"},{"floor":15.0,"key":"REST"}],"circlet_count":0,"master_deck":["Strike_R","Strike_R","Strike_R","Defend_R","Defend_R","Defend_R","Defend_R","Bash","Dropkick","Dropkick"],"relics":["Burning Blood","NeowsBlessing","Golden Idol","Dead Branch","Darkstone Periapt","theSenshi:SuperSailorFukuRelic","Bronze Scales"],"acts_visited":["Exordium"],"potions_floor_usage":[],"damage_taken":[{"damage":0.0,"enemies":"Small Slimes","floor":1.0,"turns":1.0},{"damage":0.0,"enemies":"Jaw Worm","floor":3.0,"turns":1.0},{"damage":0.0,"enemies":"Gremlin Nob","floor":6.0,"turns":1.0},{"damage":1.0,"enemies":"Cultist","floor":7.0,"turns":3.0},{"damage":11.0,"enemies":"Red Slaver","floor":8.0,"turns":3.0},{"damage":30.0,"enemies":"3 Sentries","floor":10.0,"turns":7.0},{"damage":39.0,"enemies":"Lagavulin","floor":12.0,"turns":7.0},{"damage":6.0,"enemies":"Blue Slaver","floor":14.0,"turns":4.0},{"damage":25,"enemies":"Slime Boss","floor":16,"turns":4}],"seed_played":"5927529340162315281","potions_obtained":[{"floor":7.0,"key":"PowerPotion"},{"floor":8.0,"key":"DistilledChaos"},{"floor":14.0,"key":"Ancient Potion"}],"is_trial":false,"path_per_floor":["M","?","M","$","?","E","M","M","T","E","R","E","$","M","R","B"],"character_chosen":"IRONCLAD","items_purchased":["Dropkick"],"campfire_rested":2,"item_purchase_floors":[13],"current_hp_per_floor":[80,80,80,80,80,80,80,75,75,51,75,42,42,42,66,41,41],"gold":98,"neow_bonus":"THREE_ENEMY_KILL","is_daily":false,"chose_seed":true,"campfire_upgraded":0,"win_rate":0.0,"timestamp":1614241185,"path_taken":["M","?","M","$","?","E","?","M","T","E","R","E","?","M","R","BOSS"],"items_purchased_type":["Card"],"build_version":"2020-12-22","purchased_purges":2,"victory":false,"max_hp_per_floor":[80,80,80,80,80,80,80,80,80,80,80,80,80,80,80,80,80],"card_choices":[{"not_picked":["True Grit","Clash","Twin Strike"],"picked":"SKIP","floor":1.0},{"not_picked":["Heavy Blade","Armaments","Sever Soul"],"picked":"SKIP","floor":3.0},{"not_picked":["Heavy Blade","Armaments","Sever Soul"],"picked":"SKIP","floor":3.0},{"not_picked":["Armaments","Clash","Iron Wave"],"picked":"SKIP","floor":6.0},{"not_picked":["Rampage","Flex","Pommel Strike"],"picked":"SKIP","floor":7.0},{"not_picked":["Offering","Thunderclap","Entrench"],"picked":"SKIP","floor":8.0},{"not_picked":["Pummel","Flex"],"picked":"Dropkick","floor":10.0},{"not_picked":["Twin Strike","Sever Soul","Wild Strike"],"picked":"SKIP","floor":12.0},{"not_picked":["Rampage","Sever Soul","Reckless Charge"],"picked":"SKIP","floor":14.0}],"player_experience":201420,"relics_obtained":[{"floor":6.0,"key":"Dead Branch"},{"floor":9.0,"key":"Darkstone Periapt"},{"floor":10.0,"key":"theSenshi:SuperSailorFukuRelic"},{"floor":12.0,"key":"Bronze Scales"}],"event_choices":[{"damage_healed":0.0,"max_hp_gain":0.0,"max_hp_loss":0.0,"gold_gain":0.0,"event_name":"Golden Idol","player_choice":"Take Wound","floor":2.0,"gold_loss":0.0,"damage_taken":0.0,"relics_obtained":["Golden Idol"],"cards_obtained":["Injury"]},{"cards_removed":["Strike_R"],"damage_healed":0.0,"max_hp_gain":0.0,"max_hp_loss":0.0,"gold_gain":0.0,"event_name":"Purifier","player_choice":"Purged","floor":5.0,"gold_loss":0.0,"damage_taken":0.0}],"is_beta":false,"boss_relics":[],"items_purged_floors":[4,13],"is_endless":false,"potions_floor_spawned":[7,8,14],"killed_by":"Slime Boss","ascension_level":0}}