{"host":"lsq35p0sdkx2xifo","time":1614235681,"event":{"mods":["AchievementEnabler","BaseMod","Highlight Path","Minty Spire (QoL Compilation)","StSLib","The Senshi"],"gold_per_floor":[110,160,175,175,25,25,60,60,60,60,60,92,110,145,145,224,524,534,175,188,199,214,214,89,100,123,123,123],"floor_reached":27,"language":"ENG","playtime":1458,"items_purged":["Doubt","Strike_R","Strike_R"],"score":462,"play_id":"9527c3d5-f0cb-4b35-a4f4-4595fcc9a381","local_time":"20210224224801","is_ascension_mode":true,"campfire_choices":[{"data":"Power Through","floor":6,"key":"SMITH"},{"data":"Evolve","floor":8,"key":"SMITH"},{"floor":11,"key":"REST"},{"data":"Fire Breathing","floor":15,"key":"SMITH"},{"floor":23,"key":"REST"}],"circlet_count":0,"master_deck":["AscendersBane","Strike_R","Strike_R","Strike_R","Defend_R","Defend_R","Defend_R","Defend_R","Bash","Feed","Power Through+1","Rampage+1","Metallicize","Evolve+1","Wild Strike","Sever Soul","Fire Breathing+1","Double Tap","CurseOfTheBell","Metallicize","Fire Breathing+1","Fire Breathing+1","Disarm"],"relics":["Burning Blood","Blue Candle","Blood Vial","Bottled Flame","Bronze Scales","Kunai","Calling Bell","Toy Ornithopter","HornCleat","Old Coin","MealTicket"],"acts_visited":["Exordium","TheCity"],"potions_floor_usage":[7,12,14,25,25],"damage_taken":[{"damage":1,"enemies":"2 Louse","floor":1,"turns":3},{"damage":7,"enemies":"Small Slimes","floor":3,"turns":3},{"damage":12,"enemies":"Lagavulin","floor":7,"turns":7},{"damage":4,"enemies":"3 Sentries","floor":12,"turns":8},{"damage":6,"enemies":"Cultist","floor":13,"turns":3},{"damage":26,"enemies":"Gremlin Nob","floor":14,"turns":4},{"damage":44,"enemies":"The Guardian","floor":16,"turns":11},{"damage":10,"enemies":"Chosen","floor":18,"turns":4},{"damage":22,"enemies":"Spheric Guardian","floor":20,"turns":5},{"damage":22,"enemies":"Snecko","floor":21,"turns":6},{"damage":26,"enemies":"Snake Plant","floor":22,"turns":4},{"damage":42,"enemies":"Centurion and Healer","floor":25,"turns":6},{"damage":58,"enemies":"Slavers","floor":27,"turns":3}],"seed_played":"-8923593908701434902","potions_obtained":[{"floor":3,"key":"LiquidMemories"},{"floor":7,"key":"AttackPotion"},{"floor":13,"key":"SneckoOil"},{"floor":16,"key":"Explosive Potion"},{"floor":21,"key":"ElixirPotion"},{"floor":22,"key":"Weak Potion"}],"is_trial":false,"path_per_floor":["M","?","M","?","$","R","E","R","T","?","R","E","M","E","R","B",null,"M","$","M","M","M","R","$","M","T","E"],"character_chosen":"IRONCLAD","items_purchased":["Metallicize","MealTicket","Metallicize"],"campfire_rested":2,"item_purchase_floors":[5,19,19],"current_hp_per_floor":[76,76,78,67,67,67,64,64,64,64,84,87,87,67,67,31,73,71,71,60,46,28,55,70,49,49,0,0],"gold":123,"neow_bonus":"THREE_RARE_CARDS","is_daily":false,"chose_seed":false,"campfire_upgraded":3,"win_rate":0.0,"timestamp":1614235681,"path_taken":["M","?","M","?","$","R","E","R","T","?","R","E","?","E","R","BOSS","M","$","M","M","M","R","$","M","T","E"],"items_purchased_type":["Card","Relic","Card"],"build_version":"2020-12-22","purchased_purges":3,"victory":false,"max_hp_per_floor":[78,78,81,81,81,81,84,84,84,84,84,87,87,87,87,87,87,87,87,90,90,90,90,90,93,93,93,93],"card_choices":[{"not_picked":["Corruption","Exhume"],"picked":"Feed","floor":0},{"not_picked":["Second Wind","Havoc"],"picked":"Power Through","floor":1},{"not_picked":["Headbutt","Bloodletting"],"picked":"Rampage","floor":3},{"not_picked":["Clothesline","Armaments"],"picked":"Evolve","floor":7},{"not_picked":["Burning Pact","Cleave"],"picked":"Wild Strike","floor":12},{"not_picked":["Shrug It Off","Havoc"],"picked":"Sever Soul","floor":13},{"not_picked":["Shrug It Off","Pommel Strike"],"picked":"Fire Breathing","floor":14},{"not_picked":["Demon Form","Offering"],"picked":"Double Tap","floor":16},{"not_picked":["Thunderclap","Combust","Seeing Red"],"picked":"SKIP","floor":18},{"not_picked":["Sword Boomerang","Headbutt"],"picked":"Fire Breathing+1","floor":20},{"not_picked":["Intimidate","Combust","Flex"],"picked":"SKIP","floor":21},{"not_picked":["Anger","Whirlwind+1"],"picked":"Fire Breathing+1","floor":22},{"not_picked":["Body Slam+1","Sever Soul"],"picked":"Disarm","floor":25}],"player_experience":1437820,"relics_obtained":[{"floor":7,"key":"Blood Vial"},{"floor":9,"key":"Bottled Flame"},{"floor":12,"key":"Bronze Scales"},{"floor":14,"key":"Kunai"},{"floor":17,"key":"Toy Ornithopter"},{"floor":17,"key":"HornCleat"},{"floor":17,"key":"Old Coin"}],"event_choices":[{"damage_healed":0,"gold_gain":50,"player_choice":"Gained Gold","damage_taken":0,"max_hp_gain":0,"max_hp_loss":0,"event_name":"Golden Wing","floor":2,"gold_loss":0},{"damage_healed":0,"gold_gain":0,"player_choice":"Success","damage_taken":11,"relics_obtained":["Blue Candle"],"max_hp_gain":0,"max_hp_loss":0,"event_name":"Scrap Ooze","floor":4,"gold_loss":0},{"damage_healed":0,"gold_gain":0,"player_choice":"Upgraded","damage_taken":0,"max_hp_gain":0,"max_hp_loss":0,"event_name":"Upgrade Shrine","floor":10,"gold_loss":0,"cards_upgraded":["Rampage"]}],"is_beta":false,"boss_relics":[{"not_picked":["SlaversCollar","Astrolabe"],"picked":"Calling Bell"}],"items_purged_floors":[5,19,24],"is_endless":false,"potions_floor_spawned":[3,7,13,16,21,22],"killed_by":"Slavers","ascension_level":20}}