{"host":"y4fuci1jk2rsxnep","time":1614278451,"event":{"mods":["AchievementEnabler","BaseMod","Colored Powertips","Custom Start","Defuse TimeMaze Blight","Dio Mod","Downfall","Hermit","Hero for Fun","Hubris","Hunter ??","Infinite Spire","Minty Spire (QoL Compilation)","Quick Restart","Reliquary","Remove Card Discount Mod","Replay The Spire","StSLib","The Blackbeard","The Bug Knight","The Mystic","The Runesmith"],"gold_per_floor":[115,127,140,152,163,188,216,216,288,323,323,358,371,389,389,493,493,513,532,548,548,548,575,571,605,629,728,753,780,780,778,778,882,882,895,913,763,763,763,788,798,817,844,844,844,875,909,925,990,1090,1090,1090],"floor_reached":51,"language":"ENG","playtime":3457,"items_purged":["hermit:Adapt+1","hermit:Covet+1","hermit:Gestalt"],"score":1470,"play_id":"d7b15fdb-d43b-402d-a6e1-862fd9fd2f1c","local_time":"20210225194051","daily_mods":["Time Dilation","Flight"],"is_ascension_mode":false,"campfire_choices":[{"floor":32,"key":"REST"}],"circlet_count":0,"master_deck":["hermit:Purgatory+1","hermit:CursedWeapon+1","hermit:CursedWeapon+1","hermit:CursedWeapon+1","hermit:CursedWeapon+1","hermit:Virtue+1","hermit:HeroicBravado+1","hermit:HeroicBravado+1","hermit:HeroicBravado+1","hermit:HeroicBravado+1","hermit:EternalForm+1","hermit:EternalForm+1","hermit:EternalForm+1","hermit:EternalForm+1","hermit:EternalForm+1","hermit:EternalForm"],"relics":["hermit:Momento","Replay:Antivirus Software","Bird Faced Urn","Burning Blood","hermit:ClaspedLocket","ClockworkSouvenir","Durian","reliquary:FingerTrap","reliquary:Firecrackers","FossilizedHelix","Medical Kit","hubris:MedicalManual","Unceasing Top","infinitespire:Magic Flask","infinitespire:ShieldingShard","reliquary:PrincelyHelmet","Blue Candle","hermit:ClaspedLocket","reliquary:SharkskinSheath","Lantern","Kunai","SacredBark","Membership Card","Sundial","Replay:Wax Seal","Black Star"],"acts_visited":["Exordium","TheCity","TheBeyond","Exordium"],"potions_floor_usage":[],"damage_taken":[{"damage":0,"enemies":"Small Slimes","floor":1,"turns":1},{"damage":0,"enemies":"Jaw Worm","floor":2,"turns":1},{"damage":0,"enemies":"Cultist","floor":3,"turns":2},{"damage":0,"enemies":"Blue Slaver","floor":4,"turns":2},{"damage":3,"enemies":"3 Louse","floor":5,"turns":3},{"damage":0,"enemies":"3 Sentries","floor":6,"turns":1},{"damage":0,"enemies":"Gremlin Nob","floor":7,"turns":2},{"damage":0,"enemies":"Lagavulin","floor":10,"turns":1},{"damage":0,"enemies":"3 Sentries","floor":12,"turns":2},{"damage":0,"enemies":"Lots of Slimes","floor":13,"turns":2},{"damage":0,"enemies":"Blue Slaver","floor":14,"turns":1},{"damage":0,"enemies":"The Guardian","floor":16,"turns":3},{"damage":0,"enemies":"3 Byrds","floor":18,"turns":1},{"damage":0,"enemies":"Shell Parasite","floor":19,"turns":1},{"damage":0,"enemies":"Centurion and Healer","floor":20,"turns":1},{"damage":0,"enemies":"Nightmare","floor":23,"turns":1},{"damage":0,"enemies":"HollowMod:Nosk","floor":25,"turns":1},{"damage":0,"enemies":"Slavers","floor":28,"turns":1},{"damage":0,"enemies":"Replay:Snechameleon","floor":29,"turns":1},{"damage":0,"enemies":"Champ","floor":33,"turns":1},{"damage":0,"enemies":"3 Darklings","floor":35,"turns":2},{"damage":0,"enemies":"3 Shapes","floor":36,"turns":1},{"damage":0,"enemies":"Nemesis","floor":40,"turns":1},{"damage":0,"enemies":"Writhing Mass","floor":41,"turns":2},{"damage":0,"enemies":"3 Darklings","floor":42,"turns":1},{"damage":0,"enemies":"R_Hoarder","floor":46,"turns":2},{"damage":0,"enemies":"Giant Head","floor":47,"turns":2},{"damage":0,"enemies":"4 Shapes","floor":48,"turns":1},{"damage":0,"enemies":"Awakened One","floor":50,"turns":3}],"seed_played":"-1844644931433568546","potions_obtained":[{"floor":5,"key":"Venom Potion"},{"floor":7,"key":"Swift Potion"},{"floor":12,"key":"Dexterity Potion"},{"floor":23,"key":"Adrenaline Potion"}],"is_trial":true,"path_per_floor":["M","M","M","M","M","E","E","?","T","E","?","E","M","M","R","B",null,"M","M","M","AVR","?","NM","$","E","T","?","E","E","?","$","R","B",null,"M","M","$","?","AVR","E","M","M","T","$","?","E","E","M","R","B",null],"character_chosen":"HERMIT","items_purchased":["Membership Card"],"campfire_rested":1,"item_purchase_floors":[37],"current_hp_per_floor":[80,80,80,80,80,80,80,80,80,80,80,80,80,80,75,80,80,80,80,80,80,80,80,80,80,80,80,80,80,80,80,80,80,80,80,80,80,80,80,80,80,80,80,80,80,80,80,80,80,80,80,80],"gold":1090,"neow_bonus":"","is_daily":false,"chose_seed":false,"campfire_upgraded":0,"win_rate":0.0,"timestamp":1614278451,"path_taken":["M","M","M","M","M","E","E","?","T","E","?","E","?","M","R","BOSS","M","M","?","AVR","?","NM","$","E","T","?","E","E","?","$","R","BOSS","M","M","$","?","AVR","E","?","M","T","$","?","E","E","?","R","BOSS"],"items_purchased_type":["Relic"],"build_version":"2020-12-22","purchased_purges":3,"victory":false,"max_hp_per_floor":[80,80,80,80,80,80,80,80,80,80,80,80,80,80,80,80,80,80,80,80,80,80,80,80,80,80,80,80,80,80,80,80,80,80,80,80,80,80,80,80,80,80,80,80,80,80,80,80,80,80,80,80],"card_choices":[{"not_picked":["hermit:Desperado","hermit:Midnight","hermit:Enervate"],"picked":"SKIP","floor":1},{"not_picked":["hermit:Coalescence","hermit:LowProfile","hermit:Brawl"],"picked":"SKIP","floor":2},{"not_picked":["hermit:Coalescence","hermit:Vantage","hermit:Spite"],"picked":"SKIP","floor":3},{"not_picked":["hermit:CalledShot","hermit:Glare","hermit:Enervate"],"picked":"SKIP","floor":4},{"not_picked":["hermit:LowProfile","hermit:Cheat"],"picked":"hermit:Adapt","floor":5},{"not_picked":["hermit:Manifest","hermit:Roughhouse","hermit:Deadeye"],"picked":"SKIP","floor":6},{"not_picked":["hermit:Virtue","hermit:Ricochet","hermit:DeadMansHand"],"picked":"SKIP","floor":7},{"not_picked":["hermit:Horror","hermit:Snipe","hermit:Headshot"],"picked":"SKIP","floor":10},{"not_picked":["hermit:Quickdraw","hermit:NoHoldsBarred","hermit:Horror"],"picked":"SKIP","floor":12},{"not_picked":["hermit:SprayPray","hermit:HighCaliber","hermit:Roughhouse"],"picked":"SKIP","floor":13},{"not_picked":["hermit:Coalescence","hermit:Malice","hermit:LoneWolf"],"picked":"SKIP","floor":14},{"not_picked":["hermit:Snipe","hermit:Misfire+1","hermit:ShadowCloak"],"picked":"SKIP","floor":18},{"not_picked":["hermit:CalledShot","hermit:TrackingShot","hermit:Adapt"],"picked":"SKIP","floor":19},{"not_picked":["hermit:BodyArmor","hermit:Horror","hermit:Quickdraw"],"picked":"SKIP","floor":20},{"not_picked":["hermit:Midnight","hermit:CursedWeapon","hermit:Quickdraw"],"picked":"SKIP","floor":23},{"not_picked":["hermit:Showdown","hermit:FatalDesire","hermit:FlashPowder"],"picked":"SKIP","floor":25},{"not_picked":["hermit:Scavenge","hermit:Shortfuse+1","hermit:Misfire"],"picked":"SKIP","floor":28},{"not_picked":["hermit:Magnum","hermit:Dive","hermit:Headshot+1"],"picked":"SKIP","floor":29},{"not_picked":["hermit:Roulette+1","hermit:Glare","hermit:LowProfile+1"],"picked":"SKIP","floor":35},{"not_picked":["hermit:TrackingShot","hermit:Deadeye+1","hermit:ItchyTrigger"],"picked":"SKIP","floor":36},{"not_picked":["hermit:Determination+1","hermit:Deadeye+1","hermit:Grudge"],"picked":"SKIP","floor":40},{"not_picked":["hermit:ItchyTrigger","hermit:Deadeye","hermit:Desperado+1"],"picked":"SKIP","floor":41},{"not_picked":["hermit:FlashPowder","hermit:Desperado","hermit:ItchyTrigger+1"],"picked":"SKIP","floor":42},{"not_picked":["hermit:Combo","hermit:Maintenance","hermit:SprayPray+1"],"picked":"SKIP","floor":46},{"not_picked":["hermit:Coalescence","hermit:TrackingShot","hermit:Purgatory"],"picked":"SKIP","floor":47},{"not_picked":["hermit:LowProfile","hermit:LuckOfTheDraw+1","hermit:Feint"],"picked":"SKIP","floor":48},{"not_picked":["hermit:DeadOrAlive","hermit:Adapt"],"picked":"hermit:EternalForm","floor":50}],"player_experience":716044,"relics_obtained":[{"floor":7,"key":"infinitespire:Magic Flask"},{"floor":9,"key":"infinitespire:ShieldingShard"},{"floor":10,"key":"reliquary:PrincelyHelmet"},{"floor":23,"key":"reliquary:SharkskinSheath"},{"floor":25,"key":"Lantern"},{"floor":29,"key":"Kunai"},{"floor":40,"key":"Sundial"},{"floor":43,"key":"Replay:Wax Seal"}],"event_choices":[{"damage_healed":0,"gold_gain":0,"player_choice":"Forge","damage_taken":0,"max_hp_gain":0,"max_hp_loss":0,"event_name":"Accursed Blacksmith","floor":11,"gold_loss":0,"cards_upgraded":["hermit:Adapt"]},{"damage_healed":0,"gold_gain":99,"player_choice":"Stole From Cult","damage_taken":0,"max_hp_gain":0,"max_hp_loss":0,"event_name":"Nest","floor":27,"gold_loss":0},{"damage_healed":0,"gold_gain":0,"player_choice":"Read","damage_taken":0,"max_hp_gain":0,"max_hp_loss":0,"event_name":"The Library","floor":30,"gold_loss":0,"cards_obtained":["hermit:Gestalt"]},{"damage_healed":0,"gold_gain":0,"player_choice":"Ignored","damage_taken":0,"max_hp_gain":0,"max_hp_loss":0,"event_name":"SecretPortal","floor":38,"gold_loss":0},{"damage_healed":0,"gold_gain":0,"player_choice":"Bought 0 Potions","damage_taken":0,"max_hp_gain":0,"max_hp_loss":0,"event_name":"The Woman in Blue","floor":45,"gold_loss":0}],"is_beta":false,"boss_relics":[{"not_picked":["reliquary:KinkedSpring","expansioncontent:StudyCardRelic","Replay:Wanted Poster"]},{"not_picked":["Snecko Eye","hubris:Stopwatch"],"picked":"SacredBark"},{"not_picked":["Replay:Bronze Core","SlaversCollar"],"picked":"Black Star"}],"items_purged_floors":[24,24,31],"is_endless":true,"potions_floor_spawned":[5,7,12,13,14,18,23,25,29,35,36,41,48],"ascension_level":0}}