{"host":"70zhvo5nwrhp1mbg","time":1614223666,"event":{"mods":["AchievementEnabler","BaseMod","Bestiary","Colored Map","Colored Powertips","Minty Spire (QoL Compilation)","Rare Cards Sparkle","Relic Stats","StSLib","ojb\u0027s Better Paths Mod","ojb\u0027s Info Mod: The sequel"],"gold_per_floor":[119,119,119,132,207,207,240,252,321,321,336,365,384,413,413,487,487,506,506,506,522,31,58,78,78,78,78,104,120,133,163,163,234,234,247,262,61,61,127,153,153,184,184,184,198,29,29,29,29,29],"floor_reached":51,"language":"ENG","playtime":4422,"items_purged":["Strike_R","Strike_R"],"score":1534,"play_id":"c7fea3c5-fba3-4b3d-b53a-996cac078b18","local_time":"20210224222746","is_ascension_mode":true,"campfire_choices":[{"data":"Bash","floor":6,"key":"SMITH"},{"data":"Armaments","floor":15,"key":"SMITH"},{"data":"Entrench","floor":25,"key":"SMITH"},{"data":"Limit Break","floor":27,"key":"SMITH"},{"data":"Spot Weakness","floor":32,"key":"SMITH"},{"data":"Entrench","floor":41,"key":"SMITH"},{"data":"Corruption","floor":47,"key":"SMITH"},{"data":"Heavy Blade","floor":49,"key":"SMITH"}],"circlet_count":0,"master_deck":["AscendersBane","Strike_R","Defend_R+1","Defend_R","Defend_R","Defend_R","Bash+1","Cleave","Spot Weakness+1","Armaments+1","Anger","True Grit","Carnage","Dual Wield+1","Limit Break+1","Shrug It Off+1","Infernal Blade","Evolve","Shrug It Off","Entrench+1","Anger+1","Shrug It Off+1","Body Slam+1","Feed","Corruption+1","Heavy Blade+1","Entrench+1","Entrench+1","Feel No Pain"],"relics":["Burning Blood","NeowsBlessing","Red Skull","Self Forming Clay","CaptainsWheel","Juzu Bracelet","Runic Pyramid","Matryoshka","Question Card","Boot","InkBottle","Eternal Feather","Incense Burner","Mark of Pain","Lee\u0027s Waffle","Happy Flower","Akabeko","PreservedInsect","Ancient Tea Set","Smiling Mask","War Paint"],"acts_visited":["Exordium","TheCity","TheBeyond"],"potions_floor_usage":[11,12,16,28,29,30,31,33,42,50],"damage_taken":[{"damage":0,"enemies":"2 Louse","floor":1,"turns":1},{"damage":0,"enemies":"Jaw Worm","floor":4,"turns":1},{"damage":0,"enemies":"Lagavulin","floor":7,"turns":1},{"damage":7,"enemies":"Small Slimes","floor":8,"turns":3},{"damage":11,"enemies":"Gremlin Gang","floor":11,"turns":5},{"damage":17,"enemies":"3 Sentries","floor":12,"turns":8},{"damage":4,"enemies":"Looter","floor":13,"turns":3},{"damage":38,"enemies":"Lagavulin","floor":14,"turns":8},{"damage":40,"enemies":"The Guardian","floor":16,"turns":12},{"damage":18,"enemies":"Spheric Guardian","floor":18,"turns":7},{"damage":8,"enemies":"Chosen","floor":21,"turns":6},{"damage":124,"enemies":"Gremlin Leader","floor":23,"turns":13},{"damage":15,"enemies":"Sentry and Sphere","floor":24,"turns":7},{"damage":48,"enemies":"Slavers","floor":28,"turns":6},{"damage":14,"enemies":"Snake Plant","floor":29,"turns":3},{"damage":30,"enemies":"Snecko","floor":30,"turns":7},{"damage":72,"enemies":"Gremlin Leader","floor":31,"turns":11},{"damage":76,"enemies":"Champ","floor":33,"turns":11},{"damage":0,"enemies":"3 Shapes","floor":35,"turns":4},{"damage":42,"enemies":"3 Darklings","floor":36,"turns":4},{"damage":58,"enemies":"Nemesis","floor":40,"turns":6},{"damage":79,"enemies":"Giant Head","floor":42,"turns":9},{"damage":57,"enemies":"Transient","floor":45,"turns":6},{"damage":51,"enemies":"Awakened One","floor":50,"turns":13}],"seed_played":"-6397184039289677962","potions_obtained":[{"floor":1,"key":"AttackPotion"},{"floor":4,"key":"LiquidMemories"},{"floor":14,"key":"Dexterity Potion"},{"floor":21,"key":"GamblersBrew"},{"floor":24,"key":"ColorlessPotion"},{"floor":28,"key":"Block Potion"},{"floor":29,"key":"Strength Potion"},{"floor":30,"key":"DistilledChaos"},{"floor":35,"key":"Block Potion"},{"floor":45,"key":"BloodPotion"}],"is_trial":false,"path_per_floor":["M","?","?","M","?","R","E","M","T","?","M","E","M","E","R","B",null,"M","?","?","M","$","E","M","R","T","R","E","M","M","E","R","B",null,"M","M","$","?","$","E","R","E","T","?","M","$","R","?","R","B",null],"character_chosen":"IRONCLAD","items_purchased":["Matryoshka","Evolve","Shrug It Off","Lee\u0027s Waffle","Entrench","Feel No Pain","Happy Flower","War Paint"],"campfire_rested":0,"item_purchase_floors":[22,22,22,37,37,39,39,46],"current_hp_per_floor":[74,79,79,80,69,69,75,74,74,62,57,46,48,16,16,42,71,59,90,90,88,88,20,11,11,11,11,19,51,27,54,69,49,80,89,53,100,100,100,48,66,23,23,100,49,49,67,67,82,55],"gold":29,"neow_bonus":"THREE_ENEMY_KILL","is_daily":false,"chose_seed":false,"campfire_upgraded":8,"win_rate":0.0,"timestamp":1614223666,"path_taken":["M","?","?","M","?","R","E","M","T","?","?","E","M","E","R","BOSS","M","?","?","M","?","E","M","R","T","R","E","M","M","E","R","BOSS","M","M","?","?","$","E","R","E","T","?","M","$","R","?","R","BOSS"],"items_purchased_type":["Relic","Card","Card","Relic","Card","Card","Relic","Relic"],"build_version":"2020-12-22","purchased_purges":2,"victory":true,"max_hp_per_floor":[75,80,80,80,80,80,80,80,80,80,80,80,80,80,80,80,80,80,90,90,90,90,90,90,90,90,90,90,90,90,90,90,90,90,93,93,100,100,100,100,100,100,100,100,100,100,100,100,100,100],"relic_stats":{"Lee\u0027s Waffle":47,"Happy Flower":[11],"counters":[24,155],"Self Forming Clay":[240],"Eternal Feather":66,"PreservedInsect":0,"Juzu Bracelet":2,"War Paint":["Dual Wield","Defend_R"],"Question Card":11,"Boot":[20],"Smiling Mask":0,"Burning Blood":139,"obtain_stats":[{"Lee\u0027s Waffle":37,"NeowsBlessing":0,"Happy Flower":39,"Self Forming Clay":9,"Eternal Feather":28,"PreservedInsect":42,"Juzu Bracelet":14,"Incense Burner":31,"War Paint":46,"Question Card":23,"Boot":26,"Ancient Tea Set":43,"Smiling Mask":43,"Burning Blood":0,"Akabeko":40,"CaptainsWheel":12,"Matryoshka":22,"Mark of Pain":34,"Red Skull":7,"InkBottle":26,"Runic Pyramid":17},{"Lee\u0027s Waffle":20,"NeowsBlessing":0,"Happy Flower":20,"Self Forming Clay":4,"Eternal Feather":14,"PreservedInsect":22,"Juzu Bracelet":8,"Incense Burner":17,"War Paint":23,"Question Card":12,"Boot":13,"Ancient Tea Set":22,"Smiling Mask":22,"Burning Blood":0,"Akabeko":21,"CaptainsWheel":6,"Matryoshka":11,"Mark of Pain":18,"Red Skull":3,"InkBottle":13,"Runic Pyramid":9},{"Lee\u0027s Waffle":121,"NeowsBlessing":0,"Happy Flower":121,"Self Forming Clay":6,"Eternal Feather":81,"PreservedInsect":136,"Juzu Bracelet":30,"Incense Burner":102,"War Paint":142,"Question Card":68,"Boot":75,"Ancient Tea Set":136,"Smiling Mask":136,"Burning Blood":0,"Akabeko":127,"CaptainsWheel":19,"Matryoshka":55,"Mark of Pain":113,"Red Skull":3,"InkBottle":75,"Runic Pyramid":42}],"InkBottle":[29]},"card_choices":[{"not_picked":["Body Slam","Dark Embrace"],"picked":"Cleave","floor":1},{"not_picked":["Flex","Power Through"],"picked":"Spot Weakness","floor":4},{"not_picked":["Evolve","Headbutt"],"picked":"Armaments","floor":7},{"not_picked":["Armaments","Cleave"],"picked":"Anger","floor":8},{"not_picked":["Uppercut","Clash"],"picked":"True Grit","floor":11},{"not_picked":["Metallicize","Infernal Blade"],"picked":"Carnage","floor":12},{"not_picked":["Whirlwind","Armaments"],"picked":"Dual Wield","floor":13},{"not_picked":["Twin Strike","Warcry"],"picked":"Limit Break","floor":14},{"not_picked":["Double Tap","Brutality"],"picked":"Limit Break","floor":16},{"not_picked":["Rupture","Perfected Strike"],"picked":"Shrug It Off+1","floor":18},{"not_picked":["Heavy Blade","Cleave","Rampage"],"picked":"SKIP","floor":21},{"not_picked":["Clothesline","Thunderclap","Armaments"],"picked":"SKIP","floor":23},{"not_picked":["Shrug It Off","Limit Break","Thunderclap"],"picked":"Entrench","floor":24},{"not_picked":["Dark Embrace","Clothesline","Wild Strike"],"picked":"Anger+1","floor":28},{"not_picked":["Blood for Blood","Bloodletting","Cleave"],"picked":"Shrug It Off+1","floor":29},{"not_picked":["Warcry","True Grit","Whirlwind"],"picked":"Body Slam+1","floor":30},{"not_picked":["Sever Soul","Armaments","Shrug It Off"],"picked":"Feed","floor":31},{"not_picked":["Limit Break","Barricade","Bludgeon"],"picked":"Corruption","floor":33},{"not_picked":["Sword Boomerang+1","Searing Blow","Warcry","Iron Wave"],"picked":"SKIP","floor":35},{"not_picked":["Anger","Sword Boomerang","Headbutt"],"picked":"Heavy Blade","floor":36},{"not_picked":["Havoc","Thunderclap","Armaments","Feed"],"picked":"SKIP","floor":40},{"not_picked":["True Grit","Searing Blow","Armaments","Havoc"],"picked":"SKIP","floor":42},{"not_picked":["Clothesline","Heavy Blade","Sever Soul","Thunderclap"],"picked":"SKIP","floor":45}],"player_experience":720298,"relics_obtained":[{"floor":7,"key":"Red Skull"},{"floor":9,"key":"Self Forming Clay"},{"floor":12,"key":"CaptainsWheel"},{"floor":14,"key":"Juzu Bracelet"},{"floor":23,"key":"Question Card"},{"floor":26,"key":"Boot"},{"floor":26,"key":"InkBottle"},{"floor":28,"key":"Eternal Feather"},{"floor":31,"key":"Incense Burner"},{"floor":40,"key":"Akabeko"},{"floor":42,"key":"PreservedInsect"},{"floor":43,"key":"Ancient Tea Set"},{"floor":43,"key":"Smiling Mask"}],"event_choices":[{"damage_healed":0,"gold_gain":0,"player_choice":"Donut","damage_taken":0,"max_hp_gain":5,"max_hp_loss":0,"event_name":"Big Fish","floor":2,"gold_loss":0},{"damage_healed":0,"gold_gain":0,"player_choice":"Ignored","damage_taken":0,"max_hp_gain":0,"max_hp_loss":0,"event_name":"Golden Wing","floor":3,"gold_loss":0},{"damage_healed":0,"gold_gain":75,"player_choice":"Gather Gold","damage_taken":11,"max_hp_gain":0,"max_hp_loss":0,"event_name":"World of Goop","floor":5,"gold_loss":0},{"damage_healed":0,"gold_gain":0,"player_choice":"Damaged","damage_taken":12,"max_hp_gain":0,"max_hp_loss":0,"event_name":"Wheel of Change","floor":10,"gold_loss":0},{"cards_removed":["Limit Break"],"damage_healed":21,"gold_gain":0,"player_choice":"Offered Rare","damage_taken":0,"max_hp_gain":10,"max_hp_loss":0,"event_name":"Bonfire Elementals","floor":19,"gold_loss":0},{"damage_healed":0,"gold_gain":0,"cards_transformed":["Strike_R"],"player_choice":"Transformed","damage_taken":0,"max_hp_gain":0,"max_hp_loss":0,"event_name":"Transmorgrifier","floor":20,"gold_loss":0,"cards_obtained":["Infernal Blade"]},{"damage_healed":0,"gold_gain":0,"player_choice":"Copied","damage_taken":0,"max_hp_gain":0,"max_hp_loss":0,"event_name":"Duplicator","floor":38,"gold_loss":0,"cards_obtained":["Entrench"]},{"damage_healed":77,"gold_gain":0,"player_choice":"Heal","damage_taken":0,"max_hp_gain":0,"max_hp_loss":0,"event_name":"MindBloom","floor":44,"gold_loss":0,"cards_obtained":["Doubt"]},{"cards_removed":["Strike_R"],"damage_healed":0,"gold_gain":0,"player_choice":"Purged","damage_taken":0,"max_hp_gain":0,"max_hp_loss":0,"event_name":"Purifier","floor":48,"gold_loss":0}],"is_beta":false,"boss_relics":[{"not_picked":["Sozu","Runic Dome"],"picked":"Runic Pyramid"},{"not_picked":["SlaversCollar","Black Blood"],"picked":"Mark of Pain"}],"items_purged_floors":[22,39],"is_endless":false,"potions_floor_spawned":[1,4,7,14,21,24,28,29,30,35,45],"ascension_level":18}}