{"host":"qp7xs8nuzfsyommi","time":1614289317,"event":{"mods":["2.2 Compatiblity","BaseMod","Colored Powertips","DeckTracker","Highlight Path","Minty Spire (QoL Compilation)","Permanent Neow","Quick Restart","StSLib","Weighted Paths"],"gold_per_floor":[368,385,58,68,79,114,72,72,150,150,168,93,121,121,121,199,199,216,176,131,131,43,43,72,72,144,144,173,184,109,121,121,200,200,211,42,0,0,20,20,32,32,32,57,75,75,91,91,91,91,91,91,91,37,64,64],"floor_reached":57,"language":"ENG","playtime":4668,"items_purged":[],"score":2546,"play_id":"ced4e001-c40b-4d35-a810-0678e78ff012","local_time":"20210225164157","is_ascension_mode":true,"campfire_choices":[{"data":"Loop","floor":8.0,"key":"SMITH"},{"data":"Capacitor","floor":10.0,"key":"SMITH"},{"data":"Barrage","floor":15.0,"key":"SMITH"},{"floor":23.0,"key":"RECALL"},{"data":"Defragment","floor":25.0,"key":"SMITH"},{"floor":27.0,"key":"REST"},{"floor":32.0,"key":"REST"},{"data":"Coolheaded","floor":40.0,"key":"SMITH"},{"data":"Chill","floor":42,"key":"SMITH"},{"data":"Fission","floor":46,"key":"SMITH"},{"data":"Echo Form","floor":49,"key":"SMITH"},{"floor":53,"key":"REST"}],"circlet_count":0,"master_deck":["AscendersBane","Defend_B","Defend_B","Zap","Dualcast","Chill","Doom and Gloom","Capacitor+1","Barrage+1","Chill+1","Glacier","Loop+1","Coolheaded+1","Machine Learning+1","CurseOfTheBell","Melter","White Noise","Defragment+1","Glacier+1","Echo Form+1","Barrage+1","Reinforced Body+1","Meteor Strike+1","Hologram+1","Defragment+1","PanicButton","Gash+1","Gash","Fission+1","Consume+1","Streamline+1","All For One"],"relics":["Cracked Core","Meat on the Bone","Bird Faced Urn","Art of War","DataDisk","Calling Bell","Lizard Tail","Shuriken","Potion Belt","Ancient Tea Set","Matryoshka","Omamori","Astrolabe","DollysMirror","Red Mask","Orichalcum","Mercury Hourglass","Prayer Wheel","Vajra"],"acts_visited":["Exordium","TheCity","TheBeyond","TheEnding"],"potions_floor_usage":[41,56,56,56,56],"damage_taken":[{"damage":1.0,"enemies":"Cultist","floor":1.0,"turns":3.0},{"damage":4.0,"enemies":"Small Slimes","floor":2.0,"turns":4.0},{"damage":0.0,"enemies":"2 Louse","floor":4.0,"turns":2.0},{"damage":16.0,"enemies":"Red Slaver","floor":5.0,"turns":4.0},{"damage":29.0,"enemies":"3 Sentries","floor":6.0,"turns":11.0},{"damage":13.0,"enemies":"Large Slime","floor":11.0,"turns":4.0},{"damage":20.0,"enemies":"Lagavulin","floor":13.0,"turns":4.0},{"damage":11.0,"enemies":"The Guardian","floor":16.0,"turns":8.0},{"damage":1.0,"enemies":"3 Byrds","floor":18.0,"turns":7.0},{"damage":9.0,"enemies":"2 Thieves","floor":20.0,"turns":5.0},{"damage":40.0,"enemies":"Slavers","floor":24.0,"turns":12.0},{"damage":61.0,"enemies":"Book of Stabbing","floor":28.0,"turns":6.0},{"damage":18.0,"enemies":"Centurion and Healer","floor":29.0,"turns":8.0},{"damage":19.0,"enemies":"Shelled Parasite and Fungi","floor":31.0,"turns":5.0},{"damage":18.0,"enemies":"Collector","floor":33.0,"turns":9.0},{"damage":24.0,"enemies":"3 Shapes","floor":35.0,"turns":7.0},{"damage":25.0,"enemies":"Orb Walker","floor":39.0,"turns":6.0},{"damage":5,"enemies":"Spire Growth","floor":41,"turns":7},{"damage":0,"enemies":"Mind Bloom Boss Battle","floor":44,"turns":6},{"damage":0,"enemies":"4 Shapes","floor":45,"turns":7},{"damage":2,"enemies":"Writhing Mass","floor":47,"turns":6},{"damage":36,"enemies":"Awakened One","floor":50,"turns":11},{"damage":35,"enemies":"Time Eater","floor":51,"turns":15},{"damage":8,"enemies":"Shield and Spear","floor":55,"turns":8},{"damage":104,"enemies":"The Heart","floor":56,"turns":14}],"seed_played":"241006646573761240","potions_obtained":[{"floor":4.0,"key":"SteroidPotion"},{"floor":5.0,"key":"Fruit Juice"},{"floor":13.0,"key":"Block Potion"},{"floor":16.0,"key":"PotionOfCapacity"},{"floor":19.0,"key":"Fruit Juice"},{"floor":19.0,"key":"ColorlessPotion"},{"floor":19.0,"key":"SneckoOil"},{"floor":20.0,"key":"Ancient Potion"},{"floor":24.0,"key":"ColorlessPotion"},{"floor":35.0,"key":"AttackPotion"},{"floor":41,"key":"EssenceOfSteel"},{"floor":44,"key":"Dexterity Potion"},{"floor":55,"key":"AttackPotion"}],"is_trial":false,"path_per_floor":["M","M","$","M","M","E","$","R","T","R","M","?","E","?","R","B",null,"M","?","M","?","$","R","E","R","T","R","E","M","?","M","R","B",null,"M","$","?","?","M","R","M","R","T","?","M","R","M","?","R","B","B",null,"R","$","E","B",null],"character_chosen":"DEFECT","items_purchased":["Meat on the Bone","Capacitor","Loop","White Noise","DollysMirror","FocusPotion"],"campfire_rested":3,"item_purchase_floors":[3,3,7,22,36,54],"current_hp_per_floor":[63,59,59,59,48,31,31,31,31,31,34,34,30,30,30,35,61,66,71,68,68,68,68,48,48,48,70,31,35,35,38,60,52,69,74,74,74,74,59,59,72,72,72,74,74,74,74,74,74,44,35,64,74,74,70,33],"gold":64,"neow_bonus":"TWO_FIFTY_GOLD","is_daily":false,"chose_seed":false,"campfire_upgraded":8,"win_rate":0.0,"timestamp":1614289317,"path_taken":["M","M","$","M","M","E","?","R","T","R","M","?","E","?","R","BOSS","M","?","?","?","?","R","E","R","T","R","E","M","?","?","R","BOSS","M","$","?","?","M","R","M","R","T","?","M","R","M","?","R","BOSS","BOSS","R","$","E","BOSS"],"items_purchased_type":["Relic","Card","Card","Card","Relic","Potion"],"build_version":"2020-12-22","purchased_purges":0,"victory":true,"max_hp_per_floor":[64,64,64,64,69,69,69,69,69,69,69,69,69,69,69,69,69,69,74,74,74,74,74,74,74,74,74,74,74,74,74,74,74,74,74,74,74,74,74,74,74,74,74,74,74,74,74,74,74,74,74,74,74,74,74,74],"card_choices":[{"not_picked":["Rebound","Cold Snap"],"picked":"Chill","floor":1.0},{"not_picked":["Barrage","Cold Snap"],"picked":"Doom and Gloom","floor":2.0},{"not_picked":["Redo","Conserve Battery"],"picked":"Barrage","floor":4.0},{"not_picked":["Steam","Conserve Battery"],"picked":"Chill","floor":5.0},{"not_picked":["Lockon","BootSequence"],"picked":"Glacier","floor":6.0},{"not_picked":["Thunder Strike","Reinforced Body"],"picked":"Coolheaded","floor":11.0},{"not_picked":["Rebound","Double Energy","Cold Snap"],"picked":"SKIP","floor":13.0},{"not_picked":["Thunder Strike","Meteor Strike"],"picked":"Machine Learning","floor":16.0},{"not_picked":["Lockon","Steam Power","Beam Cell+1"],"picked":"SKIP","floor":18.0},{"not_picked":["Sunder","Recycle"],"picked":"Melter","floor":20.0},{"not_picked":["Go for the Eyes","Hologram"],"picked":"Defragment","floor":24.0},{"not_picked":["Cold Snap","Ball Lightning","Reprogram"],"picked":"SKIP","floor":28.0},{"not_picked":["Hello World","Double Energy"],"picked":"Glacier+1","floor":29.0},{"not_picked":["Steam","Sweeping Beam","Coolheaded"],"picked":"SKIP","floor":31.0},{"not_picked":["Core Surge","Rainbow"],"picked":"Echo Form","floor":33.0},{"not_picked":["Streamline","Conserve Battery"],"picked":"Hologram+1","floor":35.0},{"not_picked":["Deep Breath","Good Instincts"],"picked":"PanicButton","floor":38.0},{"not_picked":["Redo","Leap+1"],"picked":"Gash+1","floor":39.0},{"not_picked":["Undo","Stack"],"picked":"Gash","floor":41},{"not_picked":["Beam Cell+1","Redo"],"picked":"Fission","floor":45},{"not_picked":["Leap","Compile Driver","Stack"],"picked":"SKIP","floor":45},{"not_picked":["Leap","Compile Driver","Stack"],"picked":"SKIP","floor":45},{"not_picked":["Sunder","Doom and Gloom"],"picked":"Consume+1","floor":47},{"not_picked":["Sweeping Beam","Hologram"],"picked":"Streamline+1","floor":47},{"not_picked":["Rebound+1","Conserve Battery"],"picked":"All For One","floor":55}],"player_experience":1530190,"relics_obtained":[{"floor":6.0,"key":"Bird Faced Urn"},{"floor":13.0,"key":"Art of War"},{"floor":17.0,"key":"Lizard Tail"},{"floor":17.0,"key":"Shuriken"},{"floor":17.0,"key":"Potion Belt"},{"floor":24.0,"key":"Ancient Tea Set"},{"floor":26.0,"key":"Matryoshka"},{"floor":28.0,"key":"Omamori"},{"floor":43,"key":"Orichalcum"},{"floor":43,"key":"Mercury Hourglass"},{"floor":44,"key":"Prayer Wheel"},{"floor":55,"key":"Vajra"}],"event_choices":[{"cards_removed":["Strike_B"],"damage_healed":0.0,"max_hp_gain":0.0,"max_hp_loss":0.0,"gold_gain":0.0,"event_name":"The Cleric","player_choice":"Card Removal","floor":12.0,"gold_loss":75.0,"damage_taken":0.0},{"damage_healed":0.0,"max_hp_gain":0.0,"max_hp_loss":0.0,"gold_gain":0.0,"event_name":"Dead Adventurer","player_choice":"Searched \u00271\u0027 times","floor":14.0,"gold_loss":0.0,"damage_taken":0.0,"relics_obtained":["DataDisk"]},{"damage_healed":0.0,"max_hp_gain":0.0,"max_hp_loss":0.0,"gold_gain":0.0,"event_name":"The Woman in Blue","player_choice":"Bought 3 Potions","floor":19.0,"gold_loss":0.0,"damage_taken":0.0},{"damage_healed":0.0,"max_hp_gain":0.0,"max_hp_loss":0.0,"gold_gain":0.0,"event_name":"Upgrade Shrine","player_choice":"Upgraded","floor":21.0,"gold_loss":0.0,"damage_taken":0.0,"cards_upgraded":["Machine Learning"]},{"cards_removed":["Defend_B"],"damage_healed":0.0,"max_hp_gain":0.0,"max_hp_loss":0.0,"gold_gain":0.0,"event_name":"Beggar","player_choice":"Gave Gold","floor":30.0,"gold_loss":75.0,"damage_taken":0.0},{"damage_healed":0.0,"max_hp_gain":0.0,"max_hp_loss":0.0,"gold_gain":0.0,"event_name":"Tomb of Lord Red Mask","player_choice":"Paid","floor":37.0,"gold_loss":42.0,"damage_taken":0.0,"relics_obtained":["Red Mask"]},{"damage_healed":0.0,"max_hp_gain":0.0,"max_hp_loss":0.0,"gold_gain":0.0,"event_name":"SensoryStone","player_choice":"Memory 1","floor":38.0,"gold_loss":0.0,"damage_taken":0.0},{"damage_healed":0,"gold_gain":0,"player_choice":"Fight","damage_taken":0,"max_hp_gain":0,"max_hp_loss":0,"event_name":"MindBloom","floor":44,"gold_loss":0},{"cards_removed":["Strike_B"],"damage_healed":0,"gold_gain":0,"player_choice":"Purged","damage_taken":0,"max_hp_gain":0,"max_hp_loss":0,"event_name":"Purifier","floor":48,"gold_loss":0}],"is_beta":false,"boss_relics":[{"not_picked":["Nuclear Battery","Black Star"],"picked":"Calling Bell"},{"not_picked":["Busted Crown","Inserter"],"picked":"Astrolabe"}],"items_purged_floors":[],"is_endless":false,"potions_floor_spawned":[4,5,13,16,20,24,35,41,44,55],"ascension_level":20}}