{"host":"hbrjinenk1akq1dy","time":1614261838,"event":{"mods":["AchievementEnabler","BaseMod","Bestiary","Colored Map","Colored Powertips","Curses Come First","Highlight Path","Minty Spire (QoL Compilation)","Permanent Neow","Quick Restart","StSLib","SuperFastMode"],"gold_per_floor":[19,32,48,63,63,63,74,90,117,142,142,142,170,184,184,282,282,300,326,326,345,260,292,292,303,329,329,110,152,152,172,172,281,281,303,303,323,323,351,385,385,397,397,20,33,47,76,85,85,85],"floor_reached":51,"language":"ENG","playtime":1951,"items_purged":["Strike_R","Strike_R"],"score":1289,"play_id":"24615765-cc45-4d61-a7b4-8e5ec4ce038d","local_time":"20210225220358","is_ascension_mode":true,"campfire_choices":[{"data":"Bash","floor":6.0,"key":"SMITH"},{"data":"Immolate","floor":11.0,"key":"SMITH"},{"data":"Bludgeon","floor":15.0,"key":"SMITH"},{"floor":24.0,"key":"REST"},{"data":"RitualDagger","floor":27.0,"key":"SMITH"},{"data":"Feed","floor":30.0,"key":"SMITH"},{"data":"Blood for Blood","floor":32.0,"key":"SMITH"},{"data":"Shockwave","floor":41.0,"key":"SMITH"},{"floor":49,"key":"REST"}],"circlet_count":0,"master_deck":["AscendersBane","Strike_R","Strike_R","Defend_R","Defend_R","Defend_R","Defend_R","Bash+1","Immolate+1","Pommel Strike","Bludgeon+1","True Grit","Offering","Clothesline","Feed+1","Shrug It Off+1","RitualDagger+1","Disarm","Blood for Blood+1","Reaper","Offering","Shockwave+1","Battle Trance+1","Pommel Strike+1","Inflame","Shockwave+1"],"relics":["Burning Blood","PreservedInsect","Juzu Bracelet","Smiling Mask","Bronze Scales","Black Star","Red Mask","Bag of Preparation","Sundial","Eternal Feather","CeramicFish","Pen Nib","Tiny Chest","Red Skull","Snecko Eye","Happy Flower","Akabeko","HornCleat","Self Forming Clay","Potion Belt","Dream Catcher"],"acts_visited":["Exordium","TheCity","TheBeyond"],"potions_floor_usage":[50],"damage_taken":[{"damage":1.0,"enemies":"Cultist","floor":1.0,"turns":3.0},{"damage":7.0,"enemies":"Small Slimes","floor":2.0,"turns":3.0},{"damage":10.0,"enemies":"2 Louse","floor":3.0,"turns":2.0},{"damage":11.0,"enemies":"Looter","floor":4.0,"turns":2.0},{"damage":0.0,"enemies":"Large Slime","floor":7.0,"turns":3.0},{"damage":7.0,"enemies":"Exordium Wildlife","floor":8.0,"turns":3.0},{"damage":14.0,"enemies":"Gremlin Nob","floor":10.0,"turns":3.0},{"damage":5.0,"enemies":"3 Sentries","floor":13.0,"turns":3.0},{"damage":5.0,"enemies":"2 Fungi Beasts","floor":14.0,"turns":2.0},{"damage":10.0,"enemies":"Slime Boss","floor":16.0,"turns":9.0},{"damage":29.0,"enemies":"Shell Parasite","floor":18.0,"turns":3.0},{"damage":18.0,"enemies":"Masked Bandits","floor":19.0,"turns":3.0},{"damage":26.0,"enemies":"2 Thieves","floor":21.0,"turns":4.0},{"damage":18.0,"enemies":"Slavers","floor":23.0,"turns":2.0},{"damage":12.0,"enemies":"3 Cultists","floor":25.0,"turns":5.0},{"damage":29.0,"enemies":"Gremlin Leader","floor":29.0,"turns":3.0},{"damage":27.0,"enemies":"Snake Plant","floor":31.0,"turns":3.0},{"damage":80.0,"enemies":"Collector","floor":33.0,"turns":6.0},{"damage":17.0,"enemies":"3 Darklings","floor":35.0,"turns":4.0},{"damage":1.0,"enemies":"Orb Walker","floor":37.0,"turns":2.0},{"damage":6.0,"enemies":"3 Darklings","floor":39.0,"turns":2.0},{"damage":37.0,"enemies":"Giant Head","floor":40.0,"turns":6.0},{"damage":8.0,"enemies":"4 Shapes","floor":42.0,"turns":1.0},{"damage":13,"enemies":"Spire Growth","floor":45,"turns":2},{"damage":77,"enemies":"Transient","floor":46,"turns":5},{"damage":0,"enemies":"Reptomancer","floor":47,"turns":3},{"damage":48,"enemies":"Time Eater","floor":50,"turns":7}],"seed_played":"3767021527366706571","potions_obtained":[{"floor":2.0,"key":"ElixirPotion"},{"floor":3.0,"key":"Swift Potion"},{"floor":8.0,"key":"PowerPotion"},{"floor":10.0,"key":"Regen Potion"},{"floor":19.0,"key":"FairyPotion"},{"floor":23.0,"key":"ColorlessPotion"},{"floor":25.0,"key":"CultistPotion"},{"floor":35.0,"key":"Ancient Potion"},{"floor":40.0,"key":"Dexterity Potion"},{"floor":45,"key":"FairyPotion"}],"is_trial":false,"path_per_floor":["M","M","M","M","?","R","M","M","T","E","R","?","E","M","R","B",null,"M","?","?","M","?","E","R","M","T","R","$","E","R","M","R","B",null,"M","?","M","?","M","E","R","M","T","$","M","M","E","?","R","B",null],"character_chosen":"IRONCLAD","items_purchased":["Blood for Blood","Pen Nib","Self Forming Clay","Inflame"],"campfire_rested":2,"item_purchase_floors":[28,28,44,44],"current_hp_per_floor":[77,76,72,67,60,60,66,65,65,57,57,57,58,59,59,58,77,57,57,51,34,34,25,65,62,62,74,74,51,63,50,62,34,82,79,79,84,84,88,68,83,85,85,85,78,7,13,13,59,30],"gold":85,"neow_bonus":"THREE_RARE_CARDS","is_daily":false,"chose_seed":false,"campfire_upgraded":7,"win_rate":0.0,"timestamp":1614261838,"path_taken":["M","?","M","M","?","R","M","M","T","E","R","?","E","M","R","BOSS","M","?","?","M","?","E","R","M","T","R","$","E","R","M","R","BOSS","M","?","M","?","M","E","R","M","T","$","M","M","E","?","R","BOSS"],"items_purchased_type":["Card","Relic","Relic","Card"],"build_version":"2020-12-22","purchased_purges":2,"victory":true,"max_hp_per_floor":[80,80,80,80,80,80,80,80,80,80,80,80,80,80,80,83,83,86,89,89,92,92,95,95,98,98,98,98,98,98,98,98,98,98,98,98,98,93,97,101,101,105,105,105,105,105,105,105,105,105],"card_choices":[{"not_picked":["Berserk","Limit Break"],"picked":"Immolate","floor":0.0},{"not_picked":["Body Slam","Seeing Red"],"picked":"Pommel Strike","floor":1.0},{"not_picked":["Sword Boomerang","Fire Breathing"],"picked":"Bludgeon","floor":2.0},{"not_picked":["Armaments","Iron Wave"],"picked":"True Grit","floor":3.0},{"not_picked":["Headbutt","Dropkick","Metallicize"],"picked":"SKIP","floor":4.0},{"not_picked":["Headbutt","Thunderclap","Iron Wave"],"picked":"SKIP","floor":7.0},{"not_picked":["Whirlwind","Clash"],"picked":"Offering","floor":8.0},{"not_picked":["Rupture","Heavy Blade"],"picked":"Clothesline","floor":10.0},{"not_picked":["Pommel Strike","Carnage"],"picked":"Feed","floor":13.0},{"not_picked":["Flex","Clash","Sword Boomerang"],"picked":"SKIP","floor":14.0},{"not_picked":["Barricade","Limit Break"],"picked":"Brutality","floor":16.0},{"not_picked":["Thunderclap","Clothesline"],"picked":"Shrug It Off+1","floor":18.0},{"not_picked":["Headbutt","Wild Strike","Sword Boomerang"],"picked":"SKIP","floor":21.0},{"not_picked":["Clothesline","Heavy Blade","Sword Boomerang"],"picked":"SKIP","floor":23.0},{"not_picked":["Clothesline","Heavy Blade","Sword Boomerang"],"picked":"SKIP","floor":23.0},{"not_picked":["Armaments","Combust"],"picked":"Disarm","floor":25.0},{"not_picked":["Blood for Blood","Perfected Strike"],"picked":"Reaper","floor":29.0},{"not_picked":["Reckless Charge","Cleave","Anger"],"picked":"SKIP","floor":31.0},{"not_picked":["Double Tap","Bludgeon"],"picked":"Offering","floor":33.0},{"not_picked":["Cleave+1","Twin Strike+1"],"picked":"Shockwave","floor":35.0},{"not_picked":["Heavy Blade","Perfected Strike"],"picked":"Battle Trance+1","floor":37.0},{"not_picked":["Perfected Strike+1","Iron Wave"],"picked":"Pommel Strike+1","floor":39.0},{"not_picked":["Barricade","Searing Blow","Reckless Charge"],"picked":"SKIP","floor":40.0},{"not_picked":["Flex","Iron Wave+1","Pummel"],"picked":"SKIP","floor":42.0},{"not_picked":["Power Through","Iron Wave","Rage+1"],"picked":"SKIP","floor":45},{"not_picked":["Dual Wield","Pummel","Evolve"],"picked":"SKIP","floor":46},{"not_picked":["Pommel Strike","Thunderclap","Limit Break"],"picked":"SKIP","floor":47}],"player_experience":282593,"relics_obtained":[{"floor":9.0,"key":"PreservedInsect"},{"floor":10.0,"key":"Juzu Bracelet"},{"floor":13.0,"key":"Bronze Scales"},{"floor":19.0,"key":"Red Mask"},{"floor":23.0,"key":"Sundial"},{"floor":23.0,"key":"Eternal Feather"},{"floor":26.0,"key":"CeramicFish"},{"floor":29.0,"key":"Tiny Chest"},{"floor":29.0,"key":"Red Skull"},{"floor":40.0,"key":"Happy Flower"},{"floor":40.0,"key":"Akabeko"},{"floor":43.0,"key":"HornCleat"},{"floor":47,"key":"Potion Belt"},{"floor":47,"key":"Dream Catcher"}],"event_choices":[{"cards_removed":["Strike_R"],"damage_healed":0.0,"max_hp_gain":0.0,"max_hp_loss":0.0,"gold_gain":0.0,"event_name":"Golden Wing","player_choice":"Card Removal","floor":5.0,"gold_loss":0.0,"damage_taken":7.0},{"damage_healed":0.0,"max_hp_gain":0.0,"max_hp_loss":0.0,"gold_gain":0.0,"event_name":"WeMeetAgain","player_choice":"Gave Potion","floor":12.0,"gold_loss":0.0,"damage_taken":0.0,"relics_obtained":["Smiling Mask"]},{"damage_healed":0.0,"max_hp_gain":0.0,"max_hp_loss":0.0,"gold_gain":0.0,"event_name":"Masked Bandits","player_choice":"Fought Bandits","floor":19.0,"gold_loss":0.0,"damage_taken":0.0},{"damage_healed":0.0,"max_hp_gain":0.0,"max_hp_loss":0.0,"gold_gain":0.0,"event_name":"Nest","player_choice":"Joined the Cult","floor":20.0,"gold_loss":0.0,"damage_taken":6.0,"cards_obtained":["RitualDagger"]},{"damage_healed":0.0,"max_hp_gain":0.0,"max_hp_loss":0.0,"gold_gain":0.0,"event_name":"Addict","player_choice":"Obtained Relic","floor":22.0,"gold_loss":85.0,"damage_taken":0.0,"relics_obtained":["Bag of Preparation"]},{"cards_removed":["Brutality"],"damage_healed":0.0,"max_hp_gain":0.0,"max_hp_loss":0.0,"gold_gain":0.0,"event_name":"Falling","player_choice":"Removed Power","floor":36.0,"gold_loss":0.0,"damage_taken":0.0},{"damage_healed":0.0,"max_hp_gain":0.0,"max_hp_loss":5.0,"gold_gain":0.0,"event_name":"Winding Halls","player_choice":"Max HP","floor":38.0,"gold_loss":0.0,"damage_taken":0.0},{"damage_healed":0,"gold_gain":0,"player_choice":"Copied","damage_taken":0,"max_hp_gain":0,"max_hp_loss":0,"event_name":"Duplicator","floor":48,"gold_loss":0,"cards_obtained":["Shockwave"]}],"is_beta":false,"boss_relics":[{"not_picked":["Black Blood","Runic Dome"],"picked":"Black Star"},{"not_picked":["Calling Bell","Runic Cube"],"picked":"Snecko Eye"}],"items_purged_floors":[28,44],"is_endless":false,"potions_floor_spawned":[2,3,8,10,19,23,25,29,35,40,45],"ascension_level":12}}