{"host":"nihqlga4zpmrcpl9","time":1614242177,"event":{"mods":["BaseMod","LagranYue(拉格朗・月)","Marisa（F雨　魔理沙）","Minty Spire (QoL Compilation)","Replay The Spire","Shop Mod","StSLib","The Bug Knight","The Cursed","The Hierophant","The Servant 0.9.4"],"gold_per_floor":[112,126,137,149,324,355,355,368,368,368,388,56,68,68,68,167,167,181,181,200,210,225,225,558,575,575,594,594,594],"floor_reached":28,"language":"ZHS","playtime":1731,"items_purged":["Doubt"],"score":246,"play_id":"5cc157b2-c2f9-47b7-845b-b4d754448b82","local_time":"20210225163617","is_ascension_mode":false,"campfire_choices":[{"data":"Loop","floor":7,"key":"SMITH"},{"data":"Crystallizer","floor":10,"key":"SMITH"},{"data":"Defragment","floor":15,"key":"SMITH"},{"data":"Self Repair","floor":23,"key":"SMITH"}],"circlet_count":0,"master_deck":["Strike_B","Strike_B","Strike_B","Strike_B","Defend_B","Defend_B","Defend_B","Defend_B","Zap","Dualcast","Sunder","Melter","Loop+1","Leap","Crystallizer+1","Sunder","Self Repair+1","Defragment+1","Mayhem","Cold Snap","Coolheaded","ReplayRNGCard","White Noise+1","ReplaySolidLightProjector+1","Leap","Leap+1","Blizzard","BasicCrystalCard","Electrodynamics"],"relics":["FrozenCore","LagranYue:RandomDrawCardRelic","Replay:Baseball","Counterbalance","WingedGreaves","MutagenicStrength","Old Coin","Eternal Feather"],"acts_visited":["Exordium","TheCity"],"potions_floor_usage":[],"damage_taken":[{"damage":0,"enemies":"Small Slimes","floor":1,"turns":3},{"damage":1,"enemies":"Jaw Worm","floor":2,"turns":4},{"damage":0,"enemies":"2 Louse","floor":3,"turns":1},{"damage":10,"enemies":"Looter","floor":4,"turns":3},{"damage":26,"enemies":"Lagavulin","floor":6,"turns":7},{"damage":6,"enemies":"2 Fungi Beasts","floor":8,"turns":3},{"damage":2,"enemies":"Blue Slaver","floor":11,"turns":3},{"damage":0,"enemies":"Gremlin Gang","floor":13,"turns":3},{"damage":5,"enemies":"Hexaghost","floor":16,"turns":10},{"damage":11,"enemies":"Shell Parasite","floor":18,"turns":6},{"damage":0,"enemies":"3 Byrds","floor":20,"turns":7},{"damage":12,"enemies":"Cultist and Chosen","floor":21,"turns":9},{"damage":17,"enemies":"Centurion and Healer","floor":22,"turns":10},{"damage":13,"enemies":"Gremlin Leader","floor":24,"turns":13},{"damage":23,"enemies":"Sentry and Sphere","floor":25,"turns":9},{"damage":5,"enemies":"Snake Plant","floor":27,"turns":7},{"damage":56,"enemies":"Slavers","floor":28,"turns":6}],"seed_played":"-5016180458412821129","potions_obtained":[{"floor":2,"key":"SteroidPotion"},{"floor":4,"key":"Ancient Potion"},{"floor":8,"key":"Explosive Potion"},{"floor":11,"key":"Regen Potion"},{"floor":20,"key":"PotionOfCapacity"}],"is_trial":false,"path_per_floor":["M","M","M","M","?","E","R","M","T","R","M","$","M","T","R","B",null,"M","?","M","M","M","R","E","M","T","M","E"],"character_chosen":"DEFECT","items_purchased":["Defragment","Mayhem","Cold Snap"],"campfire_rested":0,"item_purchase_floors":[12,12,12],"current_hp_per_floor":[82,81,81,71,71,45,45,39,39,39,37,37,44,44,44,46,82,78,78,82,77,67,67,64,51,51,56,0,0],"gold":594,"neow_bonus":"TEN_PERCENT_HP_BONUS","is_daily":false,"chose_seed":false,"campfire_upgraded":4,"win_rate":0.0,"timestamp":1614242177,"path_taken":["M","M","M","M","?","E","R","M","T","R","M","$","M","?","R","BOSS","M","?","M","M","M","R","E","M","T","M","E"],"items_purchased_type":["Card","Card","Card"],"build_version":"2020-12-22","purchased_purges":1,"victory":false,"max_hp_per_floor":[82,82,82,82,82,82,82,82,82,82,82,82,82,82,82,82,82,82,82,82,82,82,82,82,82,82,82,82,82],"card_choices":[{"not_picked":["Steam","Coolheaded"],"picked":"Sunder","floor":1},{"not_picked":["Ball Lightning","Rebound"],"picked":"Melter","floor":2},{"not_picked":["Cold Snap","Hologram"],"picked":"Loop","floor":3},{"not_picked":["Panic Button","Hologram"],"picked":"Leap","floor":4},{"not_picked":["Sweeping Beam","Melter"],"picked":"Crystallizer","floor":6},{"not_picked":["Barrage","Panic Button"],"picked":"Sunder","floor":8},{"not_picked":["Multi-Cast","Streamline"],"picked":"Self Repair","floor":11},{"not_picked":["Hologram","Rebound"],"picked":"Coolheaded","floor":13},{"not_picked":["Meteor Strike","Seek"],"picked":"ReplayRNGCard","floor":16},{"not_picked":["Coolheaded","Panic Button"],"picked":"White Noise+1","floor":18},{"not_picked":["Steam","ReplaySort"],"picked":"ReplaySolidLightProjector+1","floor":20},{"not_picked":["ReplayTheSpireMod:Repulse","Hologram"],"picked":"Leap","floor":21},{"not_picked":["Compile Driver+1","Redo"],"picked":"Leap+1","floor":22},{"not_picked":["Stack","Redo"],"picked":"Blizzard","floor":24},{"not_picked":["ReplayTheSpireMod:GoodbyeWorld","Gash"],"picked":"BasicCrystalCard","floor":25},{"not_picked":["Beam Cell","Hologram+1"],"picked":"Electrodynamics","floor":27}],"player_experience":817069,"relics_obtained":[{"floor":6,"key":"Replay:Baseball"},{"floor":9,"key":"Counterbalance"},{"floor":14,"key":"WingedGreaves"},{"floor":24,"key":"Old Coin"},{"floor":26,"key":"Eternal Feather"}],"event_choices":[{"damage_healed":0,"gold_gain":175,"player_choice":"AGREE","damage_taken":0,"max_hp_gain":0,"max_hp_loss":0,"event_name":"Liars Game","floor":5,"gold_loss":0,"cards_obtained":["Doubt"]},{"damage_healed":0,"gold_gain":0,"player_choice":"Inject Mutagens","damage_taken":0,"relics_obtained":["MutagenicStrength"],"max_hp_gain":0,"max_hp_loss":0,"event_name":"Drug Dealer","floor":19,"gold_loss":0}],"is_beta":false,"boss_relics":[{"not_picked":["SacredBark","Tiny House"],"picked":"FrozenCore"}],"items_purged_floors":[12],"is_endless":false,"potions_floor_spawned":[2,4,8,11,20,24,25],"killed_by":"Slavers","ascension_level":0}}