{"host":"jpzdg3po3tjxdjri","time":1614212486,"event":{"mods":["BaseMod","Better Third Choice","Colored Map","Colored Powertips","Minty Spire (QoL Compilation)","StSLib"],"gold_per_floor":[113,113,134,147,147,183,197,24,71,115,65,65,65,106,106,234,297,310,330,330,111,124,124,168,188,188,228,16,16,54,70,70,70,70],"floor_reached":33,"language":"ENG","playtime":2114,"items_purged":["Strike_G"],"score":339,"play_id":"a2f1de33-f257-4171-91bc-0d6fe1adce61","local_time":"20210225002126","is_ascension_mode":true,"campfire_choices":[{"data":"Sadistic Nature","floor":12,"key":"SMITH"},{"floor":15,"key":"REST"},{"data":"Envenom","floor":23,"key":"SMITH"},{"data":"Footwork","floor":29,"key":"SMITH"},{"data":"Noxious Fumes","floor":32,"key":"SMITH"}],"circlet_count":0,"master_deck":["Strike_G","Strike_G","Strike_G","Defend_G","Defend_G","Defend_G","Defend_G","Defend_G","Survivor","Neutralize","Dagger Throw","Injury","Crippling Poison","Poisoned Stab+1","Poisoned Stab","PiercingWail","Sadistic Nature+1","Backstab","Noxious Fumes+1","Envenom+1","Crippling Poison+1","Poisoned Stab","Prepared+1","Dagger Throw","Dodge and Roll+1","Blur+1","Footwork+1","Distraction+1","Escape Plan+1"],"relics":["Ring of the Snake","NeowsBlessing","Golden Idol","Letter Opener","Ancient Tea Set","Toxic Egg 2","Meat on the Bone","Tiny House","Lantern","Tiny Chest","StrikeDummy","MawBank","Blood Vial","Dead Branch"],"acts_visited":["Exordium","TheCity"],"potions_floor_usage":[7,10,16,24,27,30,33],"damage_taken":[{"damage":0,"enemies":"Cultist","floor":1,"turns":1},{"damage":0,"enemies":"2 Louse","floor":3,"turns":1},{"damage":0,"enemies":"Small Slimes","floor":4,"turns":1},{"damage":25,"enemies":"3 Sentries","floor":6,"turns":12},{"damage":1,"enemies":"Gremlin Gang","floor":7,"turns":3},{"damage":16,"enemies":"Lagavulin","floor":10,"turns":6},{"damage":11,"enemies":"Gremlin Nob","floor":14,"turns":4},{"damage":32,"enemies":"The Guardian","floor":16,"turns":9},{"damage":7,"enemies":"2 Thieves","floor":18,"turns":3},{"damage":8,"enemies":"3 Byrds","floor":19,"turns":4},{"damage":21,"enemies":"Snake Plant","floor":22,"turns":3},{"damage":20,"enemies":"Book of Stabbing","floor":24,"turns":5},{"damage":10,"enemies":"Centurion and Healer","floor":25,"turns":3},{"damage":10,"enemies":"Slavers","floor":27,"turns":4},{"damage":8,"enemies":"Book of Stabbing","floor":30,"turns":6},{"damage":12,"enemies":"Sentry and Sphere","floor":31,"turns":9},{"damage":51,"enemies":"Collector","floor":33,"turns":9}],"seed_played":"-5395982465530331904","potions_obtained":[{"floor":6,"key":"Fire Potion"},{"floor":7,"key":"Regen Potion"},{"floor":14,"key":"Fire Potion"},{"floor":16,"key":"Fruit Juice"},{"floor":17,"key":"Dexterity Potion"},{"floor":18,"key":"DuplicationPotion"},{"floor":24,"key":"Swift Potion"},{"floor":31,"key":"AttackPotion"}],"is_trial":false,"path_per_floor":["M","?","M","M","?","E","M","$","T","E","?","R","?","E","R","B",null,"M","M","?","$","M","R","E","M","T","E","$","R","E","M","R","B"],"character_chosen":"THE_SILENT","items_purchased":["Sadistic Nature","Lantern","Blood Vial","Footwork"],"campfire_rested":1,"item_purchase_floors":[8,21,28,28],"current_hp_per_floor":[70,70,70,70,67,42,41,41,41,40,40,40,40,29,50,35,80,73,65,65,65,44,44,36,38,38,40,40,40,46,48,48,0,0],"gold":70,"neow_bonus":"THREE_ENEMY_KILL","is_daily":false,"chose_seed":false,"campfire_upgraded":4,"win_rate":0.0,"timestamp":1614212486,"path_taken":["M","?","M","M","?","E","M","$","T","E","?","R","?","E","R","BOSS","M","?","?","$","M","R","E","M","T","E","$","R","E","M","R","BOSS"],"items_purchased_type":["Card","Relic","Relic","Card"],"build_version":"2020-12-22","purchased_purges":1,"victory":false,"max_hp_per_floor":[70,70,70,70,70,70,70,70,70,70,70,70,70,70,70,75,80,80,80,80,80,80,80,80,80,80,80,80,80,80,80,80,80,80],"card_choices":[{"not_picked":["Bane","Blade Dance"],"picked":"Dagger Throw","floor":1},{"not_picked":["Outmaneuver","Acrobatics"],"picked":"Crippling Poison","floor":3},{"not_picked":["Dagger Spray","Deflect"],"picked":"Poisoned Stab","floor":4},{"not_picked":["Grand Finale","Dagger Spray"],"picked":"Poisoned Stab","floor":6},{"not_picked":["Backflip","All Out Attack"],"picked":"PiercingWail","floor":7},{"not_picked":["Setup+1","Dagger Spray"],"picked":"Backstab","floor":10},{"not_picked":["Crippling Poison+1","Predator"],"picked":"Noxious Fumes","floor":14},{"not_picked":["Night Terror+1","A Thousand Cuts"],"picked":"Envenom","floor":16},{"not_picked":["Tactician+1","Acrobatics+1"],"picked":"Crippling Poison+1","floor":17},{"not_picked":["Dagger Throw","Underhanded Strike"],"picked":"Poisoned Stab","floor":18},{"not_picked":["Outmaneuver+1","Slice","Dash"],"picked":"SKIP","floor":19},{"not_picked":["Slice","Infinite Blades"],"picked":"Prepared+1","floor":22},{"not_picked":["Expertise+1","Skewer"],"picked":"Dagger Throw","floor":24},{"not_picked":["Sucker Punch","Prepared+1"],"picked":"Dodge and Roll+1","floor":25},{"not_picked":["Calculated Gamble+1","Envenom"],"picked":"Blur+1","floor":27},{"not_picked":["Slice","Finisher"],"picked":"Distraction+1","floor":30},{"not_picked":["Bane","Dagger Throw"],"picked":"Escape Plan+1","floor":31}],"player_experience":928068,"relics_obtained":[{"floor":6,"key":"Ancient Tea Set"},{"floor":10,"key":"Toxic Egg 2"},{"floor":14,"key":"Meat on the Bone"},{"floor":24,"key":"Tiny Chest"},{"floor":26,"key":"StrikeDummy"},{"floor":27,"key":"MawBank"},{"floor":30,"key":"Dead Branch"}],"event_choices":[{"damage_healed":0,"gold_gain":0,"player_choice":"Take Wound","damage_taken":0,"relics_obtained":["Golden Idol"],"max_hp_gain":0,"max_hp_loss":0,"event_name":"Golden Idol","floor":2,"gold_loss":0,"cards_obtained":["Injury"]},{"damage_healed":0,"gold_gain":0,"player_choice":"Relic ","damage_taken":3,"max_hp_gain":0,"max_hp_loss":0,"event_name":"betterThird:BetterScrap","floor":5,"gold_loss":0,"cards_obtained":["Scrape"]},{"cards_removed":["Strike_G"],"damage_healed":0,"gold_gain":0,"player_choice":"Card Removal","damage_taken":0,"max_hp_gain":0,"max_hp_loss":0,"event_name":"The Cleric","floor":11,"gold_loss":50},{"damage_healed":0,"gold_gain":0,"player_choice":"Ignored","damage_taken":0,"max_hp_gain":0,"max_hp_loss":0,"event_name":"NoteForYourself","floor":13,"gold_loss":0},{"damage_healed":0,"gold_gain":0,"player_choice":"Ignored","damage_taken":0,"max_hp_gain":0,"max_hp_loss":0,"event_name":"Ghosts","floor":20,"gold_loss":0}],"is_beta":false,"boss_relics":[{"not_picked":["Runic Pyramid","Runic Dome"],"picked":"Tiny House"}],"items_purged_floors":[21],"is_endless":false,"potions_floor_spawned":[6,7,14,16,18,24,25,31],"killed_by":"Collector","ascension_level":1}}