{"host":"Garrett","time":1614281620,"event":{"mods":["AchievementEnabler","BaseMod","Hubris","Minty Spire (QoL Compilation)","Permanent Neow","Replay The Spire","StSLib","The Disciple","The Mystic"],"gold_per_floor":[113,113,129,129,6,29,29,40,40,40,65,85,95,112,112,315,315,329,33,33,33,52,52,69,29,52,81,81,112,112,143,143,189,189,203,203,203,222,222,240,254,254,254,273,27,54,168,185,185,185],"floor_reached":51,"language":"ENG","playtime":4574,"items_purged":["Strike_B","Strike_B"],"score":797,"play_id":"c7059393-3647-4a64-bdaa-51fd47fd86a1","local_time":"20210225133340","is_ascension_mode":false,"campfire_choices":[{"floor":7,"key":"REST"},{"floor":15,"key":"REST"},{"data":"Pot Of Greed","floor":23,"key":"SMITH"},{"data":"Coolheaded","floor":28,"key":"SMITH"},{"floor":30,"key":"REST"},{"data":"Pot Of Greed","floor":32,"key":"SMITH"},{"floor":42,"key":"REST"},{"data":"Meteor Strike","floor":49,"key":"SMITH"}],"circlet_count":0,"master_deck":["Strike_B","Strike_B","Defend_B","Defend_B","Defend_B","Defend_B","Zap","Dualcast","Compile Driver","Coolheaded+1","Meteor Strike+1","Hologram","Pot Of Greed+1","Pot Of Greed+1","Leap","Hologram","Rebound","Meteor Strike","Compile Driver","Conserve Battery","Turbo+1","Reinforced Body","Rebound+1","Pot Of Greed+1","Streamline","Hologram+1","Turbo"],"relics":["Cracked Core","hubris:Icosahedron","Anchor","Grinning Jar","Pantograph","Busted Crown","Cables","Enchiridion","FossilizedHelix","DataDisk","Carrot","Dream Catcher","ReplayFunnel","Sozu","Prayer Wheel","hubris:TinFlute","ReplayTheSpireMod:TigerMarble","hubris:Spice"],"acts_visited":["Exordium","TheCity","TheBeyond"],"potions_floor_usage":[11,13,16,16,18,27,33],"damage_taken":[{"damage":1,"enemies":"Cultist","floor":1,"turns":3},{"damage":0,"enemies":"2 Louse","floor":3,"turns":2},{"damage":28,"enemies":"3 Sentries","floor":6,"turns":8},{"damage":0,"enemies":"Jaw Worm","floor":8,"turns":5},{"damage":43,"enemies":"Lagavulin","floor":11,"turns":10},{"damage":0,"enemies":"2 Fungi Beasts","floor":12,"turns":3},{"damage":19,"enemies":"Exordium Thugs","floor":13,"turns":5},{"damage":9,"enemies":"Blue Slaver","floor":14,"turns":3},{"damage":53,"enemies":"The Guardian","floor":16,"turns":15},{"damage":4,"enemies":"2 Thieves","floor":18,"turns":5},{"damage":20,"enemies":"3 Byrds","floor":22,"turns":6},{"damage":0,"enemies":"Sentry and Sphere","floor":24,"turns":3},{"damage":2,"enemies":"Gremlin Leader","floor":27,"turns":4},{"damage":14,"enemies":"Replay:Snechameleon","floor":29,"turns":4},{"damage":0,"enemies":"Book of Stabbing","floor":31,"turns":3},{"damage":2,"enemies":"Collector","floor":33,"turns":7},{"damage":0,"enemies":"Orb Walker","floor":35,"turns":2},{"damage":14,"enemies":"3 Darklings","floor":38,"turns":7},{"damage":16,"enemies":"4 Shapes","floor":40,"turns":7},{"damage":0,"enemies":"Jaw Worm Horde","floor":41,"turns":5},{"damage":0,"enemies":"Transient","floor":44,"turns":5},{"damage":13,"enemies":"Reptomancer","floor":46,"turns":7},{"damage":0,"enemies":"Maw","floor":47,"turns":6},{"damage":0,"enemies":"4 Shapes","floor":48,"turns":7},{"damage":0,"enemies":"hubris:GrandSnecko","floor":50,"turns":14}],"seed_played":"3146888550777082756","potions_obtained":[{"floor":1,"key":"FairyPotion"},{"floor":3,"key":"Weak Potion"},{"floor":11,"key":"Weak Potion"},{"floor":13,"key":"Strength Potion"},{"floor":14,"key":"Swift Potion"},{"floor":16,"key":"Fire Potion"},{"floor":22,"key":"LiquidMemories"},{"floor":24,"key":"Dexterity Potion"},{"floor":31,"key":"Block Potion"}],"is_trial":false,"path_per_floor":["M","?","M","?","$","E","R","M","T","?","E","M","M","M","R","B",null,"M","$","?","?","M","R","M","$","T","E","R","E","R","E","R","B",null,"M","?","?","M","?","M","M","R","T","M","$","E","M","M","R","B",null],"character_chosen":"DEFECT","items_purchased":["Coolheaded","Conserve Battery","Cables","Turbo+1","ReplayTheSpireMod:TigerMarble"],"campfire_rested":4,"item_purchase_floors":[5,19,19,25,45],"current_hp_per_floor":[53,58,58,58,58,30,54,54,54,54,11,11,24,15,39,11,80,76,76,60,60,40,40,80,80,80,78,78,66,80,80,80,78,80,80,80,80,66,66,50,50,74,74,74,74,69,69,73,73,88],"gold":185,"neow_bonus":"THREE_RARE_CARDS","is_daily":false,"chose_seed":false,"campfire_upgraded":4,"win_rate":0.0,"timestamp":1614281620,"path_taken":["M","?","M","?","?","E","R","M","T","?","E","M","M","M","R","BOSS","M","$","?","?","M","R","?","?","T","E","R","E","R","E","R","BOSS","M","?","?","M","?","M","?","R","T","M","?","E","M","M","R","BOSS"],"items_purchased_type":["Card","Card","Relic","Card","Relic"],"build_version":"2020-12-18","purchased_purges":2,"victory":true,"max_hp_per_floor":[75,80,80,80,80,80,80,80,80,80,80,80,80,80,80,80,80,80,80,80,80,80,80,80,80,80,80,80,80,80,80,80,80,80,80,80,80,80,80,80,80,80,80,80,80,88,88,88,88,88],"card_choices":[{"not_picked":["Reboot","ReplayRNGCard"],"picked":"Meteor Strike","floor":0},{"not_picked":["Darkness","Cold Snap","Loop"],"picked":"SKIP","floor":1},{"not_picked":["Stack","Doom and Gloom"],"picked":"Compile Driver","floor":3},{"not_picked":["Rip and Tear","Undo"],"picked":"Meteor Strike","floor":6},{"not_picked":["Leap","Reinforced Body"],"picked":"Hologram","floor":8},{"not_picked":["FIFO Queue","ReplayTheSpireMod:Reroute Power"],"picked":"Leap","floor":11},{"not_picked":["Chaos","ReplayGash"],"picked":"Hologram","floor":12},{"not_picked":["Scrape","ReplayTheSpireMod:GoodbyeWorld"],"picked":"Rebound","floor":13},{"not_picked":["BasicCrystalCard","Capacitor","Barrage"],"picked":"SKIP","floor":14},{"not_picked":["ReplayRNGCard","Hyperbeam"],"picked":"Meteor Strike","floor":16},{"not_picked":[],"picked":"Compile Driver","floor":18},{"not_picked":["Gash"],"picked":"SKIP","floor":22},{"not_picked":["Reprogram"],"picked":"SKIP","floor":24},{"not_picked":["Conserve Battery"],"picked":"SKIP","floor":27},{"not_picked":[],"picked":"Reinforced Body","floor":29},{"not_picked":[],"picked":"Rebound+1","floor":30},{"not_picked":["Go for the Eyes+1"],"picked":"SKIP","floor":31},{"not_picked":["BasicCrystalCard+1"],"picked":"SKIP","floor":35},{"not_picked":["Go for the Eyes+1"],"picked":"SKIP","floor":38},{"not_picked":["Scrape"],"picked":"SKIP","floor":38},{"not_picked":["Stack+1"],"picked":"SKIP","floor":40},{"not_picked":["Blizzard"],"picked":"SKIP","floor":40},{"not_picked":["Conserve Battery+1"],"picked":"SKIP","floor":41},{"not_picked":["Cold Snap"],"picked":"SKIP","floor":41},{"not_picked":[],"picked":"Streamline","floor":42},{"not_picked":[],"picked":"Hologram+1","floor":44},{"not_picked":["Chaos"],"picked":"SKIP","floor":44},{"not_picked":["FIFO Queue+1"],"picked":"SKIP","floor":46},{"not_picked":["Blizzard+1"],"picked":"SKIP","floor":47},{"not_picked":["Stack+1"],"picked":"SKIP","floor":47},{"not_picked":[],"picked":"Turbo","floor":48},{"not_picked":["Cold Snap"],"picked":"SKIP","floor":48}],"player_experience":807005,"relics_obtained":[{"floor":6,"key":"Anchor"},{"floor":9,"key":"Grinning Jar"},{"floor":11,"key":"Pantograph"},{"floor":20,"key":"Enchiridion"},{"floor":26,"key":"DataDisk"},{"floor":27,"key":"Carrot"},{"floor":29,"key":"Dream Catcher"},{"floor":31,"key":"ReplayFunnel"},{"floor":43,"key":"hubris:TinFlute"},{"floor":46,"key":"hubris:Spice"}],"event_choices":[{"damage_healed":0,"gold_gain":0,"player_choice":"Donut","damage_taken":0,"max_hp_gain":5,"max_hp_loss":0,"event_name":"Big Fish","floor":2,"gold_loss":0},{"damage_healed":0,"gold_gain":0,"player_choice":"Upgraded","damage_taken":0,"max_hp_gain":0,"max_hp_loss":0,"event_name":"Upgrade Shrine","floor":10,"gold_loss":0,"cards_upgraded":["Pot Of Greed"]},{"damage_healed":0,"gold_gain":0,"player_choice":"Obtained Book","damage_taken":16,"max_hp_gain":0,"max_hp_loss":0,"event_name":"Cursed Tome","floor":20,"gold_loss":0},{"cards_removed":["Meteor Strike"],"damage_healed":0,"gold_gain":0,"player_choice":"Removed Attack","damage_taken":0,"max_hp_gain":0,"max_hp_loss":0,"event_name":"Falling","floor":36,"gold_loss":0},{"damage_healed":0,"gold_gain":0,"player_choice":"Ignored","damage_taken":0,"max_hp_gain":0,"max_hp_loss":0,"event_name":"Tomb of Lord Red Mask","floor":37,"gold_loss":0},{"cards_removed":["ReplayTheSpireMod:Splinters"],"damage_healed":0,"gold_gain":0,"player_choice":"Removed Curses","damage_taken":0,"max_hp_gain":0,"max_hp_loss":0,"event_name":"Fountain of Cleansing","floor":39,"gold_loss":0}],"is_beta":true,"boss_relics":[{"not_picked":["hubris:VirtuousBlindfold","Tiny House"],"picked":"Busted Crown"},{"not_picked":["hubris:BlackHole","Cursed Key"],"picked":"Sozu"}],"items_purged_floors":[5,45],"is_endless":false,"potions_floor_spawned":[1,3,11,13,14,16,22,24,31,35,44,48],"ascension_level":0}}