{"host":"h2977v3ax51ohsow","time":1614268348,"event":{"mods":["Act Like it!","BaseMod","Colored Powertips","Library of Ruina","Library of Ruina Extra","Marisa£®ÏF”Í°°ƒß¿Ì…≥£©","Minty Spire (QoL Compilation)","Quick Restart","StSLib","noobMod"],"gold_per_floor":[366,366,378,397,407,439,439,439,439,453,487,507,116,116,116,213,213,230,241,156,77,77,77,94,125,149,149,149,5,20,46,46,148,148,168,192,211,221,232,264,275,300,300,320,338,338,370,386,386,386,386,386,386,71,103,103],"floor_reached":57,"language":"ZHS","playtime":3883,"items_purged":["LightDefense"],"score":1601,"play_id":"07375ff2-c177-40d5-b845-a33f61bdbaca","local_time":"20210225235228","is_ascension_mode":true,"campfire_choices":[{"data":"SuanNi","floor":7.0,"key":"SMITH"},{"floor":15.0,"key":"RECALL"},{"data":"ForTheFamily","floor":23.0,"key":"SMITH"},{"data":"MirageStorm","floor":32.0,"key":"SMITH"},{"data":"Disposal","floor":49,"key":"SMITH"},{"data":"LeRegole","floor":53,"key":"SMITH"}],"circlet_count":0,"master_deck":["Dodge","LightDefense","LightAttack","LightAttack","LightAttack","LightDefense","LightDefense","ChargeAndCover","FocusedStrikes","GrazeTheGrass","Castigation","CoordinatedAssault+1","SuanNi+1","GrazeTheGrass","ToOvercomeCrisis","DefenseOrder","CoordinatedAssault","LeRegole+1","GrazeTheGrass","GrazeTheGrass","EmotionalTurbulence","ViolentFlame","GrazeTheGrass","ForTheFamily+1","Writhe","EnergyCycle","GrazeTheGrass","SuanNi+1","Concentration","MirageStorm+1","Disposal+1","EnergyConversion+1","AlloutWar+1","Parasite","Ripple+1","UncannyStrike+1","BoundaryOfDeath","GrazeTheGrass","EnergyStrike+1","CoordinatedAssault","CoordinatedAssault","Rewind","Faith+1"],"relics":["PageOfLibrarian","ice","PageOfLumberjack","PageOfAlriune","Bag of Marbles","PageOfOzma","Orrery","Darkstone Periapt","Black Star","PageOfFreischutz","Ginger","Regal Pillow","Bottled Tornado","Tiny Chest","Meat on the Bone","PageOfGreed","PageOfTheQueenOfHatred","Vajra","Philosopher\u0027s Stone","PageOfTheKnightOfDespair","PageOfWrath","PageOfSnowWhitesApple","PageOfNihil","Strawberry","War Paint","PageOfLaetitia","PageOfWrath","CaptainsWheel","PageOfPorccubus","PageOfNothingThere","Oddly Smooth Stone"],"acts_visited":["Exordium","TheCity","TheBeyond","TheEnding"],"potions_floor_usage":[38,41,41,51,51,56,56],"damage_taken":[{"damage":0.0,"enemies":"Cultist","floor":1.0,"turns":3.0},{"damage":0.0,"enemies":"2 Louse","floor":3.0,"turns":3.0},{"damage":6.0,"enemies":"Jaw Worm","floor":4.0,"turns":4.0},{"damage":0.0,"enemies":"Blue Slaver","floor":5.0,"turns":5.0},{"damage":10.0,"enemies":"3 Sentries","floor":6.0,"turns":11.0},{"damage":3.0,"enemies":"Looter","floor":10.0,"turns":2.0},{"damage":8.0,"enemies":"Lagavulin","floor":11.0,"turns":5.0},{"damage":0.0,"enemies":"Red Slaver","floor":12.0,"turns":2.0},{"damage":0.0,"enemies":"The Guardian","floor":16.0,"turns":8.0},{"damage":0.0,"enemies":"3 Byrds","floor":18.0,"turns":6.0},{"damage":15.0,"enemies":"Shell Parasite","floor":19.0,"turns":4.0},{"damage":9.0,"enemies":"Snake Plant","floor":24.0,"turns":4.0},{"damage":0.0,"enemies":"Gremlin Leader","floor":25.0,"turns":4.0},{"damage":8.0,"enemies":"Centurion and Healer","floor":30.0,"turns":5.0},{"damage":18.0,"enemies":"Slavers","floor":31.0,"turns":3.0},{"damage":13,"enemies":"Champ","floor":33,"turns":8},{"damage":7,"enemies":"3 Shapes","floor":35,"turns":4},{"damage":7,"enemies":"Orb Walker","floor":37,"turns":4},{"damage":7,"enemies":"Writhing Mass","floor":38,"turns":3},{"damage":0,"enemies":"3 Darklings","floor":39,"turns":4},{"damage":12,"enemies":"Nemesis","floor":40,"turns":5},{"damage":46,"enemies":"Transient","floor":41,"turns":8},{"damage":17,"enemies":"Reptomancer","floor":42,"turns":5},{"damage":0,"enemies":"Jaw Worm Horde","floor":44,"turns":3},{"damage":25,"enemies":"Spire Growth","floor":45,"turns":3},{"damage":8,"enemies":"Giant Head","floor":47,"turns":5},{"damage":12,"enemies":"Maw","floor":48,"turns":5},{"damage":44,"enemies":"Donu and Deca","floor":50,"turns":8},{"damage":90,"enemies":"Donu and Deca","floor":51,"turns":8},{"damage":34,"enemies":"Shield and Spear","floor":55,"turns":5},{"damage":40,"enemies":"The Heart","floor":56,"turns":6}],"seed_played":"4998834297271899812","potions_obtained":[{"floor":1.0,"key":"ColorlessPotion"},{"floor":10.0,"key":"EssenceOfSteel"},{"floor":11.0,"key":"Weak Potion"},{"floor":12.0,"key":"Energy Potion"},{"floor":19.0,"key":"SkillPotion"},{"floor":25.0,"key":"FearPotion"},{"floor":37,"key":"Swift Potion"},{"floor":38,"key":"Block Potion"},{"floor":44,"key":"ColorlessPotion"},{"floor":47,"key":"Ancient Potion"}],"is_trial":false,"path_per_floor":["M","?","M","M","M","E","R","?","T","M","E","M","$","T","R","B",null,"M","M","?","$","?","R","M","E","T","T","T","$","M","E","R","B",null,"M","T","M","M","M","E","M","E","T","M","M","?","E","M","R","B",null,null,"R","$","E","B",null],"character_chosen":"Librarian","items_purchased":["PageOfOzma","Orrery","ForTheFamily","SuanNi","PageOfPorccubus","Rewind","AttackPotion"],"campfire_rested":0,"item_purchase_floors":[13,13,21,29,54,54,54],"current_hp_per_floor":[54,59,59,53,53,43,43,43,43,40,32,32,32,32,32,32,76,76,61,61,61,67,67,58,58,58,58,58,58,50,44,44,43,82,75,75,68,67,67,55,88,78,78,78,53,53,57,57,57,45,67,101,101,101,77,69],"gold":103,"neow_bonus":"TWO_FIFTY_GOLD","is_daily":false,"chose_seed":false,"campfire_upgraded":5,"win_rate":0.0,"timestamp":1614268348,"path_taken":["M","?","M","M","M","E","R","?","T","?","E","M","$","?","R","BOSS","M","?","?","$","?","R","M","E","T","?","?","?","M","E","R","BOSS","M","?","M","M","M","E","M","E","T","M","?","?","E","?","R","BOSS","R","$","E","BOSS"],"items_purchased_type":["Relic","Relic","Card","Card","Relic","Card","Potion"],"build_version":"2020-12-22","purchased_purges":1,"victory":true,"max_hp_per_floor":[57,62,62,69,69,76,76,76,76,76,76,76,76,76,76,76,76,76,76,76,76,82,82,82,82,82,82,82,82,82,82,82,82,82,82,82,82,88,88,88,88,95,95,95,95,95,95,95,95,95,101,101,101,101,110,153],"card_choices":[{"not_picked":["StructuralAnalysis","ExtractFuel","StartinOutLightly","FleetEdge","GroundSmash","QuickSuppression"],"picked":"GrazeTheGrass","floor":1.0},{"not_picked":["ReadyUp","BurningFlash","SuppressingShot","ViolentFlame","FrontalAssault","BizarreAttack"],"picked":"SnakesPrey","floor":3.0},{"not_picked":["WillOfThePrescript","StructuralAnalysis","FleetEdge","UnavoidableGaze","EnergyStrike","Parry2"],"picked":"Castigation","floor":4.0},{"not_picked":["SnakesPrey","EnergyStrike","Rewind","Clone","BiXi","DimensionalRift"],"picked":"CoordinatedAssault","floor":5.0},{"not_picked":["StrikeDown","EndlessBattle","PinpointShot","ExtractFuel","UnavoidableGaze","SearingSword"],"picked":"SuanNi","floor":6.0},{"not_picked":["SmokingPipe","IdentifyWeakpoint","CoordinatedAssault","JiaoTu","DesperateStruggle","HighSpeedStabbing"],"picked":"GrazeTheGrass","floor":10.0},{"not_picked":["ReadyUp","IllEndYou","Transpierce","ViolentFlame","Reload","Punishment"],"picked":"ToOvercomeCrisis","floor":11.0},{"not_picked":["Multislash","VenomousFangs","AsThePrescriptOrders","SteelKnuckles","HiddenBlade","SmokingPipe"],"picked":"DefenseOrder","floor":12.0},{"not_picked":["SinglePointStab","VioletBlade","Transpierce","FlowOfTheSword","FocusFire","SpearedSweep"],"picked":"CoordinatedAssault","floor":13.0},{"not_picked":["FocusFire","EmotionalTurbulence","Parry2","SinglePointStab","GreatSerpentsImpact","SnakesPrey"],"picked":"LeRegole","floor":13.0},{"not_picked":["HeavyPeaks","Laceration","Brawl","BulkyImpact","WillOfThePrescript","ShockRound"],"picked":"GrazeTheGrass","floor":13.0},{"not_picked":["GaleKick","GuardingStance","HiddenBlade","SinglePointStab","StructuralAnalysis","SerpentSwordTechnique"],"picked":"GrazeTheGrass","floor":13.0},{"not_picked":["Tttonst","WillProduceFineSilk"],"picked":"EmotionalTurbulence","floor":16.0},{"not_picked":["SuppressingShot","NightInTheBackstreets","VioletBlade","ScratchThat","SinglePointStab","Parry2"],"picked":"ViolentFlame","floor":18.0},{"not_picked":["EnergyStrike","Transpierce","IdentifyWeakpoint","DestructiveImpact","SnakesPrey","FrontalAssault"],"picked":"GrazeTheGrass","floor":19.0},{"not_picked":["Multislash","GuidanceOfTheGears+1","SunsetBlade","Eliminate","ReadyUp","AGoldenOpportunity"],"picked":"EnergyCycle","floor":24.0},{"not_picked":["EnergyShield","ExtremeEdge+1","CumulusWall","Execute_lor","RhinoRam","EnergyStrike"],"picked":"GrazeTheGrass","floor":25.0},{"not_picked":["HandleRequest+1","GreatSerpentsImpact","StrikeDown","SunsetBlade","Eject","EnergyStrike"],"picked":"Concentration","floor":30.0},{"not_picked":["VioletBlade","ClassAndRespect","ElectricShock","ShockingBlow","Rewind+1","Eject"],"picked":"MirageStorm","floor":31.0},{"not_picked":["ChargeUp","MindCrush"],"picked":"Disposal","floor":33},{"not_picked":["InkOver+1","ButterflySlash","Parry2+1","Unlock1","Bvapour","SharpenedBlade+1"],"picked":"EnergyConversion+1","floor":35},{"not_picked":["GuidanceOfTheGears","UpbeatPerformance","ButterflySlash+1","Leap_lor","EnergyShield+1","FleetEdge"],"picked":"AlloutWar+1","floor":37},{"not_picked":["Eradication","SpearedSweep+1","SmokingPipe+1","Multislash+1","DesperateStruggle+1","Collision"],"picked":"Ripple+1","floor":38},{"not_picked":["GuardingStance","DefenseOrder+1","FleetEdge","YoureAHindrance+1","ChiWen","Unlock1"],"picked":"UncannyStrike+1","floor":39},{"not_picked":["IronWall+1","Execute_lor","DevastatingThrash","ClassAndRespect","GrazeTheGrass","LoosenUp"],"picked":"BoundaryOfDeath","floor":40},{"not_picked":["TraceOfFumes+1","FlashingStrike","DefenseOrder+1","Leap_lor+1","SturdyDefense+1","Bvapour"],"picked":"GrazeTheGrass","floor":41},{"not_picked":["HiddenBlade","SparkingSpear+1","ViolentFlame","WrathOfTorment+1","SinglePointStab+1","HighKick+1","TheRedNotes"],"picked":"SKIP","floor":42},{"not_picked":["HandleRequest","EnergyShield","CoordinatedAssault","EndlessBattle","CrackOfDawn","SnakesPrey"],"picked":"EnergyStrike+1","floor":44},{"not_picked":["SuppressingShot+1","UnavoidableGaze","SkyClearingCut+1","IdentifyWeakpoint+1","HiddenBlade+1","ReadyUp+1","ToWhereThePrescriptPoints"],"picked":"SKIP","floor":45},{"not_picked":["SweepTheBackstreets+1","WillOfThePrescript","SpearedSweep","SnakesPrey+1","GuardingStance+1","SavageMode"],"picked":"CoordinatedAssault","floor":47},{"not_picked":["ShockRound+1","DarkCloud+1","TendonChords","GuardingStance+1","FrontalAssault+1","WillBeTasty+1"],"picked":"CoordinatedAssault","floor":48},{"not_picked":["EnergyCycle+1","HiddenBlade+1","GreatSerpentsImpact","DefenseOrder","CoordinatedAssault","SuanNi"],"picked":"Faith+1","floor":55}],"player_experience":119371,"relics_obtained":[{"floor":6.0,"key":"PageOfLumberjack"},{"floor":11.0,"key":"Bag of Marbles"},{"floor":14.0,"key":"Darkstone Periapt"},{"floor":25.0,"key":"Regal Pillow"},{"floor":25.0,"key":"Bottled Tornado"},{"floor":26.0,"key":"Tiny Chest"},{"floor":27.0,"key":"Meat on the Bone"},{"floor":28.0,"key":"PageOfGreed"},{"floor":31.0,"key":"PageOfTheQueenOfHatred"},{"floor":31.0,"key":"Vajra"},{"floor":36,"key":"PageOfTheKnightOfDespair"},{"floor":40,"key":"PageOfWrath"},{"floor":40,"key":"PageOfSnowWhitesApple"},{"floor":41,"key":"PageOfNihil"},{"floor":42,"key":"Strawberry"},{"floor":42,"key":"War Paint"},{"floor":43,"key":"PageOfLaetitia"},{"floor":47,"key":"PageOfWrath"},{"floor":47,"key":"CaptainsWheel"},{"floor":55,"key":"PageOfNothingThere"},{"floor":55,"key":"Oddly Smooth Stone"}],"event_choices":[{"damage_healed":0.0,"max_hp_gain":5.0,"max_hp_loss":0.0,"gold_gain":0.0,"event_name":"Big Fish","player_choice":"Donut","floor":2.0,"gold_loss":0.0,"damage_taken":0.0},{"cards_removed":["SnakesPrey"],"damage_healed":0.0,"max_hp_gain":0.0,"max_hp_loss":0.0,"gold_gain":0.0,"event_name":"WeMeetAgain","player_choice":"Gave Card","floor":8.0,"gold_loss":0.0,"damage_taken":0.0,"relics_obtained":["PageOfAlriune"]},{"damage_healed":0.0,"max_hp_gain":0.0,"max_hp_loss":0.0,"gold_gain":0.0,"event_name":"Addict","player_choice":"Obtained Relic","floor":20.0,"gold_loss":85.0,"damage_taken":0.0,"relics_obtained":["PageOfFreischutz"]},{"damage_healed":0.0,"max_hp_gain":0.0,"max_hp_loss":0.0,"gold_gain":0.0,"event_name":"The Mausoleum","player_choice":"Opened","floor":22.0,"gold_loss":0.0,"damage_taken":0.0,"relics_obtained":["Ginger"],"cards_obtained":["Writhe"]},{"damage_healed":0,"gold_gain":0,"player_choice":"Ignored","damage_taken":0,"max_hp_gain":0,"max_hp_loss":0,"event_name":"SecretPortal","floor":46,"gold_loss":0}],"is_beta":false,"boss_relics":[{"not_picked":["Empty Cage","Velvet Choker"],"picked":"Black Star"},{"not_picked":["PageOfBlackSwan","SlaversCollar"],"picked":"Philosopher\u0027s Stone"}],"items_purged_floors":[54],"is_endless":false,"potions_floor_spawned":[1,10,11,12,16,19,25,30,37,38,39,44,47],"ascension_level":1}}