{"host":"2lvuisjyit3p3u01","time":1614271957,"event":{"mods":["Act Like it!","BaseMod","Bestiary","Better Synergies","Bossed Relics","CapriCore","Colored Map","Colored Powertips","GifTheSpireLib","Library of Ruina","Library of Ruina Extra","Minty Spire (QoL Compilation)","Quick Restart","Replay The Spire","Ruina","StSLib"],"gold_per_floor":[110,110,120,120,207,207,223,242,289,214,239,35,35,62,62,166,166,184,201,201,220,220,254,254,281,307,326,345,345,363,373,373,476,476,492,86,106,106,119,151,151,151,151,162,181,29,44,75,75,75,75],"floor_reached":52,"language":"ENG","playtime":1741,"items_purged":["HiddenBlade"],"score":1219,"play_id":"59aed4be-2b4c-4130-8348-b939f7b0be1c","local_time":"20210225185237","is_ascension_mode":true,"campfire_choices":[{"data":"LeRegole","floor":6.0,"key":"SMITH"},{"data":"UnforgettableMelody","floor":24.0,"key":"SMITH"},{"data":"ruina:Smile","floor":32.0,"key":"SMITH"},{"data":"ChopItOff","floor":41.0,"key":"SMITH"},{"data":"DegradedShockwave","floor":49,"key":"SMITH"}],"circlet_count":0,"master_deck":["DegradedFairy","DegradedFairy","DegradedFairy","DegradedChain","DegradedChain","DegradedPillar+1","DegradedPillar","DegradedShockwave","Spear_LOR","DegradedShockwave+1","LeRegole+1","ExtremeEdge+1","PuppetBlockade+1","GrazeTheGrass+1","FrontalAssault+1","UnforgettableMelody+1","GrazeTheGrass","GrazeTheGrass","Multislash","Diversion+1","StrikeDown","HighKick+1","ruina:Smile+1","Diversion+1","ChopItOff+1","BlazingStrike","BayonetCombat+1"],"relics":["PageOfLibrarian","Blue Doll","PageOfSingingMachine","Anchor","Tiny Chest","TungstenRod","Ring of Chaos","ruina:PrescriptsGrace","MealTicket","Whetstone","Bag of Marbles","SlaversCollar","Lee\u0027s Waffle","Divine Protection","Boot","War Paint","Sundial","Sling","Centennial Puzzle"],"acts_visited":["Exordium","ruina:Briah","TheBeyond"],"potions_floor_usage":[50,50],"damage_taken":[{"damage":0.0,"enemies":"2 Louse","floor":1.0,"turns":2.0},{"damage":0.0,"enemies":"Cultist","floor":3.0,"turns":2.0},{"damage":0.0,"enemies":"Small Slimes","floor":7.0,"turns":2.0},{"damage":0.0,"enemies":"2 Fungi Beasts","floor":8.0,"turns":2.0},{"damage":0.0,"enemies":"Replay:BlueRogue","floor":11.0,"turns":2.0},{"damage":0.0,"enemies":"3 Sentries","floor":14.0,"turns":3.0},{"damage":0.0,"enemies":"Fading Forest","floor":16.0,"turns":5.0},{"damage":0.0,"enemies":"ruina:Nosferatu","floor":18.0,"turns":2.0},{"damage":0.0,"enemies":"ruina:2_Scarecrows","floor":19.0,"turns":2.0},{"damage":0.0,"enemies":"ruina:KingOfGreed","floor":21.0,"turns":2.0},{"damage":0.0,"enemies":"ruina:Mountain","floor":23.0,"turns":3.0},{"damage":0.0,"enemies":"ruina:3_Scarecrows","floor":27.0,"turns":1.0},{"damage":0.0,"enemies":"ruina:QueenOfHate","floor":28.0,"turns":1.0},{"damage":0.0,"enemies":"ruina:KingOfGreed","floor":30.0,"turns":1.0},{"damage":0.0,"enemies":"ruina:Woodsman","floor":31.0,"turns":2.0},{"damage":0.0,"enemies":"ruina:JesterOfNihil","floor":33.0,"turns":3.0},{"damage":0.0,"enemies":"Orb Walker","floor":35.0,"turns":1.0},{"damage":0.0,"enemies":"3 Darklings","floor":37.0,"turns":1.0},{"damage":0.0,"enemies":"Maw","floor":39.0,"turns":3.0},{"damage":0.0,"enemies":"Nemesis","floor":40.0,"turns":3.0},{"damage":0.0,"enemies":"Writhing Mass","floor":44.0,"turns":2.0},{"damage":0,"enemies":"4 Shapes","floor":45,"turns":1},{"damage":0,"enemies":"Transient","floor":47,"turns":5},{"damage":0,"enemies":"Reptomancer","floor":48,"turns":2},{"damage":0,"enemies":"Donu and Deca","floor":50,"turns":3},{"damage":25,"enemies":"Donu and Deca","floor":51,"turns":4}],"seed_played":"-9143046955878142259","potions_obtained":[{"floor":3.0,"key":"EntropicBrew"},{"floor":8.0,"key":"Adrenaline Potion"},{"floor":19.0,"key":"Elixir"},{"floor":27.0,"key":"PowerPotion"},{"floor":30.0,"key":"Languid Potion"},{"floor":33.0,"key":"Ancient Potion"}],"is_trial":false,"path_per_floor":["M","?","M","?","?","R","M","M","T","$","E","$","?","E","R_BF","B",null,"M","M","?","M","?","E","R","T","T","M","M","?","M","M","R","B",null,"M","$","M","?","M","E","R","T","T","M","M","$","M","E","R","B",null,null],"character_chosen":"Librarian","items_purchased":["Tiny Chest","SteroidPotion","Lee\u0027s Waffle","Divine Protection","Sling"],"campfire_rested":0,"item_purchase_floors":[12,12,36,36,46],"current_hp_per_floor":[60,60,60,60,60,60,60,60,60,60,60,60,60,60,87,87,90,90,90,90,90,90,90,90,90,90,90,90,83,83,83,83,83,83,83,90,90,90,90,90,90,90,90,90,90,90,90,90,90,90,65],"gold":75,"neow_bonus":"THREE_RARE_CARDS","is_daily":false,"chose_seed":false,"campfire_upgraded":5,"win_rate":0.0,"timestamp":1614271957,"path_taken":["M","?","?","?","?","R","M","M","T","$","E","$","?","E","R_BF","BOSS","M","M","?","M","?","E","R","?","T","M","M","?","M","M","R","BOSS","M","$","M","?","?","E","R","?","T","M","?","?","M","E","R","BOSS"],"items_purchased_type":["Relic","Potion","Relic","Relic","Relic"],"build_version":"2020-12-22","purchased_purges":1,"victory":true,"max_hp_per_floor":[90,90,90,90,90,90,90,90,90,90,90,90,90,90,90,90,90,90,90,90,90,90,90,90,90,90,90,90,83,83,83,83,83,83,83,90,90,90,90,90,90,90,90,90,90,90,90,90,90,90,90],"card_choices":[{"not_picked":["EnergyBeam","DaringDecision"],"picked":"LeRegole","floor":0.0},{"not_picked":["GuidanceOfTheGears","Parry2","HiddenBlade","PinpointShot","Juggling","BurningFlash","SharpSwipe","Parry"],"picked":"Diversion","floor":1.0},{"not_picked":["HeavyPeaks","Outburst","RushDown","Transpierce","PreemptiveStrike","SturdyDefense","SpearedSweep","Parry2"],"picked":"ExtremeEdge","floor":3.0},{"not_picked":["SkitterAway","StrongStrike","DriedUp","Multislash","GuidanceOfTheGears","SnakesPrey","FleetEdge","Outburst"],"picked":"PuppetBlockade","floor":5.0},{"not_picked":["Standoff","StrikeDown","MultiBlock","EnergyStrike","Parry2","BladeWhirl","Punishment","HandlingWork"],"picked":"GrazeTheGrass","floor":5.0},{"not_picked":["TendonChords","Punishment","BurningFlash","Outburst","Quickness","RatsGuideToSurvival","StrongStrike","FendThisOffIfYouCan","Ripple"],"picked":"SKIP","floor":7.0},{"not_picked":["Eject","LossOfSenses","Standoff","QuickAttack","HighSpeedStabbing","HandleRequest","SkyClearingCut","FrontalAssault"],"picked":"HiddenBlade","floor":8.0},{"not_picked":["TraceOfFumes","Suppress","Unlock1","StrikeDown","ToWhereThePrescriptPoints","SuppressingShot","TendonChords","GuardingStance"],"picked":"FrontalAssault","floor":11.0},{"not_picked":["PinpointShot","ShockRound","BlazingStrike","SmokingPipe","DefenseOrder","EnergyCycle","Gigigig","FleetFootsteps"],"picked":"SenseQuarry","floor":14.0},{"not_picked":["CleanUp","FormingStorm"],"picked":"UnforgettableMelody","floor":16.0},{"not_picked":["GuidanceOfTheGears","Wallop_lor","Outburst","FeatherShield","ClassAndRespect","SharpSwipe","SkitterAway","Unlock1+1"],"picked":"GrazeTheGrass","floor":18.0},{"not_picked":["WildCard","MindPrepared","HighKick","DesperateStruggle","ExtremeEdge","AsThePrescriptOrders","Overcharge","Punishment"],"picked":"GrazeTheGrass","floor":19.0},{"not_picked":["StrikeDown","Preparation","PinpointShot","FrontalAssault","WildCard+1","Eliminate","ExtractFuel","Juggling+1"],"picked":"Multislash","floor":21.0},{"not_picked":["NightInTheBackstreets","CircusKnives","Mutilate","MindWhip","Parry+1","Tttonst","Multislash+1","EnergyShield+1"],"picked":"Diversion+1","floor":23.0},{"not_picked":["ExtremeEdge","Rewind+1","SinglePointStab","TraceOfFumes","DarkCloud","FervidEmotions+1","TendonChords","SerpentSwordTechnique"],"picked":"StrikeDown","floor":27.0},{"not_picked":["GuidanceOfTheGears","ViolentFlame","Rampage_lor","OpportunitySpotted+1","RipSpace","ShockRound","Bvapour+1","SnakesPrey+1"],"picked":"HighKick+1","floor":28.0},{"not_picked":["ruina:CrimsonScar","ruina:FadedMemories","ruina:Harvest","ruina:Nihil","ruina:SwordSharpened","ruina:Lumber","ruina:LoveAndHate","ruina:BlindRage"],"picked":"ruina:Smile","floor":29.0},{"not_picked":["HandleRequest","StrikeDown","OpportunitySpotted","ToWhereThePrescriptPoints","Faith","Marionette","SharpSwipe","Parry2+1"],"picked":"Diversion+1","floor":30.0},{"not_picked":["SunsetBlade","WrathOfTorment","Pound+1","FleetFootsteps","ExtractFuel","SmokingPipe","UpbeatPerformance","AlloutWar"],"picked":"ChopItOff","floor":31.0},{"not_picked":["Wallop_lor","IllEndYou+1","GreatSerpentsImpact","AGoldenOpportunity+1","Quickness+1","InkOver+1","BiteOff","MindWhip+1"],"picked":"Thrust+1","floor":35.0},{"not_picked":["WillOfThePrescript","FleetEdge","Parry","SuppressingShot+1","Fence+1","HighKick","CoordinatedAssault+1","MultiHit","SilentMist"],"picked":"SKIP","floor":37.0},{"not_picked":["BiteOff","EndlessBattle","RapidGashes+1","PreemptiveStrike","GuardingStance","TasteMyFlamingBat","Wallop_lor+1","CrackOfDawn","Leap_lor+1"],"picked":"SKIP","floor":39.0},{"not_picked":["UnavoidableGaze","MultiHit+1","Thrust","SpearedSweep+1","CombatPreparation","UncannyStrike","Parry2+1","PuppetBlockade","BattleCommand"],"picked":"SKIP","floor":40.0},{"not_picked":["Laceration","EndlessBattle","GuardingStance","IronWall","Cruelty","Juggling+1","CumulusWall+1","StrikeDown"],"picked":"BayonetCombat+1","floor":44.0},{"not_picked":["Leap_lor+1","SteelKnuckles+1","JiaoTu+1","MultiHit+1","Outburst","MultiBlock+1","EnergyShield","SinglePointStab","RhinoRam+1"],"picked":"SKIP","floor":45},{"not_picked":["Thirst+1","WildCard+1","HeavyPeaks","ButterflySlash","TheArtOfRapidSteps","Crush+1","FocusFire","Overpower+1","ICanCookAnything"],"picked":"SKIP","floor":47},{"not_picked":["ButterflySlash","CrackOfDawn","EnergyCycle","ChargeUp","Reload+1","GreatSerpentsImpact","AsThePrescriptOrders+1","VenomousFangs","YouOnlyLiveOnce"],"picked":"SKIP","floor":48}],"player_experience":220555,"relics_obtained":[{"floor":9.0,"key":"PageOfSingingMachine"},{"floor":11.0,"key":"Anchor"},{"floor":14.0,"key":"TungstenRod"},{"floor":23.0,"key":"MealTicket"},{"floor":25.0,"key":"Whetstone"},{"floor":26.0,"key":"Bag of Marbles"},{"floor":40.0,"key":"Boot"},{"floor":42.0,"key":"War Paint"},{"floor":43.0,"key":"Sundial"},{"floor":48,"key":"Centennial Puzzle"}],"event_choices":[{"cards_removed":["Diversion"],"damage_healed":0.0,"max_hp_gain":0.0,"max_hp_loss":0.0,"gold_gain":0.0,"event_name":"WeMeetAgain","player_choice":"Gave Card","floor":2.0,"gold_loss":0.0,"damage_taken":0.0,"relics_obtained":["Blue Doll"]},{"damage_healed":0.0,"max_hp_gain":0.0,"max_hp_loss":0.0,"gold_gain":0.0,"event_name":"Lab","player_choice":"Got Potions","floor":13.0,"gold_loss":0.0,"damage_taken":0.0},{"damage_healed":0.0,"max_hp_gain":0.0,"max_hp_loss":0.0,"gold_gain":0.0,"cards_transformed":["Thrust"],"event_name":"Transmorgrifier","player_choice":"Transformed","floor":38.0,"gold_loss":0.0,"damage_taken":0.0,"cards_obtained":["BlazingStrike"]}],"is_beta":false,"boss_relics":[{"not_picked":["ReplayTheSpireMod:DimensionalGlitch","Fusion Hammer"],"picked":"Ring of Chaos"},{"not_picked":["ChewingGum","Tiny House"],"picked":"SlaversCollar"}],"items_purged_floors":[10],"is_endless":false,"potions_floor_spawned":[3,8,14,19,27,30,33,35,40,48],"ascension_level":2}}