{"host":"wri98rxht4656ll8","time":1614268723,"event":{"mods":["AchievementEnabler","BaseMod","Colored Map","Colored Powertips","Minty Spire (QoL Compilation)","Permanent Neow","StSLib"],"gold_per_floor":[15,15,15,190,205,205,224,224,224,224,239,259,40,70,70,168,168,186,111,111,128,128,128,148,148,195,95,110,125,125,0,0,103,103,123,123,133,143,153,153,171,190,190,190,160,160,178,194,194,194],"floor_reached":51,"language":"ENG","playtime":2141,"items_purged":["Strike_R","Reckless Charge","Strike_R"],"score":801,"play_id":"4b174f1f-25b3-4f43-9e68-f4571e5d177c","local_time":"20210225165843","is_ascension_mode":true,"campfire_choices":[{"data":"Ghostly Armor","floor":6.0,"key":"SMITH"},{"data":"Defend_R","floor":8.0,"key":"SMITH"},{"data":"Barricade","floor":15.0,"key":"SMITH"},{"data":"Body Slam","floor":23.0,"key":"SMITH"},{"data":"Fire Breathing","floor":25.0,"key":"SMITH"},{"data":"Body Slam","floor":30.0,"key":"SMITH"},{"data":"Offering","floor":32.0,"key":"SMITH"},{"floor":40.0,"key":"REST"},{"floor":46.0,"key":"REST"},{"floor":49.0,"key":"REST"}],"circlet_count":0,"master_deck":["Strike_R","Strike_R","Defend_R","Defend_R","Defend_R+1","Defend_R+1","Bash+1","Juggernaut+1","Ghostly Armor+1","Shrug It Off","Barricade+1","Offering+1","True Grit","Impervious","Fire Breathing+1","Body Slam+1","Fire Breathing+1","Body Slam+1","Juggernaut","Ghostly Armor+1","Sentinel+1","Impervious","Madness","Madness"],"relics":["Burning Blood","Art of War","Orrery","Happy Flower","SlaversCollar","Cursed Key"],"acts_visited":["Exordium","TheCity","TheBeyond"],"potions_floor_usage":[50,50],"damage_taken":[{"damage":5.0,"enemies":"Small Slimes","floor":1.0,"turns":5.0},{"damage":9.0,"enemies":"2 Louse","floor":5.0,"turns":3.0},{"damage":1.0,"enemies":"Cultist","floor":7.0,"turns":4.0},{"damage":5.0,"enemies":"Blue Slaver","floor":11.0,"turns":3.0},{"damage":7.0,"enemies":"Large Slime","floor":12.0,"turns":6.0},{"damage":22.0,"enemies":"Gremlin Nob","floor":14.0,"turns":4.0},{"damage":25.0,"enemies":"Hexaghost","floor":16.0,"turns":14.0},{"damage":12.0,"enemies":"Shell Parasite","floor":18.0,"turns":6.0},{"damage":13.0,"enemies":"Spheric Guardian","floor":21.0,"turns":4.0},{"damage":19.0,"enemies":"Snake Plant","floor":24.0,"turns":5.0},{"damage":6.0,"enemies":"Snecko","floor":28.0,"turns":4.0},{"damage":8.0,"enemies":"Shelled Parasite and Fungi","floor":29.0,"turns":6.0},{"damage":21.0,"enemies":"Collector","floor":33.0,"turns":8.0},{"damage":54.0,"enemies":"3 Darklings","floor":35.0,"turns":5.0},{"damage":4.0,"enemies":"3 Shapes","floor":37.0,"turns":6.0},{"damage":31.0,"enemies":"Spire Growth","floor":38.0,"turns":5.0},{"damage":2.0,"enemies":"Jaw Worm Horde","floor":39.0,"turns":5.0},{"damage":6.0,"enemies":"3 Darklings","floor":41.0,"turns":4.0},{"damage":0.0,"enemies":"Maw","floor":42.0,"turns":7.0},{"damage":6.0,"enemies":"Writhing Mass","floor":47.0,"turns":5.0},{"damage":32.0,"enemies":"3 Darklings","floor":48.0,"turns":8.0},{"damage":22,"enemies":"Awakened One","floor":50,"turns":11}],"seed_played":"8316655592454748936","potions_obtained":[{"floor":1.0,"key":"Ancient Potion"},{"floor":5.0,"key":"LiquidBronze"},{"floor":16.0,"key":"SpeedPotion"},{"floor":38.0,"key":"EssenceOfSteel"},{"floor":42.0,"key":"SteroidPotion"},{"floor":45.0,"key":"Dexterity Potion"},{"floor":45.0,"key":"BlessingOfTheForge"},{"floor":47.0,"key":"PowerPotion"}],"is_trial":false,"path_per_floor":["M","?","?","?","M","R","M","R","T","?","M","M","$","E","R","B",null,"M","?","$","M","?","R","M","R","T","$","M","M","R","$","R","B",null,"M","$","M","M","M","R","M","M","T","?","?","R","M","M","R","B",null],"character_chosen":"IRONCLAD","items_purchased":["Orrery"],"campfire_rested":3,"item_purchase_floors":[13],"current_hp_per_floor":[80,80,64,64,61,61,66,66,66,66,67,66,66,50,50,31,80,74,74,74,67,67,67,54,54,54,54,54,52,52,52,52,37,80,32,32,34,9,13,37,37,43,43,33,33,57,57,31,55,39],"gold":194,"neow_bonus":"THREE_RARE_CARDS","is_daily":false,"chose_seed":false,"campfire_upgraded":7,"win_rate":0.0,"timestamp":1614268723,"path_taken":["M","?","?","?","M","R","M","R","T","?","?","M","$","E","R","BOSS","M","?","$","M","?","R","M","R","T","$","M","M","R","$","R","BOSS","M","$","M","M","?","R","M","M","T","?","?","R","?","M","R","BOSS"],"items_purchased_type":["Relic"],"build_version":"2020-12-22","purchased_purges":3,"victory":true,"max_hp_per_floor":[80,80,80,80,80,80,80,80,80,80,80,80,80,80,80,80,80,80,80,80,80,80,80,80,80,80,80,80,80,80,80,80,80,80,80,80,80,80,80,80,80,80,80,80,80,80,80,80,80,80],"card_choices":[{"not_picked":["Exhume","Offering"],"picked":"Juggernaut","floor":0.0},{"not_picked":["Bloodletting","Iron Wave"],"picked":"Ghostly Armor","floor":1.0},{"not_picked":["Cleave","Clash","Pommel Strike"],"picked":"SKIP","floor":5.0},{"not_picked":["Headbutt","Havoc","Disarm"],"picked":"SKIP","floor":7.0},{"not_picked":["Cleave","Headbutt","Berserk"],"picked":"SKIP","floor":11.0},{"not_picked":["Inflame","Pommel Strike","Intimidate"],"picked":"SKIP","floor":12.0},{"not_picked":["Perfected Strike","Carnage"],"picked":"Shrug It Off","floor":13.0},{"not_picked":["Warcry","Shockwave"],"picked":"Barricade","floor":13.0},{"not_picked":["Thunderclap","Wild Strike"],"picked":"Offering","floor":13.0},{"not_picked":["Thunderclap","Demon Form"],"picked":"True Grit","floor":14.0},{"not_picked":["Double Tap","Limit Break"],"picked":"Impervious","floor":16.0},{"not_picked":["Flex","Twin Strike"],"picked":"Fire Breathing","floor":18.0},{"not_picked":["Battle Trance","Havoc"],"picked":"Body Slam","floor":21.0},{"not_picked":["Clash","Searing Blow"],"picked":"Fire Breathing+1","floor":24.0},{"not_picked":["Sever Soul","Anger+1"],"picked":"Body Slam","floor":28.0},{"not_picked":["Thunderclap","Iron Wave","Intimidate"],"picked":"SKIP","floor":29.0},{"not_picked":["Immolate","Double Tap"],"picked":"Juggernaut","floor":33.0},{"not_picked":["Clash+1","Thunderclap"],"picked":"Ghostly Armor+1","floor":35.0},{"not_picked":["Sever Soul+1","Carnage","Second Wind+1"],"picked":"SKIP","floor":37.0},{"not_picked":["Sword Boomerang+1","Rage","Reckless Charge"],"picked":"SKIP","floor":38.0},{"not_picked":["Anger+1","Iron Wave","Clothesline+1"],"picked":"SKIP","floor":39.0},{"not_picked":["Seeing Red","Anger"],"picked":"Sentinel+1","floor":41.0},{"not_picked":["Armaments","Sword Boomerang"],"picked":"Impervious","floor":42.0},{"not_picked":["Intimidate","Pummel","Anger+1"],"picked":"SKIP","floor":47.0},{"not_picked":["Thunderclap","Hemokinesis+1","Armaments+1"],"picked":"SKIP","floor":48.0}],"player_experience":249597,"relics_obtained":[{"floor":9.0,"key":"Art of War"},{"floor":14.0,"key":"Happy Flower"}],"event_choices":[{"damage_healed":0.0,"max_hp_gain":0.0,"max_hp_loss":0.0,"gold_gain":0.0,"event_name":"Living Wall","player_choice":"Grow","floor":2.0,"gold_loss":0.0,"damage_taken":0.0,"cards_upgraded":["Juggernaut"]},{"damage_healed":0.0,"max_hp_gain":0.0,"max_hp_loss":0.0,"gold_gain":0.0,"event_name":"Shining Light","player_choice":"Entered Light","floor":3.0,"gold_loss":0.0,"damage_taken":16.0,"cards_upgraded":["Bash","Defend_R"]},{"damage_healed":0.0,"max_hp_gain":0.0,"max_hp_loss":0.0,"gold_gain":175.0,"event_name":"Liars Game","player_choice":"AGREE","floor":4.0,"gold_loss":0.0,"damage_taken":0.0,"cards_obtained":["Doubt"]},{"damage_healed":0.0,"max_hp_gain":0.0,"max_hp_loss":0.0,"gold_gain":0.0,"cards_transformed":["Strike_R"],"event_name":"Transmorgrifier","player_choice":"Transformed","floor":10.0,"gold_loss":0.0,"damage_taken":0.0,"cards_obtained":["Reckless Charge"]},{"cards_removed":["Doubt"],"damage_healed":0.0,"max_hp_gain":0.0,"max_hp_loss":0.0,"gold_gain":0.0,"event_name":"Beggar","player_choice":"Gave Gold","floor":19.0,"gold_loss":75.0,"damage_taken":0.0},{"damage_healed":0.0,"max_hp_gain":0.0,"max_hp_loss":0.0,"gold_gain":0.0,"event_name":"Match and Keep!","player_choice":"0 cards matched","floor":22.0,"gold_loss":0.0,"damage_taken":0.0,"cards_obtained":[]},{"damage_healed":0.0,"max_hp_gain":0.0,"max_hp_loss":0.0,"gold_gain":0.0,"event_name":"Winding Halls","player_choice":"Embrace Madness","floor":44.0,"gold_loss":0.0,"damage_taken":10.0,"cards_obtained":["Madness","Madness"]},{"damage_healed":0.0,"max_hp_gain":0.0,"max_hp_loss":0.0,"gold_gain":0.0,"event_name":"The Woman in Blue","player_choice":"Bought 2 Potions","floor":45.0,"gold_loss":0.0,"damage_taken":0.0}],"is_beta":false,"boss_relics":[{"not_picked":["Black Star","Coffee Dripper"],"picked":"SlaversCollar"},{"not_picked":["Calling Bell","Pandora\u0027s Box"],"picked":"Cursed Key"}],"items_purged_floors":[13,27,31],"is_endless":false,"potions_floor_spawned":[1,5,16,21,28,35,37,38,42,47],"ascension_level":4}}