{"host":"eeb412nj2w7f9cz8","time":1614262319,"event":{"mods":["Act Like it!","BaseMod","Library of Ruina","Minty Spire (QoL Compilation)","StSLib"],"gold_per_floor":[118,118,142,217,237,237,250,250,250,281,305,67,86,111,111,230,230,251,251,265,279,293,293,311,311,311,332,391,416,16,16,16,185,185,204,304,328,348,453,488,488,521,574,161,222,266,266,310,310,350,350,350,100,179,179],"floor_reached":56,"language":"ZHS","playtime":3929,"items_purged":["FocusedStrikes","Dodge"],"score":1500,"play_id":"cdb82806-2a70-49c2-9aa0-b5525a0a8593","local_time":"20210225221159","is_ascension_mode":false,"campfire_choices":[{"floor":6,"key":"RECALL"},{"data":"TendonChords","floor":8,"key":"SMITH"},{"data":"SunsetBlade","floor":15,"key":"SMITH"},{"data":"SenseQuarry","floor":23,"key":"SMITH"},{"data":"GutHarvesting","floor":25,"key":"SMITH"},{"data":"DimensionalRift","floor":32,"key":"SMITH"},{"data":"SharpNails","floor":41,"key":"SMITH"},{"data":"AGoldenOpportunity","floor":47,"key":"SMITH"},{"data":"TheRedNotes","floor":49,"key":"SMITH"},{"data":"GrazeTheGrass","floor":52,"key":"SMITH"}],"circlet_count":0,"master_deck":["LightDefense","LightAttack","LightAttack","LightAttack","LightDefense","LightDefense","LightDefense","ChargeAndCover","Commandeering","TheRedNotes+1","TendonChords+1","FrontalAssault","SunsetBlade+1","AsThePrescriptOrders","GrazeTheGrass+1","QuickSuppression","Disposal","SenseQuarry+1","Reload+1","GutHarvesting+1","DimensionalRift+1","ViolentFlame","Rewind","DesperateStruggle+1","Observe","BiXi","Parry2","SharpNails+1","Duel_lor+1","StartinOutLightly+1","Flash of Steel","AGoldenOpportunity+1","JiaoTu"],"relics":["PageOfLibrarian","Golden Idol","Bronze Scales","PageOfNothingThere","Philosopher\u0027s Stone","Eternal Feather","PageOfTheQueenOfHatred","Toolbox","Enchiridion","Coffee Dripper","PageOfTheKnightOfDespair","PageOfGreed","PageOfWrath","InkBottle","PageOfNihil","Bag of Marbles","Lizard Tail","Sling","PageOfScorchedGirl"],"acts_visited":["Exordium","TheCity","TheBeyond","TheEnding"],"potions_floor_usage":[],"damage_taken":[{"damage":0,"enemies":"Jaw Worm","floor":1,"turns":5},{"damage":0,"enemies":"2 Louse","floor":3,"turns":3},{"damage":0,"enemies":"Cultist","floor":5,"turns":4},{"damage":1,"enemies":"Blue Slaver","floor":7,"turns":4},{"damage":46,"enemies":"Lagavulin","floor":10,"turns":10},{"damage":0,"enemies":"2 Fungi Beasts","floor":11,"turns":2},{"damage":7,"enemies":"Gremlin Gang","floor":13,"turns":3},{"damage":4,"enemies":"Exordium Thugs","floor":14,"turns":3},{"damage":0,"enemies":"Slime Boss","floor":16,"turns":5},{"damage":18,"enemies":"3 Byrds","floor":18,"turns":5},{"damage":13,"enemies":"Spheric Guardian","floor":20,"turns":4},{"damage":0,"enemies":"Centurion and Healer","floor":21,"turns":3},{"damage":12,"enemies":"Cultist and Chosen","floor":22,"turns":4},{"damage":19,"enemies":"Snake Plant","floor":24,"turns":2},{"damage":0,"enemies":"Snecko","floor":27,"turns":4},{"damage":12,"enemies":"Cultist and Chosen","floor":28,"turns":2},{"damage":7,"enemies":"Centurion and Healer","floor":29,"turns":5},{"damage":21,"enemies":"Collector","floor":33,"turns":5},{"damage":21,"enemies":"3 Darklings","floor":35,"turns":3},{"damage":11,"enemies":"3 Shapes","floor":37,"turns":1},{"damage":23,"enemies":"Transient","floor":38,"turns":5},{"damage":14,"enemies":"4 Shapes","floor":39,"turns":3},{"damage":5,"enemies":"Reptomancer","floor":40,"turns":3},{"damage":2,"enemies":"Giant Head","floor":42,"turns":6},{"damage":130,"enemies":"Sphere and 2 Shapes","floor":45,"turns":5},{"damage":10,"enemies":"Nemesis","floor":46,"turns":3},{"damage":9,"enemies":"Reptomancer","floor":48,"turns":3},{"damage":20,"enemies":"Donu and Deca","floor":50,"turns":3},{"damage":2,"enemies":"Shield and Spear","floor":54,"turns":4},{"damage":76,"enemies":"The Heart","floor":55,"turns":4}],"seed_played":"8796411585122265387","potions_obtained":[{"floor":1,"key":"FearPotion"},{"floor":7,"key":"FairyPotion"},{"floor":13,"key":"Dexterity Potion"},{"floor":14,"key":"SteroidPotion"},{"floor":46,"key":"Ancient Potion"}],"is_trial":false,"path_per_floor":["M","?","M","?","M","R","M","R","T","E","M","$","M","M","R","B",null,"M","?","M","M","M","R","M","R","T","M","M","M","$","?","R","B",null,"M","?","M","M","M","E","R","E","T","$","M","E","R","E","R","B",null,"R","$","E","B",null],"character_chosen":"Librarian","items_purchased":["PageOfNothingThere","PageOfTheQueenOfHatred","Toolbox","InkBottle","Flash of Steel","Sling"],"campfire_rested":0,"item_purchase_floors":[12,30,30,44,44,53],"current_hp_per_floor":[66,49,49,38,46,46,54,54,54,29,32,32,52,51,51,54,85,70,70,60,63,54,54,38,38,38,41,32,67,67,51,66,48,88,67,67,56,36,25,25,43,95,95,95,71,73,91,85,95,75,95,95,95,93,21],"gold":179,"neow_bonus":"TEN_PERCENT_HP_BONUS","is_daily":false,"chose_seed":false,"campfire_upgraded":9,"win_rate":0.0,"timestamp":1614262319,"path_taken":["M","?","M","?","M","R","M","R","T","E","M","$","M","M","R","BOSS","M","?","?","M","M","R","M","R","T","M","M","M","$","?","R","BOSS","M","?","M","M","M","E","R","E","T","$","?","E","R","E","R","BOSS","R","$","E","BOSS"],"items_purchased_type":["Relic","Relic","Relic","Relic","Card","Relic"],"build_version":"2020-12-22","purchased_purges":2,"victory":true,"max_hp_per_floor":[68,68,82,82,82,82,82,82,82,88,88,88,88,88,88,85,85,85,85,90,90,90,88,88,88,88,88,88,88,88,88,88,88,88,88,88,88,88,88,95,95,95,95,95,95,95,95,95,95,95,95,95,95,95,95],"card_choices":[{"not_picked":["FieryDragonSlash","FierceCharge","SerpentSwordTechnique","BiAn","DestructiveImpact","HighKick","Guardian_lor","StrongStrike"],"picked":"Commandeering","floor":1},{"not_picked":["SerpentSwordTechnique","GrazeTheGrass","BackAttack","Unlock1","SuppressingShot","Suppress","ReadyUp","SmokingPipe"],"picked":"TheRedNotes","floor":3},{"not_picked":["BiAn","Eject","FrontalAssault","GreatSerpentsImpact","Thirst","HandleRequest","UpbeatPerformance","TieShanKao"],"picked":"TendonChords","floor":5},{"not_picked":["FleetFootsteps","GuardingStance","MultiBlock","TendonChords","SpearedSweep","SharpenedBlade","CombatPreparation","StructuralAnalysis"],"picked":"FrontalAssault","floor":7},{"not_picked":["FeelinGood","SummaryJudgment","EnergyCycle","FlamingDragonFist","Eradication","RipSpace","Pound","SharpSwipe"],"picked":"SunsetBlade","floor":10},{"not_picked":["BulkyImpact","IllEndYou","Faith","SuppressingShot","Thrust","SunsetBlade","Quickness","PreemptiveStrike"],"picked":"AsThePrescriptOrders","floor":11},{"not_picked":["GuidanceOfTheGears","Leap_lor","MindPrepared","Disposal","QuickSuppression","AsThePrescriptOrders","Thirst","MultiHit"],"picked":"GrazeTheGrass","floor":13},{"not_picked":["StayCalm","VioletBlade","DevastatingThrash","UpbeatPerformance","Parry","Reload","QuickAttack","Riposte"],"picked":"QuickSuppression","floor":14},{"not_picked":["MindCrush","GutHarvesting"],"picked":"Disposal","floor":16},{"not_picked":["Multislash","SnakesPrey","RapidGashes","SuppressingShot+1","Standoff","LossOfSenses","ShockRound","Thrust"],"picked":"SenseQuarry","floor":18},{"not_picked":["FleetEdge","Parry","ClassAndRespect","HighSpeedStabbing","UnavoidableGaze","Observe","FleetFootsteps+1","GuardingStance"],"picked":"Reload+1","floor":20},{"not_picked":["GuardingStance","Diversion","Wallop_lor","EnergyBeam","EnergyStrike","PinpointShot","Standoff+1","Slice_lor","Thrust+1"],"picked":"SKIP","floor":21},{"not_picked":["Eliminate","HighKick","SunsetBlade","TendonChords","ReadyUp","ClassAndRespect+1","SerpentSwordTechnique","EnergyShield+1"],"picked":"GutHarvesting","floor":22},{"not_picked":["Diversion+1","SinglePointStab","Faith","Riposte+1","UnavoidableGaze","GuardingStance","HighKick","WillOfThePrescript"],"picked":"DimensionalRift","floor":24},{"not_picked":["Standoff","ScatteringSlash","Bvapour","BiAn+1","SnakeSlit","SunsetBlade","HiddenBlade","Overpower"],"picked":"ViolentFlame","floor":27},{"not_picked":["SnakesPrey","Fence","PreemptiveStrike","IdentifyWeakpoint","GatherIntel","TheArtOfRapidSteps+1","Parry","HandleRequest"],"picked":"Rewind","floor":28},{"not_picked":["BackAttack","MultiBlock","SpearedSweep","PreemptiveStrike+1","WaitUp","SnakeSlit","BiAn","Thirst"],"picked":"DesperateStruggle+1","floor":29},{"not_picked":["ScratchThat","BlazingStrike"],"picked":"Observe","floor":33},{"not_picked":["Zzzzzap+1","MultiHit","EnergyStrike","ShockingBlow+1","CumulusWall+1","SummaryJudgment","FleshFillet","Thrust+1"],"picked":"BiXi","floor":35},{"not_picked":["HighSpeedStabbing","RulesOfTheBackstreets+1","ViolentFlame","PinpointShot","QuickSuppression","BindingArms","GrazeTheGrass+1","DefenseOrder","NonstopAssault"],"picked":"SKIP","floor":37},{"not_picked":["SparkingSpear","LoosenUp","UndertakePrescript","Overcharge+1","Faith","ViolentFlame","GreatSerpentsImpact+1","Tttonst"],"picked":"Parry2","floor":38},{"not_picked":["Zzzzzap","Collision+1","Parry","ScratchThat","Diversion","SunsetBlade+1","NonstopAssault","SnakeSlit+1"],"picked":"SharpNails","floor":39},{"not_picked":["Execute_lor","SerpentSwordTechnique+1","NonstopAssault","Rewind+1","FleetEdge+1","BizarreAttack","StrongStrike+1","DestructiveImpact"],"picked":"Duel_lor+1","floor":40},{"not_picked":["GatherIntel+1","SweepTheBackstreets+1","Multislash","ForTheFamily+1","UnavoidableGaze+1","TendonChords","Parry2+1","EnergyStrike"],"picked":"StartinOutLightly+1","floor":42},{"not_picked":["MultiBlock","ViolentFlame+1","Quickness","EnergyShield","GuidanceOfTheGears","HandlingWork","Parry2+1","Rampage_lor"],"picked":"AGoldenOpportunity","floor":45},{"not_picked":["NightInTheBackstreets+1","DevastatingThrash+1","WildCard+1","UnavoidableGaze","PinpointShot+1","FocusFire","Pound+1","Thrust+1"],"picked":"JiaoTu","floor":46},{"not_picked":["GuardingStance","YoureAHindrance","Crush","FierceCharge+1","Ripple+1","FlashingStrike","HandleRequest+1","ShrineToMusic","FrontalAssault"],"picked":"SKIP","floor":48},{"not_picked":["InnerArdor","GreatSerpentsImpact","MultiBlock+1","SuppressingShot","DimensionalRift","HighKick+1","Laceration","GuidanceOfTheGears+1","WillBeTasty"],"picked":"SKIP","floor":54}],"player_experience":122745,"relics_obtained":[{"floor":10,"key":"Bronze Scales"},{"floor":26,"key":"Eternal Feather"},{"floor":31,"key":"Enchiridion"},{"floor":40,"key":"PageOfTheKnightOfDespair"},{"floor":42,"key":"PageOfGreed"},{"floor":43,"key":"PageOfWrath"},{"floor":45,"key":"PageOfNihil"},{"floor":46,"key":"Bag of Marbles"},{"floor":48,"key":"Lizard Tail"},{"floor":54,"key":"PageOfScorchedGirl"}],"event_choices":[{"damage_healed":0,"gold_gain":0,"player_choice":"Take Damage","damage_taken":17,"relics_obtained":["Golden Idol"],"max_hp_gain":0,"max_hp_loss":0,"event_name":"Golden Idol","floor":2,"gold_loss":0},{"damage_healed":0,"gold_gain":75,"player_choice":"Gather Gold","damage_taken":11,"max_hp_gain":0,"max_hp_loss":0,"event_name":"World of Goop","floor":4,"gold_loss":0},{"damage_healed":0,"gold_gain":0,"player_choice":"Bought 0 Potions","damage_taken":0,"max_hp_gain":0,"max_hp_loss":0,"event_name":"The Woman in Blue","floor":19,"gold_loss":0},{"damage_healed":0,"gold_gain":0,"player_choice":"Obtained Book","damage_taken":16,"max_hp_gain":0,"max_hp_loss":0,"event_name":"Cursed Tome","floor":31,"gold_loss":0},{"damage_healed":0,"gold_gain":100,"player_choice":"Pray","damage_taken":0,"max_hp_gain":0,"max_hp_loss":0,"event_name":"Golden Shrine","floor":36,"gold_loss":0}],"is_beta":false,"boss_relics":[{"not_picked":["Cursed Key","Pandora\u0027s Box"],"picked":"Philosopher\u0027s Stone"},{"not_picked":["Tiny House","SlaversCollar"],"picked":"Coffee Dripper"}],"items_purged_floors":[44,53],"is_endless":false,"potions_floor_spawned":[1,7,13,14,20,21,33,37,38,46,54],"ascension_level":0}}