{"host":"d744ndivyohnro60","time":1614218842,"event":{"mods":["BaseMod","Bestiary","Colored Powertips","Minty Spire (QoL Compilation)","Relic Stats"],"gold_per_floor":[115,65,45,56,9,43,43,75,75,75,86,86,113,133,133,229,229,249,249,52,63,63,63],"floor_reached":22,"language":"ENG","playtime":1246,"items_purged":["Defend_B"],"score":329,"play_id":"017ecabc-388f-4c08-837b-fbd7a9fa7e1a","local_time":"20210224210722","is_ascension_mode":true,"campfire_choices":[{"data":"Dualcast","floor":7,"key":"SMITH"},{"floor":10,"key":"REST"},{"data":"Zap","floor":12,"key":"SMITH"},{"floor":15,"key":"REST"}],"circlet_count":0,"master_deck":["Strike_B","Strike_B","Strike_B","Defend_B","Defend_B","Zap+1","Dualcast+1","Scrape","Capacitor","Cold Snap","Leap","Gash","Loop","Double Energy","Ball Lightning","Seek","Scrape","Beam Cell","Scrape","Go for the Eyes"],"relics":["Cracked Core","NeowsBlessing","Toy Ornithopter","Darkstone Periapt","Mercury Hourglass","Blood Vial","Cursed Key"],"acts_visited":["Exordium","TheCity"],"potions_floor_usage":[8,14,18],"damage_taken":[{"damage":0,"enemies":"Cultist","floor":1,"turns":1},{"damage":0,"enemies":"Small Slimes","floor":4,"turns":1},{"damage":0,"enemies":"3 Sentries","floor":6,"turns":1},{"damage":45,"enemies":"Lagavulin","floor":8,"turns":8},{"damage":2,"enemies":"2 Louse","floor":11,"turns":2},{"damage":18,"enemies":"3 Sentries","floor":13,"turns":4},{"damage":0,"enemies":"Lots of Slimes","floor":14,"turns":1},{"damage":44,"enemies":"The Guardian","floor":16,"turns":9},{"damage":30,"enemies":"Shell Parasite","floor":18,"turns":5},{"damage":24,"enemies":"2 Thieves","floor":21,"turns":3},{"damage":29,"enemies":"Snecko","floor":22,"turns":3}],"seed_played":"4387231470198136078","potions_obtained":[{"floor":1,"key":"Dexterity Potion"},{"floor":3,"key":"AttackPotion"},{"floor":11,"key":"Explosive Potion"},{"floor":13,"key":"SpeedPotion"},{"floor":16,"key":"SpeedPotion"}],"is_trial":false,"path_per_floor":["M","?","?","M","$","E","R","E","T","R","M","R","E","M","R","B",null,"M","?","$","M","M"],"character_chosen":"DEFECT","items_purchased":["Cold Snap","Beam Cell","Scrape"],"campfire_rested":2,"item_purchase_floors":[5,20,20],"current_hp_per_floor":[68,68,68,68,68,68,68,28,28,50,48,48,30,37,59,17,61,38,38,38,16,0,0],"gold":63,"neow_bonus":"THREE_ENEMY_KILL","is_daily":false,"chose_seed":false,"campfire_upgraded":2,"win_rate":0.0,"timestamp":1614218842,"path_taken":["M","?","?","M","$","E","R","E","T","R","M","R","E","?","R","BOSS","M","?","$","?","M"],"items_purchased_type":["Card","Card","Card"],"build_version":"2020-12-22","purchased_purges":1,"victory":false,"max_hp_per_floor":[75,75,75,75,75,75,75,75,75,75,75,75,75,75,75,75,75,75,75,75,75,75,75],"relic_stats":{"Darkstone Periapt":0,"Blood Vial":10,"counters":[11,38],"Cursed Key":0,"obtain_stats":[{"Darkstone Periapt":8,"Blood Vial":13,"NeowsBlessing":0,"Cracked Core":0,"Cursed Key":17,"Toy Ornithopter":6,"Mercury Hourglass":9},{"Darkstone Periapt":4,"Blood Vial":6,"NeowsBlessing":0,"Cracked Core":0,"Cursed Key":8,"Toy Ornithopter":3,"Mercury Hourglass":4},{"Darkstone Periapt":11,"Blood Vial":17,"NeowsBlessing":0,"Cracked Core":0,"Cursed Key":27,"Toy Ornithopter":3,"Mercury Hourglass":11}],"Toy Ornithopter":15,"Mercury Hourglass":[102]},"card_choices":[{"not_picked":["Sweeping Beam","Conserve Battery"],"picked":"Scrape","floor":1},{"not_picked":["Stack","Streamline"],"picked":"Capacitor","floor":4},{"not_picked":["Hologram","Compile Driver"],"picked":"Leap","floor":6},{"not_picked":["Undo","Scrape"],"picked":"Gash","floor":8},{"not_picked":["Hologram","Streamline"],"picked":"Loop","floor":11},{"not_picked":["Steam Power","Reinforced Body"],"picked":"Double Energy","floor":13},{"not_picked":["Aggregate","Compile Driver"],"picked":"Ball Lightning","floor":14},{"not_picked":["Fission","Amplify"],"picked":"Seek","floor":16},{"not_picked":["Barrage","Rebound"],"picked":"Scrape","floor":18},{"not_picked":["Rebound+1","Beam Cell"],"picked":"Go for the Eyes","floor":21}],"player_experience":282118,"relics_obtained":[{"floor":6,"key":"Toy Ornithopter"},{"floor":8,"key":"Darkstone Periapt"},{"floor":9,"key":"Mercury Hourglass"},{"floor":13,"key":"Blood Vial"}],"event_choices":[{"cards_removed":["Defend_B"],"damage_healed":0,"gold_gain":0,"player_choice":"Card Removal","damage_taken":0,"max_hp_gain":0,"max_hp_loss":0,"event_name":"The Cleric","floor":2,"gold_loss":50},{"damage_healed":0,"gold_gain":0,"player_choice":"Bought 1 Potion","damage_taken":0,"max_hp_gain":0,"max_hp_loss":0,"event_name":"The Woman in Blue","floor":3,"gold_loss":0},{"cards_removed":["Strike_B"],"damage_healed":0,"gold_gain":0,"player_choice":"Purged","damage_taken":0,"max_hp_gain":0,"max_hp_loss":0,"event_name":"Purifier","floor":19,"gold_loss":0}],"is_beta":false,"boss_relics":[{"not_picked":["Philosopher\u0027s Stone","Snecko Eye"],"picked":"Cursed Key"}],"items_purged_floors":[20],"is_endless":false,"potions_floor_spawned":[1,11,13,16],"killed_by":"Snecko","ascension_level":9}}