{"host":"jt67skv49snb75sm","time":1614285668,"event":{"mods":["BaseMod","Bestiary","Minty Spire (QoL Compilation)","Relic Stats"],"gold_per_floor":[417,53,68,84,9,9,40,60,60,60,73,107,119,151,151,228,228,245,257,267,267,23,23,52,67,67,98,23,41,41,73,73,145,145,159,172,172,192,208,243,259,294,340,374,43,43,54,88,88,88,88,88,88,2,33,33,33],"floor_reached":56,"language":"ENG","playtime":4369,"items_purged":["Strike_G"],"score":2148,"play_id":"5a73362e-6183-4b0a-88e2-7b4d43d2b545","local_time":"20210225214108","is_ascension_mode":true,"campfire_choices":[{"floor":6.0,"key":"REST"},{"floor":10.0,"key":"REST"},{"floor":15.0,"key":"REST"},{"data":"Noxious Fumes","floor":23.0,"key":"SMITH"},{"data":"Accuracy","floor":30.0,"key":"SMITH"},{"data":"Footwork","floor":32.0,"key":"SMITH"},{"floor":49.0,"key":"RECALL"},{"data":"Caltrops","floor":53.0,"key":"SMITH"}],"circlet_count":0,"master_deck":["AscendersBane","Strike_G","Defend_G","Defend_G","Defend_G","Defend_G","Defend_G","Survivor","Neutralize","Accuracy+1","Cloak And Dagger+1","PiercingWail+1","Backflip+1","Crippling Poison+1","Bullet Time+1","Leg Sweep+1","Expertise+1","Dagger Throw+1","Deflect+1","Dagger Spray+1","Terror+1","Malaise+1","Noxious Fumes+1","Quick Slash+1","Crippling Poison+1","Cloak And Dagger+1","Escape Plan+1","Footwork+1","Acrobatics+1","Concentrate+1","Venomology+1","Quick Slash+1","Acrobatics+1","Tactician+1","Crippling Poison+1","Adrenaline+1","Caltrops+1","Accuracy+1","Blade Dance+1","Secret Technique+1","Finisher+1","Cloak And Dagger+1"],"relics":["Ring of the Snake","Old Coin","Toxic Egg 2","Paper Crane","Molten Egg 2","Kunai","Lantern","Empty Cage","Happy Flower","Juzu Bracelet","Oddly Smooth Stone","Mummified Hand","Meat on the Bone","Philosopher\u0027s Stone","Ancient Tea Set","Bag of Marbles","Question Card","Anchor","Ginger","Bag of Preparation"],"acts_visited":["Exordium","TheCity","TheBeyond","TheEnding"],"potions_floor_usage":[],"damage_taken":[{"damage":1.0,"enemies":"Cultist","floor":1.0,"turns":4.0},{"damage":7.0,"enemies":"Jaw Worm","floor":3.0,"turns":4.0},{"damage":4.0,"enemies":"Small Slimes","floor":4.0,"turns":5.0},{"damage":19.0,"enemies":"Gremlin Nob","floor":7.0,"turns":4.0},{"damage":0.0,"enemies":"Exordium Wildlife","floor":8.0,"turns":3.0},{"damage":0.0,"enemies":"Red Slaver","floor":11.0,"turns":7.0},{"damage":15.0,"enemies":"3 Sentries","floor":12.0,"turns":10.0},{"damage":0.0,"enemies":"Looter","floor":13.0,"turns":2.0},{"damage":12.0,"enemies":"Lagavulin","floor":14.0,"turns":7.0},{"damage":7.0,"enemies":"Hexaghost","floor":16.0,"turns":13.0},{"damage":0.0,"enemies":"3 Byrds","floor":18.0,"turns":5.0},{"damage":0.0,"enemies":"Spheric Guardian","floor":19.0,"turns":5.0},{"damage":2.0,"enemies":"3 Cultists","floor":20.0,"turns":6.0},{"damage":6.0,"enemies":"Slavers","floor":24.0,"turns":4.0},{"damage":0.0,"enemies":"Snake Plant","floor":25.0,"turns":5.0},{"damage":1.0,"enemies":"Gremlin Leader","floor":27.0,"turns":6.0},{"damage":9.0,"enemies":"Chosen and Byrds","floor":29.0,"turns":7.0},{"damage":3.0,"enemies":"Book of Stabbing","floor":31.0,"turns":6.0},{"damage":2.0,"enemies":"Automaton","floor":33.0,"turns":8.0},{"damage":9.0,"enemies":"3 Darklings","floor":35.0,"turns":4.0},{"damage":0.0,"enemies":"3 Shapes","floor":36.0,"turns":5.0},{"damage":5.0,"enemies":"Writhing Mass","floor":38.0,"turns":7.0},{"damage":2.0,"enemies":"4 Shapes","floor":39.0,"turns":6.0},{"damage":2.0,"enemies":"Nemesis","floor":40.0,"turns":7.0},{"damage":0.0,"enemies":"3 Darklings","floor":41.0,"turns":10.0},{"damage":1.0,"enemies":"Giant Head","floor":42.0,"turns":7.0},{"damage":3.0,"enemies":"Reptomancer","floor":44.0,"turns":6.0},{"damage":0.0,"enemies":"Transient","floor":47.0,"turns":6.0},{"damage":0.0,"enemies":"Nemesis","floor":48.0,"turns":7.0},{"damage":20.0,"enemies":"Donu and Deca","floor":50.0,"turns":8.0},{"damage":29.0,"enemies":"Awakened One","floor":51.0,"turns":13.0},{"damage":43.0,"enemies":"Shield and Spear","floor":55.0,"turns":6.0},{"damage":34,"enemies":"The Heart","floor":56,"turns":3}],"seed_played":"936193443780555419","potions_obtained":[{"floor":3.0,"key":"LiquidMemories"},{"floor":8.0,"key":"Weak Potion"},{"floor":12.0,"key":"EssenceOfSteel"},{"floor":14.0,"key":"SteroidPotion"},{"floor":18.0,"key":"Poison Potion"},{"floor":19.0,"key":"PowerPotion"},{"floor":35.0,"key":"Block Potion"},{"floor":36.0,"key":"GamblersBrew"},{"floor":40.0,"key":"FairyPotion"},{"floor":42.0,"key":"Fruit Juice"},{"floor":47.0,"key":"LiquidBronze"},{"floor":48.0,"key":"Regen Potion"}],"is_trial":false,"path_per_floor":["M","$","M","M","$","R","E","M","T","R","M","E","M","E","R","B",null,"M","M","M","?","$","R","E","M","T","E","?","M","R","E","R","B",null,"M","M","?","M","M","E","M","E","T","E","$","?","M","E","R","B","B",null,"R","$","E","B"],"character_chosen":"THE_SILENT","items_purchased":["Toxic Egg 2","Cloak And Dagger+1","PiercingWail+1","Bullet Time+1","Happy Flower","Crippling Poison+1","Blade Dance+1","Secret Technique+1","Swift Potion","Cloak And Dagger+1"],"campfire_rested":3,"item_purchase_floors":[2,2,2,5,22,22,45,45,54,54],"current_hp_per_floor":[43,43,36,32,32,51,32,32,32,51,51,36,36,24,43,36,59,59,59,57,57,57,57,51,51,51,50,50,41,41,38,38,36,59,50,50,50,45,43,41,41,40,40,42,42,42,42,42,42,37,20,58,58,58,32,0,0],"gold":33,"neow_bonus":"ONE_RARE_RELIC","is_daily":false,"chose_seed":false,"campfire_upgraded":4,"win_rate":0.0,"timestamp":1614285668,"path_taken":["M","$","M","M","?","R","E","?","T","R","M","E","M","E","R","BOSS","M","?","M","?","$","R","E","M","T","E","?","M","R","E","R","BOSS","M","M","?","M","M","E","M","E","T","E","$","?","M","E","R","BOSS","BOSS","R","$","E","BOSS"],"items_purchased_type":["Relic","Card","Card","Card","Relic","Card","Card","Card","Potion","Card"],"build_version":"2020-12-22","purchased_purges":1,"victory":false,"max_hp_per_floor":[66,66,66,66,66,66,66,66,66,66,66,66,66,66,66,66,66,66,66,66,66,66,66,66,66,66,66,66,66,66,66,66,66,66,66,66,66,66,66,66,66,66,66,71,71,71,71,71,71,71,71,71,71,71,71,71,71],"relic_stats":{"Happy Flower":[43],"counters":[33,206],"Mummified Hand":[61],"Juzu Bracelet":0,"Bag of Preparation":[2],"Kunai":[81],"Ginger":[2],"Question Card":3,"obtain_stats":[{"Lantern":14,"Happy Flower":22,"Oddly Smooth Stone":26,"Juzu Bracelet":24,"Bag of Preparation":55,"Ginger":48,"Paper Crane":7,"Empty Cage":17,"Ancient Tea Set":40,"Question Card":44,"Old Coin":0,"Anchor":46,"Mummified Hand":27,"Molten Egg 2":9,"Philosopher\u0027s Stone":34,"Bag of Marbles":42,"Kunai":12,"Toxic Egg 2":2,"Ring of the Snake":0,"Meat on the Bone":31},{"Lantern":9,"Happy Flower":13,"Oddly Smooth Stone":15,"Juzu Bracelet":14,"Bag of Preparation":32,"Ginger":29,"Paper Crane":4,"Empty Cage":10,"Ancient Tea Set":24,"Question Card":27,"Old Coin":0,"Anchor":27,"Mummified Hand":16,"Molten Egg 2":5,"Philosopher\u0027s Stone":19,"Bag of Marbles":26,"Kunai":7,"Toxic Egg 2":1,"Ring of the Snake":0,"Meat on the Bone":18},{"Lantern":46,"Happy Flower":75,"Oddly Smooth Stone":84,"Juzu Bracelet":79,"Bag of Preparation":203,"Ginger":176,"Paper Crane":17,"Empty Cage":59,"Ancient Tea Set":140,"Question Card":163,"Old Coin":0,"Anchor":163,"Mummified Hand":90,"Molten Egg 2":20,"Philosopher\u0027s Stone":111,"Bag of Marbles":157,"Kunai":37,"Toxic Egg 2":4,"Ring of the Snake":0,"Meat on the Bone":103}],"Ring of the Snake":[66],"Meat on the Bone":24},"card_choices":[{"not_picked":["Deflect","Deadly Poison"],"picked":"Accuracy","floor":1.0},{"not_picked":["Slice","Outmaneuver+1"],"picked":"Backflip+1","floor":3.0},{"not_picked":["Deadly Poison+1","Reflex+1"],"picked":"Crippling Poison+1","floor":4.0},{"not_picked":["Dash","Infinite Blades"],"picked":"Leg Sweep+1","floor":7.0},{"not_picked":["All Out Attack","Skewer"],"picked":"Expertise+1","floor":8.0},{"not_picked":["Acrobatics+1","Deadly Poison+1"],"picked":"Dagger Throw+1","floor":11.0},{"not_picked":["Leg Sweep+1","Tactician+1"],"picked":"Deflect+1","floor":12.0},{"not_picked":["Underhanded Strike+1","Sucker Punch+1"],"picked":"Dagger Spray+1","floor":13.0},{"not_picked":["Glass Knife+1","Caltrops"],"picked":"Terror+1","floor":14.0},{"not_picked":["Unload+1","Grand Finale+1"],"picked":"Malaise+1","floor":16.0},{"not_picked":["Accuracy","Underhanded Strike+1"],"picked":"Noxious Fumes","floor":18.0},{"not_picked":["Skewer+1","Dagger Spray+1","Masterful Stab+1"],"picked":"SKIP","floor":19.0},{"not_picked":["Backflip+1","Footwork"],"picked":"Quick Slash+1","floor":20.0},{"not_picked":["Backflip+1","Deadly Poison+1"],"picked":"Cloak And Dagger+1","floor":24.0},{"not_picked":["Backflip+1","Expertise+1"],"picked":"Escape Plan+1","floor":25.0},{"not_picked":["Bane+1","Dodge and Roll+1"],"picked":"Footwork","floor":27.0},{"not_picked":["Masterful Stab+1","Flying Knee+1"],"picked":"Acrobatics+1","floor":29.0},{"not_picked":["Blur+1","Tools of the Trade"],"picked":"Concentrate+1","floor":31.0},{"not_picked":["Glass Knife+1","Phantasmal Killer+1"],"picked":"Venomology+1","floor":33.0},{"not_picked":["Masterful Stab+1","Leg Sweep+1"],"picked":"Quick Slash+1","floor":35.0},{"not_picked":["Deadly Poison+1","Flying Knee+1"],"picked":"Acrobatics+1","floor":36.0},{"not_picked":["Quick Slash+1","Sucker Punch+1"],"picked":"Tactician+1","floor":38.0},{"not_picked":["Sucker Punch+1","Bane+1"],"picked":"Crippling Poison+1","floor":39.0},{"not_picked":["Predator+1","Masterful Stab+1"],"picked":"Adrenaline+1","floor":40.0},{"not_picked":["Sucker Punch+1","Prepared+1"],"picked":"Caltrops","floor":41.0},{"not_picked":["Prepared+1","Tactician+1","Masterful Stab+1"],"picked":"SKIP","floor":42.0},{"not_picked":["Slice+1","Dagger Throw+1"],"picked":"Accuracy+1","floor":44.0},{"not_picked":["Well Laid Plans","Cloak And Dagger+1","Underhanded Strike+1"],"picked":"Finisher+1","floor":47.0},{"not_picked":["Skewer+1","Flying Knee+1","Underhanded Strike+1","Deflect+1"],"picked":"SKIP","floor":48.0},{"not_picked":["Corpse Explosion+1","Dagger Throw+1","Deflect+1","Backstab+1"],"picked":"SKIP","floor":55.0}],"player_experience":903210,"relics_obtained":[{"floor":7.0,"key":"Paper Crane"},{"floor":9.0,"key":"Molten Egg 2"},{"floor":12.0,"key":"Kunai"},{"floor":14.0,"key":"Lantern"},{"floor":24.0,"key":"Juzu Bracelet"},{"floor":26.0,"key":"Oddly Smooth Stone"},{"floor":27.0,"key":"Mummified Hand"},{"floor":31.0,"key":"Meat on the Bone"},{"floor":40.0,"key":"Ancient Tea Set"},{"floor":42.0,"key":"Bag of Marbles"},{"floor":44.0,"key":"Question Card"},{"floor":48.0,"key":"Ginger"},{"floor":55.0,"key":"Bag of Preparation"}],"event_choices":[{"damage_healed":0.0,"max_hp_gain":0.0,"max_hp_loss":0.0,"gold_gain":0.0,"event_name":"Vampires","player_choice":"Ignored","floor":21.0,"gold_loss":0.0,"damage_taken":0.0},{"cards_removed":["Strike_G"],"damage_healed":0.0,"max_hp_gain":0.0,"max_hp_loss":0.0,"gold_gain":0.0,"event_name":"Beggar","player_choice":"Gave Gold","floor":28.0,"gold_loss":75.0,"damage_taken":0.0},{"damage_healed":0.0,"max_hp_gain":0.0,"max_hp_loss":0.0,"gold_gain":0.0,"event_name":"Tomb of Lord Red Mask","player_choice":"Ignored","floor":37.0,"gold_loss":0.0,"damage_taken":0.0},{"damage_healed":0.0,"max_hp_gain":0.0,"max_hp_loss":0.0,"gold_gain":0.0,"event_name":"WeMeetAgain","player_choice":"Gave Potion","floor":46.0,"gold_loss":0.0,"damage_taken":0.0,"relics_obtained":["Anchor"]}],"is_beta":false,"boss_relics":[{"not_picked":["HoveringKite","Busted Crown"],"picked":"Empty Cage"},{"not_picked":["Calling Bell","Runic Dome"],"picked":"Philosopher\u0027s Stone"}],"items_purged_floors":[45],"is_endless":false,"potions_floor_spawned":[3,8,12,14,18,19,24,25,31,35,36,40,42,47,48],"killed_by":"The Heart","ascension_level":20}}