{"host":"xzhhayihjc1eu6yn","time":1614261843,"event":{"mods":["AchievementEnabler","Aspiration","BaseMod","BetterRewards","Colored Map","Colored Powertips","Conspire","DeckTracker","Downfall","Duelist Mod","Friendly Minions","Highlight Path","Hubris","Infinite Spire","Marisa????????","Minty Spire (QoL Compilation)","Quick Restart","READ ME - Guardian Mod","Rare Cards Sparkle","Remilia??????","Replay The Spire","Shop Mod","StSLib","SuperFastMode","The Bug Knight","The Construct","The Cursed","The Disciple","The Jungle","The Mystic","The Necromancer","The Runesmith","The Servant 0.9.4"],"gold_per_floor":[113,123,184,259,273,303,303,24,51,51,85,111,144,158,158,260,260,276,295,308,318,318,353,373,373,373,387,400,400,412,431,431,534,534,552,31,41,61,21,21,40,73,73,84,95,95,95,107,107,210,210,211,213,216,224,232,232,245,245,314,318,318,327,328,26,26,115,115,96,89,80,68,61,73,73,78,104,104,104,104,104,97,97,157,157,156,152,152,152,139,134,123,123,123,135,135,128,145,71,71,135,135,132,133,141,141,316,316,312,312,312,312,337,337,337,338,338,315,315],"floor_reached":118,"language":"ENG","playtime":49126,"items_purged":["Sickly","Defend_W"],"score":2583,"play_id":"5ccfae31-3dbf-48ea-a27a-c4aea2d10fb2","local_time":"20210225090403","is_ascension_mode":false,"campfire_choices":[{"data":"Requiem","floor":7.0,"key":"SMITH"},{"data":"Summon_Lich","floor":10.0,"key":"SMITH"},{"floor":15.0,"key":"REST"},{"floor":25.0,"key":"REST"},{"data":"ReplayTheSpireMod:Black Plague","floor":40.0,"key":"SMITH"},{"data":"Replay:Fractal Strike","floor":47.0,"key":"SMITH"},{"data":"Cloudkill","floor":49.0,"key":"SMITH"},{"floor":57.0,"key":"REST"},{"floor":59.0,"key":"REST"},{"floor":62.0,"key":"REST"},{"floor":66.0,"key":"REST"},{"floor":75.0,"key":"REST"},{"floor":83.0,"key":"REST"},{"floor":100.0,"key":"DIG"}],"circlet_count":3,"master_deck":["Defend_W","Defend_W","Negative_Energy_Arrows","Bone_Wall","Blood_for_Blood","Siphon_Strength","Negative_Energy_Sphere","Requiem+1","Violent_Necrosis","Summon_Lich+1","Life_Tap","Stop_Heart","Pot Of Greed","Pot Of Greed","Bone_Armor","Cloudkill+1","Bone_Armory","Violent_Necrosis","Siphon_Strength+1","Pot Of Greed","ReplayTheSpireMod:Black Plague+1","Negative_Energy_Burst","Stop_Heart","Flesh_Made_Foul","Summon_Undead_Army","Negative_Energy_Sphere","Negative_Energy_Javelin","Detonate_Bones+1","Grasp_Heart+1","Bone_Bullets+1","Summon_Lich+1","Sadistic Nature+1","Pot Of Greed+1","Madness+1","Madness+1","Life_Tap+1","Shackles_Of_Pain+1","Scare","Skeleton_Dragon+1","Chill_Blood+1","Replay:Fractal Strike+1","Bone_Shift+1","Blood_Magic+1","Violent_Necrosis","Pot Of Greed","Bone_Prison+1","Violent_Necrosis","Requiem+1","Summon_Death_Knight+1","Plague_Bolt","Epidemic","Requiem+1","Bite","Bite+1","Bite","Bite","Bite","Pot Of Greed","Summon_Death_Knight+1","Bone_Prison+1","Siphon_Strength+1","Bone_Shift+1","Siphon_Strength","infinitespire:Fortify","Hellfire+1","Negative_Energy_Mist","Bone_Shift","Summon_Lich+1","Requiem+1","Pot Of Greed","Summon_Death_Knight+1","Pandemic","Doubt","Pain","Acid_Javelin+1","Violent_Necrosis","Regret","Pandemic"],"relics":["Vampire_Amulet","Circlet","ScarletDevilRocket","Eternal Feather","MealTicket","Grinning Jar","Runesmith:UraniumAnvil","ReplayTheSpireMod:Ring of Sloth","Ring of Hypnosis","Ginger","Golden Egg","Cauldron","ReplayTheSpireMod:ShopPack","HollowMod:LifeEnderRelic","Durian","hubris:TinFlute","aspiration:SneckoTail","Fusion Hammer","Thread and Needle","infinitespire:FocusingShard","Blue Doll","Torii","Frozen Egg 2","ReplayTheSpireMod:Lightbulb","MutagenicStrength","hubris:BottledHeart","Nloth\u0027s Gift","Coffee Dripper","Simple Rune","infinitespire:Lucky Rock","hubris:Icosahedron","hubris:TenFootPole","Replay:Towering Pillar of Hats","Blood Vial","Calipers","FossilizedHelix","WarpedTongs","Whetstone","infinitespire:PuzzleCube","infinitespire:Satchel"],"acts_visited":["Exordium"],"potions_floor_usage":[116,118],"damage_taken":[{"damage":0.0,"enemies":"Jaw Worm","floor":1.0,"turns":5.0},{"damage":1.0,"enemies":"conspire:RoseBush","floor":2.0,"turns":3.0},{"damage":0.0,"enemies":"2 Louse","floor":5.0,"turns":3.0},{"damage":0.0,"enemies":"Replay:BlueRogue","floor":6.0,"turns":7.0},{"damage":23.0,"enemies":"3 Sentries","floor":11.0,"turns":5.0},{"damage":19.0,"enemies":"Lagavulin","floor":13.0,"turns":7.0},{"damage":3.0,"enemies":"2 Fungi Beasts","floor":14.0,"turns":4.0},{"damage":27.0,"enemies":"Fading Forest","floor":16.0,"turns":11.0},{"damage":8.0,"enemies":"Chosen","floor":18.0,"turns":4.0},{"damage":8.0,"enemies":"Shell Parasite","floor":19.0,"turns":4.0},{"damage":14.0,"enemies":"Shelled Parasite and Fungi","floor":20.0,"turns":4.0},{"damage":2.0,"enemies":"conspire:HollyBat","floor":21.0,"turns":9.0},{"damage":17.0,"enemies":"Nightmare","floor":23.0,"turns":8.0},{"damage":0.0,"enemies":"Chosen and Byrds","floor":24.0,"turns":5.0},{"damage":20.0,"enemies":"Shelled Parasite and Fungi","floor":27.0,"turns":4.0},{"damage":0.0,"enemies":"conspire:HollyBat","floor":28.0,"turns":6.0},{"damage":2.0,"enemies":"Sentry and Sphere","floor":30.0,"turns":2.0},{"damage":18.0,"enemies":"Cultist and Chosen","floor":31.0,"turns":5.0},{"damage":9.0,"enemies":"conspire:MysteriousRune","floor":33.0,"turns":7.0},{"damage":4.0,"enemies":"Orb Walker","floor":35.0,"turns":3.0},{"damage":32.0,"enemies":"3 Darklings","floor":37.0,"turns":4.0},{"damage":5.0,"enemies":"Transient","floor":38.0,"turns":5.0},{"damage":15.0,"enemies":"Jaw Worm Horde","floor":41.0,"turns":3.0},{"damage":44.0,"enemies":"Nemesis","floor":42.0,"turns":5.0},{"damage":1.0,"enemies":"Writhing Mass","floor":44.0,"turns":3.0},{"damage":0.0,"enemies":"Transient","floor":45.0,"turns":5.0},{"damage":0.0,"enemies":"Jaw Worm Horde","floor":48.0,"turns":1.0},{"damage":53.0,"enemies":"Awakened One","floor":50.0,"turns":9.0},{"damage":1.0,"enemies":"Cultist","floor":52.0,"turns":2.0},{"damage":17.0,"enemies":"Jaw Worm","floor":53.0,"turns":2.0},{"damage":10.0,"enemies":"Small Slimes","floor":54.0,"turns":2.0},{"damage":33.0,"enemies":"2 Fungi Beasts","floor":55.0,"turns":2.0},{"damage":20.0,"enemies":"3 Louse","floor":56.0,"turns":2.0},{"damage":52.0,"enemies":"Lagavulin","floor":58.0,"turns":2.0},{"damage":48.0,"enemies":"Gremlin Nob","floor":61.0,"turns":3.0},{"damage":0.0,"enemies":"Lots of Slimes","floor":63.0,"turns":2.0},{"damage":8.0,"enemies":"Looter","floor":64.0,"turns":2.0},{"damage":1.0,"enemies":"Slime Boss","floor":67.0,"turns":2.0},{"damage":2.0,"enemies":"Shell Parasite","floor":69.0,"turns":5.0},{"damage":10.0,"enemies":"2 Thieves","floor":70.0,"turns":3.0},{"damage":11.0,"enemies":"Cultist and Chosen","floor":71.0,"turns":4.0},{"damage":21.0,"enemies":"Centurion and Healer","floor":72.0,"turns":5.0},{"damage":0.0,"enemies":"Snecko","floor":73.0,"turns":3.0},{"damage":49.0,"enemies":"Slavers","floor":74.0,"turns":3.0},{"damage":14.0,"enemies":"Snake Plant","floor":76.0,"turns":2.0},{"damage":0.0,"enemies":"Centurion and Healer","floor":82.0,"turns":4.0},{"damage":0.0,"enemies":"Automaton","floor":84.0,"turns":6.0},{"damage":0.0,"enemies":"3 Shapes","floor":86.0,"turns":3.0},{"damage":0.0,"enemies":"3 Darklings","floor":87.0,"turns":3.0},{"damage":0.0,"enemies":"Maw","floor":90.0,"turns":4.0},{"damage":0.0,"enemies":"Spire Growth","floor":91.0,"turns":4.0},{"damage":0.0,"enemies":"Writhing Mass","floor":92.0,"turns":5.0},{"damage":0.0,"enemies":"3 Darklings","floor":95.0,"turns":1.0},{"damage":0.0,"enemies":"HollowMod:StalkingDevout","floor":97.0,"turns":5.0},{"damage":0.0,"enemies":"Mind Bloom Boss Battle","floor":98.0,"turns":4.0},{"damage":0.0,"enemies":"hubris:GrandSnecko","floor":101.0,"turns":5.0},{"damage":0.0,"enemies":"conspire:RoseBush","floor":103.0,"turns":2.0},{"damage":0.0,"enemies":"Small Slimes","floor":104.0,"turns":2.0},{"damage":0.0,"enemies":"2 Louse","floor":105.0,"turns":2.0},{"damage":0.0,"enemies":"Nightmare","floor":109.0,"turns":5.0},{"damage":0,"enemies":"Lots of Slimes","floor":112,"turns":3},{"damage":0,"enemies":"Replay:BlueRogue","floor":113,"turns":2},{"damage":0,"enemies":"Lagavulin","floor":116,"turns":4},{"damage":6,"enemies":"Slime Boss","floor":118,"turns":2}],"seed_played":"4675665036886721605","potions_obtained":[{"floor":3.0,"key":"SneckoOil"},{"floor":5.0,"key":"Explosive Potion"},{"floor":13.0,"key":"BlessingOfTheForge"},{"floor":18.0,"key":"SpeedPotion"},{"floor":19.0,"key":"Fire Potion"},{"floor":24.0,"key":"SkillPotion"},{"floor":29.0,"key":"Fruit Juice"},{"floor":29.0,"key":"Energy Potion"},{"floor":29.0,"key":"Toxic Potion"},{"floor":29.0,"key":"Regen Potion"},{"floor":39.0,"key":"Explosive Potion"},{"floor":39.0,"key":"Weak Potion"},{"floor":39.0,"key":"CultistPotion"},{"floor":41.0,"key":"Toxic Potion"},{"floor":44.0,"key":"SpeedPotion"},{"floor":45.0,"key":"Weak Potion"},{"floor":50.0,"key":"Adrenaline Potion"},{"floor":54.0,"key":"Adrenaline Potion"},{"floor":55.0,"key":"SpeedPotion"},{"floor":56.0,"key":"Adrenaline Potion"},{"floor":58.0,"key":"ColorlessPotion"},{"floor":63.0,"key":"infinitespire:BlackPotion"},{"floor":73.0,"key":"Energy Potion"},{"floor":76.0,"key":"Reflective Coating"},{"floor":84.0,"key":"Weak Potion"},{"floor":87.0,"key":"Venom Potion"},{"floor":90.0,"key":"Cursed Concoction"},{"floor":91.0,"key":"Strength Potion"},{"floor":98.0,"key":"Weak Potion"},{"floor":101.0,"key":"Energy Potion"},{"floor":104.0,"key":"construct:ShiftPotion"},{"floor":112,"key":"Swift Potion"},{"floor":113,"key":"DistilledChaos"},{"floor":116,"key":"bronze:BurnAndBuffPotion"}],"is_trial":false,"path_per_floor":["M","M","?","?","M","E","R","$","T","R","E","T","E","M","R","B",null,"M","M","M","M","?","NM","M","R","T","M","M","AVR","M","M","R_BF","B",null,"M","$","M","M","?","R","M","E","T","M","M","AVR","R","M","R","B",null,"M","M","M","M","M","R","E","R","T","E","R","M","M","$","R","B",null,"M","M","M","M","M","E","R","M","T","?","?","?","?","M","R","B",null,"M","M","AVR","?","M","M","M","?","T","M","?","E","?","$","R_BF","B",null,"M","M","M","AVR","?","R","NM","?","T","M","E","?","R","E","R","B"],"character_chosen":"NECROMANCER","items_purchased":["Summon_Lich","Eternal Feather","ReplayTheSpireMod:ShopPack","Summon_Lich","HollowMod:LifeEnderRelic","Torii","Summon_Lich+1"],"campfire_rested":8,"item_purchase_floors":[8,8,36,36,36,65,99],"current_hp_per_floor":[82,82,50,39,43,45,45,45,45,54,37,37,20,21,57,46,82,76,70,60,60,60,45,49,82,82,66,68,73,75,61,79,72,87,85,87,66,63,63,87,78,41,41,42,44,44,71,71,92,49,92,92,77,71,42,28,85,35,92,92,46,92,92,86,92,92,92,92,92,85,78,61,69,26,86,74,74,74,64,1,1,1,1,1,1,1,1,1,1,1,1,1,1,1,1,1,1,1,1,1,1,1,1,1,1,1,1,1,1,1,1,1,1,1,1,1,1,0,0],"gold":315,"neow_bonus":"TEN_PERCENT_HP_BONUS","is_daily":false,"chose_seed":false,"campfire_upgraded":5,"win_rate":0.0,"timestamp":1614261843,"path_taken":["M","M","?","?","M","E","R","?","T","R","E","?","E","M","R","BOSS","M","M","M","M","?","NM","M","R","T","M","M","AVR","M","M","R_BF","BOSS","M","$","M","M","?","R","?","E","T","M","M","AVR","R","M","R","BOSS","M","M","M","M","M","R","E","R","T","E","R","M","M","$","R","BOSS","M","M","M","M","M","E","R","M","T","?","?","?","?","?","R","BOSS","M","M","AVR","?","?","M","M","?","T","M","?","E","?","$","R_BF","BOSS","M","M","M","AVR","?","R","NM","?","T","?","E","?","R","E","R","BOSS"],"items_purchased_type":["Card","Relic","Relic","Card","Relic","Relic","Card"],"build_version":"2020-12-22","purchased_purges":2,"victory":false,"max_hp_per_floor":[82,82,82,82,82,82,82,82,82,82,82,82,82,82,82,82,82,82,82,82,82,82,82,82,82,82,82,82,87,87,87,87,87,87,87,87,87,87,87,87,87,92,92,92,92,92,92,92,92,92,92,92,92,92,92,92,92,92,92,92,92,92,92,92,92,92,92,92,92,92,92,92,92,92,92,92,92,92,64,1,1,1,1,1,1,1,1,1,1,1,1,1,1,1,1,1,1,1,1,1,1,1,1,1,1,1,1,1,1,1,1,1,1,1,1,1,1,1,1],"card_choices":[{"not_picked":["Toxic_Smoke_Screen","Blood_Whip"],"picked":"Blood_for_Blood","floor":1.0},{"not_picked":["Negative_Energy_Mist","Toxic_Smoke_Screen"],"picked":"Siphon_Strength","floor":2.0},{"not_picked":["Bones_to_Steel","Vampiric_Strike"],"picked":"Negative_Energy_Sphere","floor":3.0},{"not_picked":["Bone_Armor","Blood_Whip"],"picked":"Requiem","floor":5.0},{"not_picked":["Finger_Of_Death","Stop_Heart"],"picked":"Violent_Necrosis","floor":6.0},{"not_picked":["Pandemic","Death_Knell"],"picked":"Life_Tap","floor":11.0},{"not_picked":["Bone_Armor","Chill_Blood"],"picked":"Stop_Heart","floor":13.0},{"not_picked":["Death_Coil","Consume_Illness"],"picked":"Bone_Armor","floor":14.0},{"not_picked":["Reap_The_Weak","Detonate_Bones"],"picked":"Cloudkill","floor":16.0},{"not_picked":["Consume_Illness","Blood_Curse","Bone_Shift"],"picked":"SKIP","floor":18.0},{"not_picked":["Chill_Blood","Negative_Energy_Sphere+1"],"picked":"Bone_Armory","floor":19.0},{"not_picked":["Blood_Is_Power","Flesh_Made_Foul"],"picked":"Violent_Necrosis","floor":20.0},{"not_picked":["Uncharnel+1","Death_March_Dance"],"picked":"Siphon_Strength+1","floor":21.0},{"not_picked":["ReplayTheSpireMod:Haul","ReplayTheSpireMod:Book of Names"],"picked":"ReplayTheSpireMod:Black Plague","floor":23.0},{"not_picked":["Uncharnel","Finger_Of_Death"],"picked":"Negative_Energy_Burst","floor":23.0},{"not_picked":["Scare","Death_March_Dance"],"picked":"Stop_Heart","floor":24.0},{"not_picked":["Blood_for_Blood+1","Consume_Illness+1"],"picked":"Flesh_Made_Foul","floor":27.0},{"not_picked":["Spectral_Armor+1","Spectral_Walk"],"picked":"Summon_Undead_Army","floor":28.0},{"not_picked":["Death_March_Dance","Necromantic_Selection"],"picked":"Negative_Energy_Sphere","floor":30.0},{"not_picked":["Negative_Energy_Shield","Blood_Whip"],"picked":"Negative_Energy_Javelin","floor":31.0},{"not_picked":["Detonate_Bones","Negative_Energy_Bomb"],"picked":"Grasp_Heart","floor":33.0},{"not_picked":["Death_March_Dance+1","Blood_Is_Power"],"picked":"Bone_Bullets+1","floor":35.0},{"not_picked":["expansioncontent:DashGenerateEvil","Secret Technique"],"picked":"Sadistic Nature","floor":36.0},{"not_picked":["expansioncontent:PrepareCrush","expansioncontent:ManipulateTime"],"picked":"expansioncontent:SuperHexaguard","floor":36.0},{"not_picked":["expansioncontent:SlimeTackle","expansioncontent:PolyBeam"],"picked":"expansioncontent:DonusPower","floor":36.0},{"not_picked":["Blood_Whip+1","Blood_Curse"],"picked":"Life_Tap+1","floor":37.0},{"not_picked":["Strike_from_Beyond+1","Bones_to_Steel","Negative_Energy_Sphere"],"picked":"SKIP","floor":38.0},{"not_picked":["Requiem","Death_Coil"],"picked":"Shackles_Of_Pain+1","floor":41.0},{"not_picked":["Bone_Spikes","Spectral_Walk"],"picked":"Scare","floor":42.0},{"not_picked":["Consume_Illness","Exploit+1"],"picked":"Skeleton_Dragon","floor":44.0},{"not_picked":["Blood_Whip","Vampiric_Strike+1"],"picked":"Chill_Blood+1","floor":45.0},{"not_picked":["Summon_Undead_Army","Corrupt+1"],"picked":"Bone_Shift+1","floor":48.0},{"not_picked":["Reap_The_Weak","Hellfire"],"picked":"Blood_Magic","floor":50.0},{"not_picked":["Bones_to_Steel","Flesh_Made_Foul","Death_March_Dance"],"picked":"SKIP","floor":52.0},{"not_picked":["Siphon_Strength","Consume_Illness"],"picked":"Violent_Necrosis","floor":53.0},{"not_picked":["Blood_Curse","Shackles_Of_Pain"],"picked":"Bone_Prison","floor":54.0},{"not_picked":["Slay_Living","Uncharnel"],"picked":"Violent_Necrosis","floor":55.0},{"not_picked":["Consume_Illness","Finger_Of_Death","Bone_Armor"],"picked":"SKIP","floor":56.0},{"not_picked":["Negative_Energy_Sphere","Scare"],"picked":"Requiem","floor":58.0},{"not_picked":["Strike_from_Beyond","Negative_Energy_Mist","Summon_Undead_Army"],"picked":"SKIP","floor":61.0},{"not_picked":["Bone_Armor","Consume_Illness","Plague_Bolt"],"picked":"SKIP","floor":63.0},{"not_picked":["Death_March_Dance","Blood_Curse","Negative_Energy_Javelin"],"picked":"SKIP","floor":64.0},{"not_picked":["Summon_Vampire_Lady","Requiem"],"picked":"Summon_Death_Knight","floor":67.0},{"not_picked":["Negative_Energy_Sphere","Death_March_Dance","Vampiric_Strike"],"picked":"SKIP","floor":69.0},{"not_picked":["Bone_Spikes","Life_Drain"],"picked":"Plague_Bolt","floor":70.0},{"not_picked":["Negative_Energy_Sphere","Chill_Blood","Death_Knell"],"picked":"SKIP","floor":71.0},{"not_picked":["Scare","Blood_Curse+1"],"picked":"Epidemic","floor":72.0},{"not_picked":["Flesh_Made_Foul","Uncharnel","Consume_Illness"],"picked":"SKIP","floor":73.0},{"not_picked":["Bone_Bullets+1","Negative_Energy_Sphere"],"picked":"Requiem","floor":74.0},{"not_picked":["Negative_Energy_Javelin","Consume_Illness","Bone_Shift"],"picked":"SKIP","floor":76.0},{"not_picked":["Negative_Energy_Javelin","Scare+1","Death_March_Dance"],"picked":"SKIP","floor":82.0},{"not_picked":["Blood_Magic+1","Hellfire"],"picked":"Summon_Death_Knight+1","floor":84.0},{"not_picked":["Blood_Curse","Spectral_Walk","Toxic_Smoke_Screen"],"picked":"SKIP","floor":86.0},{"not_picked":["Death_March_Dance+1","Negative_Energy_Javelin"],"picked":"Bone_Prison+1","floor":87.0},{"not_picked":["Reap_The_Weak","Shackles_Of_Pain"],"picked":"Siphon_Strength+1","floor":90.0},{"not_picked":["Life_Tap+1","Blood_Whip+1"],"picked":"Bone_Shift+1","floor":91.0},{"not_picked":["Scare+1","Life_Tap+1"],"picked":"Siphon_Strength","floor":92.0},{"not_picked":["infinitespire:DeathsTouch","infinitespire:TheBestDefense"],"picked":"infinitespire:Fortify","floor":93.0},{"not_picked":["Scare+1","Bone_Bullets+1"],"picked":"Hellfire","floor":95.0},{"not_picked":["Thousand_Bone_Knives+1","Plague_Bolt"],"picked":"Negative_Energy_Mist","floor":97.0},{"not_picked":["Chill_Blood+1","Shackles_Of_Pain"],"picked":"Bone_Shift","floor":98.0},{"not_picked":["Negative_Energy_Bomb","Blood_Wake"],"picked":"Requiem","floor":101.0},{"not_picked":["Death_Coil","Vampiric_Strike"],"picked":"Summon_Death_Knight+1","floor":103.0},{"not_picked":["Plague_Bolt","Consume_Illness"],"picked":"Pandemic","floor":104.0},{"not_picked":["Bone_Bullets","Strike_from_Beyond","Summon_Lich+1"],"picked":"SKIP","floor":105.0},{"not_picked":["Bone_Bullets","Bone_Shift","Negative_Energy_Sphere"],"picked":"SKIP","floor":109.0},{"not_picked":["Life_Drain","Bone_Spikes"],"picked":"Acid_Javelin","floor":112},{"not_picked":["Epidemic","Thousand_Bone_Knives"],"picked":"Violent_Necrosis","floor":113},{"not_picked":["Deaths_Shadow","Negative_Energy_Bomb"],"picked":"Pandemic","floor":116}],"player_experience":64847,"relics_obtained":[{"floor":3.0,"key":"vexMod:InvisibilityCloak"},{"floor":6.0,"key":"ScarletDevilRocket"},{"floor":9.0,"key":"MealTicket"},{"floor":11.0,"key":"hubris:ToyBattleship"},{"floor":12.0,"key":"vexMod:MemoryStick"},{"floor":13.0,"key":"Grinning Jar"},{"floor":22.0,"key":"ReplayTheSpireMod:Ring of Sloth"},{"floor":22.0,"key":"Ring of Hypnosis"},{"floor":23.0,"key":"Ginger"},{"floor":26.0,"key":"Golden Egg"},{"floor":42.0,"key":"Durian"},{"floor":43.0,"key":"hubris:TinFlute"},{"floor":58.0,"key":"Thread and Needle"},{"floor":60.0,"key":"infinitespire:FocusingShard"},{"floor":61.0,"key":"Blue Doll"},{"floor":74.0,"key":"Frozen Egg 2"},{"floor":77.0,"key":"ReplayTheSpireMod:Lightbulb"},{"floor":94.0,"key":"infinitespire:Lucky Rock"},{"floor":97.0,"key":"hubris:TenFootPole"},{"floor":98.0,"key":"Replay:Towering Pillar of Hats"},{"floor":100.0,"key":"Blood Vial"},{"floor":109.0,"key":"FossilizedHelix"},{"floor":113,"key":"Whetstone"},{"floor":116,"key":"infinitespire:Satchel"}],"event_choices":[{"damage_healed":0.0,"max_hp_gain":0.0,"max_hp_loss":0.0,"gold_gain":75.0,"event_name":"World of Goop","player_choice":"Gather Gold","floor":4.0,"gold_loss":0.0,"damage_taken":11.0},{"damage_healed":0.0,"max_hp_gain":0.0,"max_hp_loss":0.0,"gold_gain":0.0,"event_name":"The Woman in Blue","player_choice":"Bought 3 Potions","floor":39.0,"gold_loss":0.0,"damage_taken":0.0},{"damage_healed":0.0,"max_hp_gain":0.0,"max_hp_loss":0.0,"gold_gain":0.0,"event_name":"Drug Dealer","player_choice":"Inject Mutagens","floor":78.0,"gold_loss":0.0,"damage_taken":0.0,"relics_obtained":["MutagenicStrength"]},{"damage_healed":0.0,"max_hp_gain":0.0,"max_hp_loss":28.0,"gold_gain":0.0,"event_name":"Vampires","player_choice":"Became a vampire","floor":79.0,"gold_loss":0.0,"damage_taken":0.0,"cards_obtained":["Bite","Bite","Bite","Bite","Bite"]},{"damage_healed":0.0,"max_hp_gain":0.0,"max_hp_loss":0.0,"gold_gain":0.0,"event_name":"N\u0027loth","player_choice":"Traded Relic","floor":81.0,"relics_lost":["hubris:ToyBattleship"],"gold_loss":0.0,"damage_taken":0.0,"relics_obtained":["Nloth\u0027s Gift"]},{"damage_healed":0.0,"max_hp_gain":0.0,"max_hp_loss":0.0,"gold_gain":0.0,"event_name":"Upgrade Shrine","player_choice":"Upgraded","floor":89.0,"gold_loss":0.0,"damage_taken":0.0,"cards_upgraded":["Bone_Prison"]},{"damage_healed":0.0,"max_hp_gain":0.0,"max_hp_loss":0.0,"gold_gain":0.0,"event_name":"MindBloom","player_choice":"Fight","floor":98.0,"gold_loss":0.0,"damage_taken":0.0},{"damage_healed":0.0,"max_hp_gain":0.0,"max_hp_loss":0.0,"gold_gain":175.0,"event_name":"Liars Game","player_choice":"AGREE","floor":107.0,"gold_loss":0.0,"damage_taken":0.0,"cards_obtained":["Doubt"]},{"damage_healed":0.0,"max_hp_gain":0.0,"max_hp_loss":0.0,"gold_gain":0.0,"event_name":"Accursed Blacksmith","player_choice":"Rummage","floor":110.0,"gold_loss":0.0,"damage_taken":0.0,"relics_obtained":["WarpedTongs"],"cards_obtained":["Pain"]},{"damage_healed":0,"gold_gain":0,"player_choice":"Box","damage_taken":0,"relics_obtained":["infinitespire:PuzzleCube"],"max_hp_gain":0,"max_hp_loss":0,"event_name":"Big Fish","floor":114,"gold_loss":0,"cards_obtained":["Regret"]}],"is_beta":false,"boss_relics":[{"not_picked":["Replay:Wanted Poster","aspiration:IroncladSkillbook"],"picked":"Runesmith:UraniumAnvil"},{"not_picked":["Astrolabe","conspire:RunicOctahedron"],"picked":"vexMod:EndlessSickness"},{"not_picked":["vexMod:CursedCompass","ReplayTheSpireMod:SealedPack"],"picked":"Fusion Hammer"},{"not_picked":["conspire:RoyalGoblet","Empty Cage"],"picked":"vexMod:TanglingVine"},{"not_picked":["SlaversCollar","Runic Dome"],"picked":"Coffee Dripper"},{"not_picked":["conspire:SeveredTorchhead","aspiration:RitualDagger"],"picked":"Circlet"}],"items_purged_floors":[29,36],"is_endless":true,"potions_floor_spawned":[5,13,18,19,24,41,44,45,50,54,55,56,58,63,73,76,84,87,90,91,98,101,104,112,113,116],"killed_by":"Slime Boss","ascension_level":0}}