{"host":"o9lehcdjc4u6j9un","time":1614278416,"event":{"mods":["Aspiration","BaseMod","Better-Laid Plans","Bossed Relics","Colored Map","Hermit","Marisa£®ÏF”Í°°ƒß¿Ì…≥£©","Minty Spire (QoL Compilation)","StSLib","The Alterego","The Marked","The Runesmith"],"gold_per_floor":[214,214,225,241,51,51,80,80,161,161,161,181,200,24,24,123,123,133,150,150,100,113,113,129,145,145,145,145],"floor_reached":27,"language":"ZHS","playtime":845,"items_purged":["Defend_G","Strike_G"],"score":240,"play_id":"b05e218d-fdc8-4f53-95c6-dfe43bfc3888","local_time":"20210226024016","is_ascension_mode":false,"campfire_choices":[{"data":"Bouncing Flask","floor":6.0,"key":"SMITH"},{"data":"Poisoned Stab","floor":8.0,"key":"SMITH"},{"data":"Crippling Poison","floor":10.0,"key":"SMITH"},{"data":"Noxious Fumes","floor":15.0,"key":"SMITH"},{"data":"Catalyst","floor":23,"key":"SMITH"}],"circlet_count":0,"master_deck":["Strike_G","Strike_G","Strike_G","Defend_G","Defend_G","Defend_G","Defend_G","Survivor","Neutralize+1","Poisoned Stab+1","Backflip","Bouncing Flask+1","Deadly Poison","Crippling Poison+1","Noxious Fumes+1","Noxious Fumes","Burst","Poisoned Stab+1","Poisoned Stab","Deflect","Noxious Fumes","Poisoned Stab","Catalyst+1","Bouncing Flask","Deadly Poison"],"relics":["Ring of the Serpent","Potion Belt","Ornamental Fan","Pen Nib"],"acts_visited":["Exordium","TheCity"],"potions_floor_usage":[24],"damage_taken":[{"damage":2.0,"enemies":"Small Slimes","floor":1.0,"turns":4.0},{"damage":1.0,"enemies":"2 Louse","floor":3.0,"turns":3.0},{"damage":0.0,"enemies":"Cultist","floor":4.0,"turns":4.0},{"damage":9.0,"enemies":"Gremlin Nob","floor":7.0,"turns":4.0},{"damage":4.0,"enemies":"Red Slaver","floor":12.0,"turns":3.0},{"damage":3.0,"enemies":"2 Fungi Beasts","floor":13.0,"turns":3.0},{"damage":14.0,"enemies":"The Guardian","floor":16.0,"turns":6.0},{"damage":19.0,"enemies":"Shell Parasite","floor":18.0,"turns":5.0},{"damage":5.0,"enemies":"Chosen","floor":19.0,"turns":4.0},{"damage":7,"enemies":"Centurion and Healer","floor":22,"turns":5},{"damage":8,"enemies":"Snake Plant","floor":24,"turns":3},{"damage":10,"enemies":"Snecko","floor":25,"turns":3},{"damage":24,"enemies":"Chosen and Byrds","floor":27,"turns":2}],"seed_played":"7377819457205393641","potions_obtained":[{"floor":3.0,"key":"Poison Potion"},{"floor":4.0,"key":"Regen Potion"},{"floor":13.0,"key":"Regen Potion"},{"floor":19.0,"key":"SpeedPotion"},{"floor":24,"key":"SpeedPotion"},{"floor":25,"key":"Dexterity Potion"}],"is_trial":false,"path_per_floor":["M","?","M","M","$","R","E","R","T","R","?","M","M","$","R","B",null,"M","M","?","$","M","R","M","M","T","M"],"character_chosen":"THE_SILENT","items_purchased":["Bouncing Flask","Deadly Poison","Noxious Fumes","Poisoned Stab"],"campfire_rested":0,"item_purchase_floors":[5,5,14,21],"current_hp_per_floor":[68,68,67,67,67,67,58,58,58,58,58,54,51,51,51,70,70,51,46,46,46,39,39,31,21,21,0,0],"gold":145,"neow_bonus":"HUNDRED_GOLD","is_daily":false,"chose_seed":false,"campfire_upgraded":5,"win_rate":0.0,"timestamp":1614278416,"path_taken":["M","?","M","M","$","R","E","R","T","R","?","?","M","?","R","BOSS","M","M","?","$","M","R","M","M","T","M"],"items_purchased_type":["Card","Card","Card","Card"],"build_version":"2020-12-22","purchased_purges":2,"victory":false,"max_hp_per_floor":[70,70,70,70,70,70,70,70,70,70,70,70,70,70,70,70,70,70,70,70,70,70,70,70,70,70,70,70],"card_choices":[{"not_picked":["PiercingWail","Dash"],"picked":"Poisoned Stab","floor":1.0},{"not_picked":["Eviscerate","Dagger Throw"],"picked":"Outmaneuver","floor":3.0},{"not_picked":["Prepared","Expertise"],"picked":"Backflip","floor":4.0},{"not_picked":["Slice","Tactician"],"picked":"Crippling Poison","floor":7.0},{"not_picked":["Accuracy","Infinite Blades"],"picked":"Prepared","floor":12.0},{"not_picked":["Dodge and Roll","Poisoned Stab"],"picked":"Noxious Fumes","floor":13.0},{"not_picked":["Night Terror","Venomology"],"picked":"Burst","floor":16.0},{"not_picked":["Underhanded Strike","Masterful Stab"],"picked":"Poisoned Stab+1","floor":18.0},{"not_picked":["Acrobatics","Prepared"],"picked":"Poisoned Stab","floor":19.0},{"not_picked":["Reflex+1","Bouncing Flask"],"picked":"Catalyst","floor":22},{"not_picked":["Noxious Fumes+1","Skewer"],"picked":"Bouncing Flask","floor":24},{"not_picked":["Underhanded Strike","Eviscerate"],"picked":"Deadly Poison","floor":25}],"player_experience":193020,"relics_obtained":[{"floor":7.0,"key":"Potion Belt"},{"floor":9.0,"key":"Ornamental Fan"},{"floor":26,"key":"Pen Nib"}],"event_choices":[{"damage_healed":0.0,"max_hp_gain":0.0,"max_hp_loss":0.0,"gold_gain":0.0,"event_name":"Living Wall","player_choice":"Grow","floor":2.0,"gold_loss":0.0,"damage_taken":0.0,"cards_upgraded":["Neutralize"]},{"cards_removed":["Strike_G"],"damage_healed":0.0,"max_hp_gain":0.0,"max_hp_loss":0.0,"gold_gain":0.0,"event_name":"Bonfire Elementals","player_choice":"Offered Basic","floor":11.0,"gold_loss":0.0,"damage_taken":0.0},{"damage_healed":0.0,"max_hp_gain":0.0,"max_hp_loss":0.0,"gold_gain":0.0,"cards_transformed":["Outmaneuver","Prepared"],"event_name":"Drug Dealer","player_choice":"Became Test Subject","floor":20.0,"gold_loss":0.0,"damage_taken":0.0,"cards_obtained":["Deflect","Noxious Fumes"]}],"is_beta":false,"boss_relics":[{"not_picked":["Philosopher\u0027s Stone","aspiration:RitualDagger"],"picked":"Ring of the Serpent"}],"items_purged_floors":[5,14],"is_endless":false,"potions_floor_spawned":[3,4,13,19,24,25],"killed_by":"Chosen and Byrds","ascension_level":0}}