{"host":"6vtgmkkqqeew181q","time":1614231822,"event":{"mods":["100% Spire Juice","AlwaysNeverKeys","BaseMod","Better Skull","Better Third Choice","BetterRewards","Colored Powertips","Downfall","Faster Ascension Climbing","Highlight Path","Minty Spire (QoL Compilation)","Reliquary","Replay The Spire","Spire Birthday Party","StSLib","The Jungle"],"gold_per_floor":[118,118,135,153,164,194,194,194,194,219,219,229,229,254,254,358,358,375,53,53,53,71,71,105,121,203,203,203,215,230,259,259,358,358,371,415,434,290,290,302,346,358,394,406,432,461,473,496,508,520,532,544,6,34,34],"floor_reached":56,"language":"ENG","playtime":2139,"items_purged":["Hallucinations"],"score":2160,"play_id":"2af71882-4cba-4c74-8585-e717dee3b072","local_time":"20210224214342","is_ascension_mode":false,"campfire_choices":[{"data":"Moonworks:IndiscriminateFireSupport","floor":7,"key":"SMITH"},{"floor":13,"key":"REST"},{"data":"Moonworks:IndiscriminateFireSupport","floor":15,"key":"SMITH"},{"data":"Moonworks:MiracleWalker","floor":23,"key":"SMITH"},{"data":"Moonworks:LongDistanceShot","floor":27,"key":"SMITH"},{"floor":32,"key":"DIG"},{"floor":40,"key":"REST"},{"data":"Moonworks:AnotherUltimateWeapon","floor":42,"key":"SMITH"},{"data":"Moonworks:Wanted","floor":44,"key":"SMITH"},{"data":"Moonworks:RagingMadness","floor":47,"key":"SMITH"},{"floor":49,"key":"DIG"},{"data":"Moonworks:Dash","floor":52,"key":"SMITH"}],"circlet_count":0,"master_deck":["Moonworks:Strike+1","Moonworks:Strike+1","Moonworks:Strike+1","Moonworks:Strike+1","Moonworks:Defend+1","Moonworks:Defend+1","Moonworks:Defend+1","Moonworks:Defend+1","Moonworks:Ambush+1","Moonworks:LongDistanceShot+1","Moonworks:IndiscriminateFireSupport+1","Moonworks:EvilSpyWorkPreparation","Moonworks:RagingMadness+1","Moonworks:MiracleWalker+1","Moonworks:IndiscriminateFireSupport+1","Moonworks:IndiscriminateFireSupport+1","Moonworks:Wanted+1","Moonworks:NicePresent","Moonworks:Dash+1","Moonworks:AnotherUltimateWeapon+1","Amnesia","Moonworks:FullSpeedAlicianrone+1","Moonworks:GoAway+1","Moonworks:NicePresent+1","Pot Of Greed+1","Pot Of Greed+1","Pot Of Greed+1","Moonworks:SakisCookie+1","Moonworks:SakisCookie+1","Moonworks:PlushieMaster+1"],"relics":["Moonworks:BrokenBomb","Moonworks:Homemark","Lizard Tail","Bag of Preparation","Guide Book","reliquary:PurpleTingedLeaf","Slimebound:PreparedRelic","reliquary:HotPoker","Pen Nib","Quantum Egg","SlaversCollar","ReplayTheSpireMod:CursedCoin","MealTicket","Omamori","Meat on the Bone","Ice Cream","Toxic Egg 2","Replay:Ancient Bell","reliquary:Knoch","Replay:Bottled Snecko","FossilizedHelix","sneckomod:BlankCard","Slimebound:StickyStick","MawBank","Nunchaku","Grinning Jar","Bag of Preparation","Medical Kit","Calipers"],"acts_visited":["Exordium","TheCity","TheBeyond","TheEnding"],"potions_floor_usage":[6,31,46,50,55,55],"damage_taken":[{"damage":0,"enemies":"Small Slimes","floor":1,"turns":2},{"damage":0,"enemies":"2 Louse","floor":3,"turns":1},{"damage":0,"enemies":"Cultist","floor":4,"turns":2},{"damage":0,"enemies":"3 Louse","floor":5,"turns":1},{"damage":14,"enemies":"Gremlin Nob","floor":6,"turns":4},{"damage":27,"enemies":"Lagavulin","floor":10,"turns":4},{"damage":3,"enemies":"Red Slaver","floor":12,"turns":3},{"damage":0,"enemies":"3 Sentries","floor":14,"turns":2},{"damage":0,"enemies":"Slime Boss","floor":16,"turns":3},{"damage":0,"enemies":"3 Byrds","floor":18,"turns":3},{"damage":0,"enemies":"Spheric Guardian","floor":22,"turns":2},{"damage":7,"enemies":"Slavers","floor":24,"turns":3},{"damage":1,"enemies":"Chosen and Byrds","floor":25,"turns":2},{"damage":0,"enemies":"Centurion and Healer","floor":29,"turns":2},{"damage":0,"enemies":"3 Cultists","floor":30,"turns":2},{"damage":0,"enemies":"Gremlin Leader","floor":31,"turns":2},{"damage":0,"enemies":"Pondfish","floor":33,"turns":7},{"damage":0,"enemies":"3 Darklings","floor":35,"turns":3},{"damage":0,"enemies":"3 Shapes","floor":37,"turns":1},{"damage":0,"enemies":"Reptomancer","floor":41,"turns":3},{"damage":5,"enemies":"Maw","floor":45,"turns":6},{"damage":0,"enemies":"4 Shapes","floor":46,"turns":3},{"damage":0,"enemies":"Sphere and 2 Shapes","floor":48,"turns":3},{"damage":13,"enemies":"Donu and Deca","floor":50,"turns":4},{"damage":0,"enemies":"Shield and Spear","floor":54,"turns":2},{"damage":48,"enemies":"The Heart","floor":55,"turns":6}],"seed_played":"-5224464924903041060","potions_obtained":[{"floor":3,"key":"Weak Potion"},{"floor":10,"key":"Reflective Coating"},{"floor":12,"key":"Milkshake"},{"floor":16,"key":"Fire Potion"},{"floor":22,"key":"DuplicationPotion"},{"floor":33,"key":"Weak Potion"},{"floor":36,"key":"Fire Potion"},{"floor":36,"key":"Flashbang"},{"floor":46,"key":"Fruit Juice"},{"floor":54,"key":"Toxic Potion"}],"is_trial":false,"path_per_floor":["M","?","M","M","M","E","R","?","T","E","?","M","R","E","R","B",null,"M","$","?","?","M","R","E","M","T","R","$","M","M","E","R","B",null,"M","?","M","$","?","R","E","R","T","R","M","M","R","M","R","B",null,"R","$","E","B",null],"character_chosen":"THE_STARBREAKER","items_purchased":["Bag of Preparation","Guide Book","ReplayTheSpireMod:CursedCoin","MealTicket","sneckomod:BlankCard","Medical Kit","Moonworks:PlushieMaster+1"],"campfire_rested":2,"item_purchase_floors":[0,0,19,19,38,53,53],"current_hp_per_floor":[48,48,48,48,48,34,34,22,22,30,30,28,46,46,46,47,60,60,60,60,60,60,60,53,53,53,53,60,60,60,60,60,60,60,60,45,45,60,29,47,47,47,47,47,44,49,49,52,52,47,65,65,65,65,37],"gold":34,"neow_bonus":"","is_daily":false,"chose_seed":false,"campfire_upgraded":8,"win_rate":0.0,"timestamp":1614231822,"path_taken":["M","?","M","M","M","E","R","?","T","E","?","M","R","E","R","BOSS","M","?","?","?","?","R","E","?","T","R","?","?","M","E","R","BOSS","M","?","?","?","?","R","E","R","T","R","?","M","R","M","R","BOSS","R","$","E","BOSS"],"items_purchased_type":["Relic","Relic","Relic","Relic","Relic","Relic","Card"],"build_version":"2020-12-22","purchased_purges":1,"victory":true,"max_hp_per_floor":[60,60,60,60,60,60,60,60,60,60,60,60,60,60,60,60,60,60,60,60,60,60,60,60,60,60,60,60,60,60,60,60,60,60,60,60,60,60,60,60,60,60,60,60,60,65,65,65,65,65,65,65,65,65,65],"card_choices":[{"not_picked":["Moonworks:Assault","Moonworks:LulusLuckyEgg"],"picked":"Moonworks:IndiscriminateFireSupport","floor":1},{"not_picked":["Moonworks:IndiscriminateFireSupport","Moonworks:NicePresent"],"picked":"Moonworks:EvilSpyWorkPreparation","floor":3},{"not_picked":["Moonworks:EvilSpyWorkPreparation","Moonworks:ImOnFire"],"picked":"Moonworks:RagingMadness","floor":4},{"not_picked":["Moonworks:CloudOfSeagulls","Moonworks:StarBlastingFuse","Moonworks:IntelligenceOfficer"],"picked":"SKIP","floor":5},{"not_picked":["Moonworks:CloudOfSeagulls","Moonworks:DeployBits"],"picked":"Moonworks:MiracleWalker","floor":6},{"not_picked":["Moonworks:SealedMemories","Moonworks:EvilSpyWorkPreparation","Moonworks:CloudOfSeagulls"],"picked":"SKIP","floor":10},{"not_picked":["Moonworks:LulusLuckyEgg","Moonworks:JonathanRush"],"picked":"Moonworks:IndiscriminateFireSupport","floor":12},{"not_picked":["Moonworks:DeployBits","Moonworks:x16BigRocket","Moonworks:CookingTime"],"picked":"SKIP","floor":14},{"not_picked":["Moonworks:LulusLuckyEgg+1","Moonworks:CloudOfSeagulls"],"picked":"Moonworks:IndiscriminateFireSupport+1","floor":18},{"not_picked":["Moonworks:DeployBits","Moonworks:EvilSpyWorkPreparation","Moonworks:JonathanRush"],"picked":"SKIP","floor":22},{"not_picked":["Moonworks:BigMagnum+1","Moonworks:EvilSpyWorkPreparation"],"picked":"Moonworks:Wanted","floor":24},{"not_picked":["Moonworks:ImOnFire","Moonworks:Assault"],"picked":"Moonworks:NicePresent","floor":25},{"not_picked":["Moonworks:DeployBits+1","Moonworks:NicePresent"],"picked":"Moonworks:Dash","floor":29},{"not_picked":["Moonworks:CastOff+1","Moonworks:CloudOfSeagulls","Moonworks:SakisCookie"],"picked":"SKIP","floor":30},{"not_picked":["Moonworks:CloudOfSeagulls+1","Moonworks:UnluckyCharm","Moonworks:SealedMemories"],"picked":"SKIP","floor":31},{"not_picked":["Moonworks:Encore","Moonworks:Blazing"],"picked":"Moonworks:AnotherUltimateWeapon","floor":33},{"not_picked":["Overencumbered","Delirium"],"picked":"Hallucinations","floor":34},{"not_picked":["Doubt","Looming Evil"],"picked":"Writhe","floor":34},{"not_picked":["ReplayTheSpireMod:IOU","Hallucinations"],"picked":"Amnesia","floor":34},{"not_picked":["Moonworks:CookingTime","Moonworks:LulusLuckyEgg+1","Moonworks:Assault+1"],"picked":"SKIP","floor":35},{"not_picked":["Moonworks:IndiscriminateFireSupport","Moonworks:Assault+1"],"picked":"Moonworks:FullSpeedAlicianrone+1","floor":36},{"not_picked":["Moonworks:DeployBits+1","Moonworks:CompletionReward"],"picked":"Moonworks:GoAway+1","floor":37},{"not_picked":["Moonworks:SakisCookie+1","Moonworks:Flamethrower+1"],"picked":"Moonworks:NicePresent+1","floor":41},{"not_picked":["Moonworks:SealedMemories+1","Moonworks:NicePresent+1","Moonworks:ImOnFire+1"],"picked":"SKIP","floor":45},{"not_picked":["Moonworks:EvilSpyWorkPreparation+1","Moonworks:IndiscriminateFireSupport"],"picked":"Moonworks:SakisCookie+1","floor":46},{"not_picked":["Moonworks:ImOnFire+1","Moonworks:JonathanRush"],"picked":"Moonworks:SakisCookie+1","floor":48},{"not_picked":["Moonworks:CloudOfSeagulls+1","Moonworks:ImOnFire+1","Moonworks:SelfDestruct+1"],"picked":"SKIP","floor":54}],"player_experience":677102,"relics_obtained":[{"floor":6,"key":"reliquary:PurpleTingedLeaf"},{"floor":9,"key":"reliquary:HotPoker"},{"floor":10,"key":"Pen Nib"},{"floor":14,"key":"Quantum Egg"},{"floor":24,"key":"Omamori"},{"floor":26,"key":"Meat on the Bone"},{"floor":31,"key":"Ice Cream"},{"floor":32,"key":"Toxic Egg 2"},{"floor":41,"key":"Nunchaku"},{"floor":43,"key":"Grinning Jar"},{"floor":49,"key":"reliquary:SculptingSteel"},{"floor":54,"key":"Calipers"}],"event_choices":[{"damage_healed":0,"gold_gain":0,"player_choice":"Ignored","damage_taken":118,"max_hp_gain":0,"max_hp_loss":0,"event_name":"betterThird:BetterSerpent","floor":2,"gold_loss":0},{"damage_healed":0,"gold_gain":0,"player_choice":"Relic ","damage_taken":12,"max_hp_gain":0,"max_hp_loss":0,"event_name":"betterThird:BetterScrap","floor":8,"gold_loss":0,"cards_obtained":["Chill"]},{"damage_healed":0,"gold_gain":0,"player_choice":"Upgraded","damage_taken":0,"max_hp_gain":0,"max_hp_loss":0,"event_name":"Upgrade Shrine","floor":11,"gold_loss":0,"cards_upgraded":["Moonworks:Ambush"]},{"damage_healed":0,"gold_gain":0,"player_choice":"Simplicity","damage_taken":0,"max_hp_gain":0,"max_hp_loss":6,"event_name":"betterThird:BetterWriting","floor":20,"gold_loss":0},{"damage_healed":0,"gold_gain":0,"player_choice":"Bought 0 Potions","damage_taken":0,"max_hp_gain":0,"max_hp_loss":0,"event_name":"The Woman in Blue","floor":21,"gold_loss":0},{"damage_healed":0,"gold_gain":0,"player_choice":"RE RE ","damage_taken":35,"relics_obtained":["Slimebound:StickyStick","MawBank"],"max_hp_gain":0,"max_hp_loss":0,"event_name":"betterSkull:BetterSkull","floor":39,"gold_loss":0,"cards_upgraded":[]}],"is_beta":false,"boss_relics":[{"not_picked":["Black Star","Fusion Hammer"],"picked":"SlaversCollar"},{"not_picked":["bronze:MakeshiftBattery","reliquary:RedCape"],"picked":"Replay:Ancient Bell"},{"not_picked":["Simple Rune","reliquary:TatteredRug"],"picked":"reliquary:Knoch"},{"not_picked":["Replay:Bottled Steam","reliquary:JackalopeAntler"],"picked":"Replay:Bottled Snecko"},{"not_picked":["Pocketwatch","Gambling Chip"],"picked":"FossilizedHelix"}],"items_purged_floors":[19],"is_endless":false,"potions_floor_spawned":[3,10,12,16,22,25,33,37,46,54],"ascension_level":0}}