{"host":"13o02hya6v6rzuva","time":1614242050,"event":{"mods":["BaseMod","Minty Spire (QoL Compilation)","Relic Stats"],"gold_per_floor":[215,215,233,233,233,260,260,274,274,292,0,19,19,37,37,139,139,152,171,171,190,44,44,44,59,59,75,75,85,111,111,111,218,245,267,367,79,88,23,33,33,65,119,119,169,197,197,211,211,211,211,211,28,71,71,71],"floor_reached":55,"language":"ENG","playtime":2599,"items_purged":["Strike_G","Writhe"],"score":1067,"play_id":"a88f46a7-9570-410e-a292-aa24e5b5682b","local_time":"20210225093410","is_ascension_mode":true,"campfire_choices":[{"floor":7.0,"key":"REST"},{"floor":15.0,"key":"REST"},{"floor":23.0,"key":"REST"},{"floor":28.0,"key":"REST"},{"floor":32.0,"key":"REST"},{"floor":41,"key":"RECALL"},{"floor":44,"key":"REST"},{"floor":47,"key":"REST"},{"floor":49,"key":"REST"},{"floor":52,"key":"REST"}],"circlet_count":0,"master_deck":["AscendersBane","Defend_G+1","Defend_G","Defend_G","Survivor","Neutralize","Cloak And Dagger+1","Poisoned Stab","Outmaneuver","After Image+1","PiercingWail","Poisoned Stab","Noxious Fumes+1","Crippling Poison","After Image+1","Footwork+1","Deflect","Escape Plan","Backflip+1","Blur","Backstab+1","A Thousand Cuts+1","Die Die Die+1","Eviscerate+1","Unload+1","Calculated Gamble+1","Footwork+1","Footwork+1","PiercingWail","Catalyst","Dodge and Roll","PiercingWail+1"],"relics":["Ring of the Snake","Frozen Egg 2","Toy Ornithopter","TwistedFunnel","Fusion Hammer","War Paint","Sundial","CeramicFish","Astrolabe","Pantograph","Pen Nib","Akabeko","Turnip","Ice Cream"],"acts_visited":["Exordium","TheCity","TheBeyond","TheEnding"],"potions_floor_usage":[55],"damage_taken":[{"damage":1.0,"enemies":"Jaw Worm","floor":1.0,"turns":6.0},{"damage":10.0,"enemies":"Cultist","floor":3.0,"turns":4.0},{"damage":57.0,"enemies":"Lagavulin","floor":6.0,"turns":10.0},{"damage":2.0,"enemies":"2 Louse","floor":8.0,"turns":4.0},{"damage":3.0,"enemies":"2 Fungi Beasts","floor":10.0,"turns":5.0},{"damage":3.0,"enemies":"Exordium Thugs","floor":12.0,"turns":6.0},{"damage":1.0,"enemies":"Gremlin Gang","floor":14.0,"turns":4.0},{"damage":13.0,"enemies":"Hexaghost","floor":16.0,"turns":9.0},{"damage":10.0,"enemies":"Spheric Guardian","floor":18.0,"turns":5.0},{"damage":15.0,"enemies":"Chosen","floor":19.0,"turns":7.0},{"damage":11.0,"enemies":"Shelled Parasite and Fungi","floor":21.0,"turns":5.0},{"damage":0.0,"enemies":"Centurion and Healer","floor":25.0,"turns":9.0},{"damage":0.0,"enemies":"Chosen and Byrds","floor":27.0,"turns":7.0},{"damage":0.0,"enemies":"3 Cultists","floor":29.0,"turns":6.0},{"damage":28.0,"enemies":"Slavers","floor":30.0,"turns":6.0},{"damage":5.0,"enemies":"Collector","floor":33.0,"turns":13.0},{"damage":6,"enemies":"Orb Walker","floor":35,"turns":4},{"damage":0,"enemies":"3 Shapes","floor":40,"turns":5},{"damage":22,"enemies":"Reptomancer","floor":42,"turns":8},{"damage":5,"enemies":"Mind Bloom Boss Battle","floor":45,"turns":9},{"damage":4,"enemies":"Spire Growth","floor":46,"turns":6},{"damage":0,"enemies":"Jaw Worm Horde","floor":48,"turns":5},{"damage":125,"enemies":"Donu and Deca","floor":50,"turns":16},{"damage":37,"enemies":"Shield and Spear","floor":54,"turns":9},{"damage":66,"enemies":"The Heart","floor":55,"turns":5}],"seed_played":"3018111556387421966","potions_obtained":[{"floor":3.0,"key":"Dexterity Potion"},{"floor":5.0,"key":"FairyPotion"},{"floor":5.0,"key":"Regen Potion"},{"floor":6.0,"key":"PowerPotion"},{"floor":12.0,"key":"FairyPotion"},{"floor":54,"key":"ColorlessPotion"}],"is_trial":false,"path_per_floor":["M","?","M","?","?","E","R","M","T","M","$","M","$","M","R","B",null,"M","M","?","M","$","R","?","M","T","M","R","M","E","?","R","B",null,"M","?","$","?","$","M","R","E","T","R","?","M","R","M","R","B",null,"R","$","E","B"],"character_chosen":"THE_SILENT","items_purchased":["TwistedFunnel","Noxious Fumes+1","War Paint","Pantograph","Footwork+1","Footwork+1","Catalyst","Dodge and Roll"],"campfire_rested":9,"item_purchase_floors":[11,11,22,37,37,39,53,53],"current_hp_per_floor":[62,55,45,45,45,3,24,22,22,19,19,16,16,15,36,23,58,48,33,33,22,22,43,43,43,43,43,64,64,36,36,57,52,66,60,60,60,70,70,70,70,48,48,69,65,61,70,70,70,1,53,70,70,33,0,0],"gold":71,"neow_bonus":"HUNDRED_GOLD","is_daily":false,"chose_seed":false,"campfire_upgraded":0,"win_rate":0.0,"timestamp":1614242050,"path_taken":["M","?","?","?","?","E","R","M","T","M","$","?","$","?","R","BOSS","M","M","?","M","$","R","?","M","T","M","R","M","E","?","R","BOSS","M","?","$","?","$","M","R","E","T","R","?","M","R","?","R","BOSS","R","$","E","BOSS"],"items_purchased_type":["Relic","Card","Relic","Relic","Card","Card","Card","Card"],"build_version":"2020-12-22","purchased_purges":2,"victory":false,"max_hp_per_floor":[70,70,70,70,70,70,70,70,70,70,70,70,70,70,70,70,70,70,70,70,70,70,70,70,70,70,70,70,70,70,70,70,70,70,70,70,70,70,70,70,70,70,70,70,70,70,70,70,70,70,70,70,70,70,70,70],"relic_stats":{"counters":[25,173],"Sundial":[8],"CeramicFish":108,"Astrolabe":["Die Die Die","Eviscerate","Unload"],"Pantograph":26,"Pen Nib":[8],"Turnip":[2],"War Paint":["Defend_G","Cloak And Dagger"],"obtain_stats":[{"TwistedFunnel":11,"Ice Cream":54,"CeramicFish":31,"Astrolabe":34,"Pen Nib":42,"Frozen Egg 2":6,"War Paint":22,"Akabeko":43,"Sundial":30,"Pantograph":37,"Fusion Hammer":17,"Turnip":45,"Toy Ornithopter":9,"Ring of the Snake":0},{"TwistedFunnel":5,"Ice Cream":24,"CeramicFish":15,"Astrolabe":16,"Pen Nib":19,"Frozen Egg 2":3,"War Paint":11,"Akabeko":19,"Sundial":15,"Pantograph":17,"Fusion Hammer":8,"Turnip":20,"Toy Ornithopter":4,"Ring of the Snake":0},{"TwistedFunnel":29,"Ice Cream":168,"CeramicFish":93,"Astrolabe":106,"Pen Nib":123,"Frozen Egg 2":20,"War Paint":65,"Akabeko":123,"Sundial":93,"Pantograph":110,"Fusion Hammer":48,"Turnip":132,"Toy Ornithopter":24,"Ring of the Snake":0}],"Toy Ornithopter":5,"Ring of the Snake":[50]},"card_choices":[{"not_picked":["Blade Dance","Sucker Punch"],"picked":"Cloak And Dagger","floor":1.0},{"not_picked":["Catalyst","Acrobatics"],"picked":"Poisoned Stab","floor":3.0},{"not_picked":["Expertise","Deadly Poison"],"picked":"After Image+1","floor":6.0},{"not_picked":["Flying Knee","Dagger Throw"],"picked":"PiercingWail","floor":8.0},{"not_picked":["Slice","Acrobatics"],"picked":"Poisoned Stab","floor":10.0},{"not_picked":["Escape Plan","Dagger Spray","Outmaneuver"],"picked":"SKIP","floor":12.0},{"not_picked":["Dagger Spray","Prepared"],"picked":"Crippling Poison","floor":14.0},{"not_picked":["Burst","Tools of the Trade+1"],"picked":"After Image+1","floor":16.0},{"not_picked":["Blade Dance","Cloak And Dagger","Quick Slash+1"],"picked":"SKIP","floor":18.0},{"not_picked":["Underhanded Strike","Outmaneuver+1","Grand Finale"],"picked":"SKIP","floor":19.0},{"not_picked":["Quick Slash","Blade Dance"],"picked":"Footwork+1","floor":21.0},{"not_picked":["Accuracy+1","Riddle With Holes+1","Deflect"],"picked":"SKIP","floor":25.0},{"not_picked":["Skewer","Underhanded Strike"],"picked":"Backflip+1","floor":27.0},{"not_picked":["Poisoned Stab","Slice"],"picked":"Blur","floor":29.0},{"not_picked":["Blur","Blade Dance"],"picked":"Backstab+1","floor":30.0},{"not_picked":["Die Die Die","Grand Finale"],"picked":"A Thousand Cuts+1","floor":33.0},{"not_picked":["Underhanded Strike","Cloak And Dagger"],"picked":"Calculated Gamble+1","floor":35},{"not_picked":["Outmaneuver","Dagger Throw","Terror"],"picked":"SKIP","floor":40},{"not_picked":["Grand Finale","Dagger Throw","Slice"],"picked":"SKIP","floor":42},{"not_picked":["Quick Slash","Blade Dance"],"picked":"PiercingWail","floor":46},{"not_picked":["Prepared","Bane","Underhanded Strike+1"],"picked":"SKIP","floor":48},{"not_picked":["Doppelganger","Underhanded Strike"],"picked":"PiercingWail+1","floor":54}],"player_experience":1268112,"relics_obtained":[{"floor":6.0,"key":"Frozen Egg 2"},{"floor":9.0,"key":"Toy Ornithopter"},{"floor":30.0,"key":"Sundial"},{"floor":42,"key":"Pen Nib"},{"floor":43,"key":"Akabeko"},{"floor":45,"key":"Turnip"},{"floor":54,"key":"Ice Cream"}],"event_choices":[{"damage_healed":0.0,"max_hp_gain":0.0,"max_hp_loss":0.0,"gold_gain":0.0,"event_name":"Wheel of Change","player_choice":"Damaged","floor":2.0,"gold_loss":0.0,"damage_taken":7.0},{"damage_healed":0.0,"max_hp_gain":0.0,"max_hp_loss":0.0,"gold_gain":0.0,"cards_transformed":["Strike_G"],"event_name":"Living Wall","player_choice":"Change","floor":4.0,"gold_loss":0.0,"damage_taken":0.0,"cards_obtained":["Outmaneuver"]},{"damage_healed":0.0,"max_hp_gain":0.0,"max_hp_loss":0.0,"gold_gain":0.0,"event_name":"Lab","player_choice":"Got Potions","floor":5.0,"gold_loss":0.0,"damage_taken":0.0},{"damage_healed":0.0,"max_hp_gain":0.0,"max_hp_loss":0.0,"gold_gain":0.0,"event_name":"Beggar","player_choice":"Ignored","floor":20.0,"gold_loss":0.0,"damage_taken":0.0},{"damage_healed":0.0,"max_hp_gain":0.0,"max_hp_loss":0.0,"gold_gain":0.0,"cards_transformed":["Strike_G","Strike_G"],"event_name":"Drug Dealer","player_choice":"Became Test Subject","floor":24.0,"gold_loss":0.0,"damage_taken":0.0,"cards_obtained":["Deflect","Escape Plan"]},{"damage_healed":0.0,"max_hp_gain":0.0,"max_hp_loss":0.0,"gold_gain":0.0,"event_name":"The Mausoleum","player_choice":"Opened","floor":31.0,"gold_loss":0.0,"damage_taken":0.0,"relics_obtained":["CeramicFish"]},{"damage_healed":0,"gold_gain":100,"player_choice":"Pray","damage_taken":0,"max_hp_gain":0,"max_hp_loss":0,"event_name":"Golden Shrine","floor":36,"gold_loss":0},{"damage_healed":18,"gold_gain":0,"player_choice":"Writhe","damage_taken":0,"max_hp_gain":0,"max_hp_loss":0,"event_name":"Winding Halls","floor":38,"gold_loss":0,"cards_obtained":["Writhe"]},{"damage_healed":0,"gold_gain":0,"player_choice":"Fight","damage_taken":0,"max_hp_gain":0,"max_hp_loss":0,"event_name":"MindBloom","floor":45,"gold_loss":0}],"is_beta":false,"boss_relics":[{"not_picked":["Busted Crown","Ring of the Serpent"],"picked":"Fusion Hammer"},{"not_picked":["Pandora\u0027s Box","Velvet Choker"],"picked":"Astrolabe"}],"items_purged_floors":[11,53],"is_endless":false,"potions_floor_spawned":[3,6,12,14,19,25,30,40,46,48,54],"killed_by":"The Heart","ascension_level":12}}