{"host":"fhwr1fuluf6086fh","time":1614236880,"event":{"mods":["2.2 Compatiblity","Act Like it!","BaseMod","Colored Map","Elementarium","Minty Spire (QoL Compilation)","StSLib"],"gold_per_floor":[111,131,142,32,45,75,75,90,113,63,91,102,136,99,99,196,196,212,212,222,53,70,95,95,95,95,95,127,145,175,189,189,189,189],"floor_reached":33,"language":"ENG","playtime":3369,"items_purged":[],"score":491,"play_id":"d0b0fd8c-5253-4ed8-82d0-5a032365ab07","local_time":"20210225020800","is_ascension_mode":true,"campfire_choices":[{"data":"Noxious Fumes","floor":7,"key":"SMITH"},{"floor":15,"key":"REST"},{"floor":25,"key":"REST"},{"floor":27,"key":"REST"},{"floor":32,"key":"REST"}],"circlet_count":0,"master_deck":["AscendersBane","Survivor","Neutralize","Riddle With Holes","Backflip","Calculated Gamble","Noxious Fumes+1","Dash","Acrobatics+1","Flying Knee","Bane","Escape Plan","Setup","Infinite Blades","Bullet Time","Phantasmal Killer","Envenom","Concentrate","Heel Hook","Storm of Steel","Die Die Die","Calculated Gamble","Slice","Blade Dance","Blade Dance","Backflip","Dagger Throw","Blur","Masterful Stab","Poisoned Stab","Dagger Throw"],"relics":["Busted Crown","Strawberry","Toy Ornithopter","War Paint","PreservedInsect","Pandora\u0027s Box","Vajra","Happy Flower","Thread and Needle","Matryoshka","Bag of Marbles","Darkstone Periapt"],"acts_visited":["Exordium","TheCity"],"potions_floor_usage":[3,6,16,20,23,23,23,28],"damage_taken":[{"damage":0,"enemies":"Small Slimes","floor":1,"turns":4},{"damage":1,"enemies":"2 Louse","floor":2,"turns":2},{"damage":0,"enemies":"Cultist","floor":3,"turns":3},{"damage":7,"enemies":"Exordium Thugs","floor":5,"turns":5},{"damage":12,"enemies":"Lagavulin","floor":6,"turns":8},{"damage":6,"enemies":"Exordium Wildlife","floor":8,"turns":5},{"damage":12,"enemies":"3 Sentries","floor":11,"turns":6},{"damage":1,"enemies":"Looter","floor":12,"turns":3},{"damage":15,"enemies":"Lagavulin","floor":13,"turns":7},{"damage":13,"enemies":"The Guardian","floor":16,"turns":12},{"damage":15,"enemies":"2 Thieves","floor":18,"turns":3},{"damage":9,"enemies":"Chosen","floor":20,"turns":3},{"damage":17,"enemies":"3 Cultists","floor":22,"turns":4},{"damage":32,"enemies":"Book of Stabbing","floor":23,"turns":4},{"damage":18,"enemies":"Gremlin Leader","floor":28,"turns":5},{"damage":4,"enemies":"Centurion and Healer","floor":29,"turns":4},{"damage":17,"enemies":"Book of Stabbing","floor":30,"turns":4},{"damage":5,"enemies":"Sentry and Sphere","floor":31,"turns":4},{"damage":70,"enemies":"Automaton","floor":33,"turns":6}],"seed_played":"-5203286199800023092","potions_obtained":[{"floor":1,"key":"CunningPotion"},{"floor":6,"key":"Fruit Juice"},{"floor":8,"key":"SteroidPotion"},{"floor":19,"key":"BlessingOfTheForge"},{"floor":19,"key":"Strength Potion"},{"floor":19,"key":"Regen Potion"},{"floor":20,"key":"Strength Potion"},{"floor":23,"key":"DuplicationPotion"}],"is_trial":false,"path_per_floor":["M","M","M","$","M","E","R","M","T","?","E","M","E","$","R","B",null,"M","?","M","$","M","E","T","R","T","R","E","M","E","M","R","B"],"character_chosen":"THE_SILENT","items_purchased":["Noxious Fumes","Dash","Infinite Blades","Vajra","Dagger Throw"],"campfire_rested":4,"item_purchase_floors":[4,4,14,21,21],"current_hp_per_floor":[63,62,62,62,55,55,55,49,49,49,37,36,21,21,45,37,71,56,56,64,64,47,30,30,54,54,78,64,60,43,38,62,0,0],"gold":189,"neow_bonus":"BOSS_RELIC","is_daily":false,"chose_seed":false,"campfire_upgraded":1,"win_rate":0.0,"timestamp":1614236880,"path_taken":["M","M","M","$","M","E","R","M","T","?","E","M","E","$","R","BOSS","M","?","M","$","?","E","?","R","T","R","E","M","E","M","R","BOSS"],"items_purchased_type":["Card","Card","Card","Relic","Card"],"build_version":"2020-12-22","purchased_purges":0,"victory":false,"max_hp_per_floor":[70,70,70,70,70,82,82,82,82,82,82,82,82,82,82,82,82,82,82,82,82,82,82,82,82,82,82,82,82,82,82,82,82,82],"card_choices":[{"not_picked":[],"picked":"Riddle With Holes","floor":1},{"not_picked":[],"picked":"Backflip","floor":2},{"not_picked":[],"picked":"Calculated Gamble","floor":3},{"not_picked":[],"picked":"Acrobatics","floor":5},{"not_picked":[],"picked":"Flying Knee","floor":6},{"not_picked":[],"picked":"Bane","floor":8},{"not_picked":["Wraith Form v2"],"picked":"SKIP","floor":11},{"not_picked":[],"picked":"Escape Plan","floor":12},{"not_picked":[],"picked":"Setup","floor":13},{"not_picked":[],"picked":"Bullet Time","floor":16},{"not_picked":[],"picked":"Blade Dance","floor":18},{"not_picked":[],"picked":"Backflip","floor":20},{"not_picked":["Prepared"],"picked":"SKIP","floor":22},{"not_picked":[],"picked":"Blur","floor":23},{"not_picked":[],"picked":"Masterful Stab","floor":28},{"not_picked":[],"picked":"Poisoned Stab","floor":29},{"not_picked":[],"picked":"Dagger Throw","floor":30},{"not_picked":["Outmaneuver"],"picked":"SKIP","floor":31}],"player_experience":886382,"relics_obtained":[{"floor":6,"key":"Strawberry"},{"floor":9,"key":"Toy Ornithopter"},{"floor":11,"key":"War Paint"},{"floor":13,"key":"PreservedInsect"},{"floor":23,"key":"Happy Flower"},{"floor":24,"key":"Thread and Needle"},{"floor":26,"key":"Matryoshka"},{"floor":28,"key":"Bag of Marbles"},{"floor":30,"key":"Darkstone Periapt"}],"event_choices":[{"cards_removed":["Strike_G"],"damage_healed":0,"gold_gain":0,"player_choice":"Card Removal","damage_taken":0,"max_hp_gain":0,"max_hp_loss":0,"event_name":"The Cleric","floor":10,"gold_loss":50},{"damage_healed":0,"gold_gain":0,"player_choice":"Got Potions","damage_taken":0,"max_hp_gain":0,"max_hp_loss":0,"event_name":"Lab","floor":19,"gold_loss":0}],"is_beta":false,"boss_relics":[{"not_picked":["Ectoplasm","Empty Cage"],"picked":"Pandora\u0027s Box"}],"items_purged_floors":[],"is_endless":false,"potions_floor_spawned":[1,6,8,20,22,23],"killed_by":"Automaton","ascension_level":10}}