{"host":"4zd9qxtdu4r42b0n","time":1614279522,"event":{"mods":["100% Spire Juice","Act Like it!","BaseMod","Beaked The Cultist","Better Third Choice","BetterRewards","ChefMod","Colored Map","Dota2Spire","Elementarium","Hermit","Hubris","Infinite Spire","Jorbs\u0027s Wanderer Trilogy","Koishi","Marisa????????","Menagerie","Minty Spire (QoL Compilation)","Potionbrewer","Rare Cards Sparkle","Relic Stats","Reliquary","Replay The Spire","Robot Space Explorer","Ruina","Shade Mod","Shapeshifter Mod","Spicy Shops","Spire Arcade","StSLib","The Animator","The Caster","The Clintock","The Construct","The Cursed","The Dragon Tamer","The Dragonkin","The Fake Hero","The Gatherer","The Hayseed","The Jungle","The Marked","The Mystic","The Necromancer","The Runesmith","The Servant 0.9.4","The Spell Scribe","TheFirefly","Wandering Minibosses","thorton","??????REMEMod"],"gold_per_floor":[109,125,125,88,104,134,134,164,218,234,234,12,12,32,32,163,163,148,168,168,168,6,29,48,63,87,100,70,70,85,101,101,241,241,270,313,357,401,401,462,517,239,239,239,53,76,159,159,159,159,159,159,4,36,36],"floor_reached":56,"language":"ENG","playtime":7160,"items_purged":["Pain","hubris:Envy","Pain"],"score":1641,"play_id":"a72600ca-d04d-4b09-a475-316c3b922f88","local_time":"20210225135842","is_ascension_mode":false,"campfire_choices":[{"floor":7.0,"key":"RECALL"},{"floor":11.0,"key":"REST"},{"floor":15.0,"key":"REST"},{"floor":32,"key":"REST"},{"floor":44,"key":"REST"},{"data":"REME_FirmDetermination","floor":49,"key":"SMITH"},{"data":"StSShapeShifter:LionForm","floor":52,"key":"SMITH"}],"circlet_count":0,"master_deck":["StSShapeShifter:ShapeShifter_Strike","StSShapeShifter:ShapeShifter_Strike","StSShapeShifter:ShapeShifter_Strike","StSShapeShifter:ShapeShifter_Strike","StSShapeShifter:ShapeShifter_Defend","StSShapeShifter:ShapeShifter_Defend","StSShapeShifter:ShapeShifter_Defend","StSShapeShifter:ShapeShifter_Defend","StSShapeShifter:Tortoise_Form","StSShapeShifter:Lynx_Form","StSShapeShifter:SpiritOfTheEarth","StSShapeShifter:Mystical_Branch","StSShapeShifter:Hunt","StSShapeShifter:ThornedSkin+1","StSShapeShifter:Flourish","StSShapeShifter:Efflorescence","StSShapeShifter:Garden","StSShapeShifter:Consume","animator:Elesis","StSShapeShifter:EagleForm","StSShapeShifter:BaskInBloom","StSShapeShifter:BurstingSpore","StSShapeShifter:Synchronicity","StSShapeShifter:DeepWound","Injury","StSShapeShifter:ReplenishingNectar","StSShapeShifter:RitualOfTheElders","StSShapeShifter:DeerForm+1","StSShapeShifter:BarkSkin","StSShapeShifter:HydraForm","StSShapeShifter:PorcupineForm","StSShapeShifter:EntForm","StSShapeShifter:ShiftingStrike+1","StSShapeShifter:BarkSkin+1","StSShapeShifter:WolfForm","StSShapeShifter:OwlForm","StSShapeShifter:Wildfire2","StSShapeShifter:OwlForm","StSShapeShifter:Summer","StSShapeShifter:Wildfire2","StSShapeShifter:BearForm+1","StSShapeShifter:TopazSkin","StSShapeShifter:RaptorForm","infinitespire:Collect","StSShapeShifter:BurstingSpore","StSShapeShifter:EmbraceTheCycle+1","REME_FirmDetermination+1","StSShapeShifter:LionForm+1","StSShapeShifter:Rabid+1","StSShapeShifter:VileMushroom+1","StSShapeShifter:LionForm+1","StSShapeShifter:BarkSkin"],"relics":["StSShapeShifter:AnimalHeart","StSShapeShifter:TheShapeShiftersMagnolia","REME_ComplimentaryCards","StSShapeShifter:DruidicMedallion","potionbrewer:Keyblade","Replay:Bottled Eggs","REME_LimitBreaker","PreservedInsect","Membership Card","Golden Idol","Honey Jar","Dota2Spire:HeartOfTarrasque","Dota2Spire:AghanimScepter","reliquary:FingerTrap","hubris:Backtick","Calipers","Dota2Spire:BladeMail","reliquary:Craggleroot","infinitespire:EvilPickle","ReplayTheSpireMod:CursedCoin","thethorton:BrokenCalculator","reliquary:RedCape","Durian","Thread and Needle","potionbrewer:SalesContract","Strange Spoon","reliquary:IridiumChain","reliquary:BallBearing","Dota2Spire:Vanguard","Nunchaku","Ginger","DollysMirror","Lantern","Chameleon Ring"],"acts_visited":["Exordium","TheCity","TheBeyond","TheEnding"],"potions_floor_usage":[30,30,33],"damage_taken":[{"damage":0.0,"enemies":"2 Louse","floor":1.0,"turns":2.0},{"damage":0.0,"enemies":"Cultist","floor":2.0,"turns":4.0},{"damage":0.0,"enemies":"Small Slimes","floor":5.0,"turns":5.0},{"damage":18.0,"enemies":"3 Sentries","floor":6.0,"turns":15.0},{"damage":14.0,"enemies":"Lagavulin","floor":8.0,"turns":8.0},{"damage":5.0,"enemies":"Blue Slaver","floor":10.0,"turns":6.0},{"damage":0.0,"enemies":"Looter","floor":14.0,"turns":2.0},{"damage":22.0,"enemies":"The Guardian","floor":16.0,"turns":10.0},{"damage":2.0,"enemies":"2 Thieves","floor":18.0,"turns":4.0},{"damage":15.0,"enemies":"3 Byrds","floor":19.0,"turns":7.0},{"damage":22.0,"enemies":"Centurion and Healer","floor":23.0,"turns":17.0},{"damage":13.0,"enemies":"Snake Plant","floor":24.0,"turns":5.0},{"damage":37,"enemies":"3 Cultists","floor":25,"turns":6},{"damage":34,"enemies":"Cultist and Chosen","floor":27,"turns":9},{"damage":43,"enemies":"Centurion and Healer","floor":30,"turns":14},{"damage":10,"enemies":"Snecko","floor":31,"turns":6},{"damage":13,"enemies":"Pondfish","floor":33,"turns":11},{"damage":1,"enemies":"3 Shapes","floor":35,"turns":5},{"damage":0,"enemies":"Orb Walker","floor":37,"turns":1},{"damage":34,"enemies":"Spire Growth","floor":38,"turns":11},{"damage":64,"enemies":"Giant Head","floor":40,"turns":12},{"damage":40,"enemies":"4 Shapes","floor":41,"turns":6},{"damage":0,"enemies":"Jaw Worm Horde","floor":46,"turns":4},{"damage":8,"enemies":"2 Orb Walkers","floor":47,"turns":6},{"damage":0,"enemies":"Time Eater","floor":50,"turns":6},{"damage":0,"enemies":"Shield and Spear","floor":54,"turns":6},{"damage":6,"enemies":"The Heart","floor":55,"turns":9}],"seed_played":"-388243554021371466","potions_obtained":[{"floor":5.0,"key":"Adrenaline Potion"},{"floor":8.0,"key":"Doom Potion"},{"floor":10.0,"key":"Energy Potion"},{"floor":18.0,"key":"DuplicationPotion"},{"floor":19.0,"key":"Elixir"},{"floor":27,"key":"Swift Potion"},{"floor":28,"key":"GamblersBrew"},{"floor":28,"key":"Dota2Spire:Clarity"},{"floor":33,"key":"Dota2Spire:Clarity"},{"floor":37,"key":"SteroidPotion"},{"floor":40,"key":"Venom Potion"}],"is_trial":false,"path_per_floor":["M","M","?","$","M","E","R","E","T","M","R","$","?","M","R","B",null,"M","M","?","?","$","M","M","M","T","M","?","AVR","M","M","R","B",null,"M","$","M","M","AVR","E","M","$","T","R","$","M","?","?","R","B",null,"R","$","E","B",null],"character_chosen":"SHAPESHIFTER","items_purchased":["StSShapeShifter:SpiritOfTheEarth","StSShapeShifter:DruidicMedallion","StSShapeShifter:Mystical_Branch","StSShapeShifter:Hunt","StSShapeShifter:DiverseSpirit","potionbrewer:Keyblade","StSShapeShifter:Garden","Membership Card","StSShapeShifter:Synchronicity","StSShapeShifter:DeepWound","Dota2Spire:HeartOfTarrasque","StSShapeShifter:EntForm","Dota2Spire:AghanimScepter","ReplayTheSpireMod:CursedCoin","StSShapeShifter:BearForm+1","thethorton:BrokenCalculator","potionbrewer:SalesContract","Strange Spoon","reliquary:IridiumChain","REME_FirmDetermination","Dota2Spire:Vanguard","StSShapeShifter:LionForm","Nunchaku","DollysMirror","Lantern"],"campfire_rested":4,"item_purchase_floors":[0,0,0,0,0,0,4,12,12,12,22,22,22,36,36,36,42,42,42,42,45,45,45,53,53],"current_hp_per_floor":[42,42,42,42,44,26,26,12,12,7,30,30,30,30,53,34,78,80,70,70,70,78,84,78,49,49,46,46,46,41,48,78,93,104,104,104,104,84,89,49,29,29,29,62,62,76,86,86,86,100,119,119,119,119,121],"gold":36,"neow_bonus":"","is_daily":false,"chose_seed":false,"campfire_upgraded":2,"win_rate":0.0,"timestamp":1614279522,"path_taken":["M","M","?","$","M","E","R","E","T","M","R","?","?","M","R","BOSS","M","M","?","?","?","?","M","?","T","?","?","AVR","M","M","R","BOSS","M","$","?","M","AVR","E","M","?","T","R","$","M","?","?","R","BOSS","R","$","E","BOSS"],"items_purchased_type":["Card","Relic","Card","Card","Card","Relic","Card","Relic","Card","Card","Relic","Card","Relic","Relic","Card","Relic","Relic","Relic","Relic","Card","Relic","Card","Relic","Relic","Relic"],"build_version":"2020-12-22","purchased_purges":3,"victory":true,"max_hp_per_floor":[78,78,78,78,78,78,78,78,78,78,78,78,78,78,78,78,78,80,82,82,82,90,92,94,96,96,98,98,98,100,102,102,104,104,104,104,104,106,111,113,113,113,113,113,113,115,117,117,117,119,119,119,119,119,121],"relic_stats":{"Strange Spoon":[4],"Nunchaku":[2],"counters":[40,236],"Golden Idol":179,"PreservedInsect":193,"Ginger":[3],"obtain_stats":[{"hubris:CrystalStatue":9,"Calipers":29,"Vampiric Spirits":3,"potionbrewer:SalesContract":42,"infinitespire:Cubic Diamond":2,"Uniform":2,"Ginger":47,"reliquary:RedCape":39,"thethorton:BrokenCalculator":36,"DollysMirror":53,"Honey Jar":17,"reliquary:FingerTrap":29,"ReplayTheSpireMod:CursedCoin":36,"Replay:Ancient Bell":17,"Dota2Spire:HeartOfTarrasque":22,"REME_LimitBreaker":8,"infinitespire:EvilPickle":34,"Dota2Spire:AghanimScepter":22,"infinitespire:Broken Mirror":0,"StSShapeShifter:DruidicMedallion":0,"reliquary:BallBearing":43,"ReplayFunnel":4,"Lantern":53,"Dota2Spire:Vanguard":45,"Dota2Spire:LotusOrb":17,"reliquary:HotPoker":17,"Dream Catcher":6,"Nunchaku":45,"hubris:Backtick":29,"Chameleon Ring":54,"Dota2Spire:BladeMail":33,"Dota2Spire:AssaultCuirass":17,"Replay:Bottled Eggs":6,"Ring of the Snake":0,"StSShapeShifter:TheShapeShiftersMagnolia":0,"Dota2Spire:MantaStyle":6,"BargainBundle":0,"StSShapeShifter:AnimalHeart":0,"Golden Idol":13,"Thread and Needle":40,"infinitespire:Joker Card":4,"PreservedInsect":9,"infinitespire:Lucky Rock":3,"reliquary:IridiumChain":42,"Strange Spoon":42,"infinitespire:Satchel":0,"reliquary:Craggleroot":34,"Snack Pack":14,"Durian":39,"Membership Card":7,"potionbrewer:Keyblade":0,"REME_ComplimentaryCards":0},{"hubris:CrystalStatue":3,"Calipers":27,"Vampiric Spirits":2,"potionbrewer:SalesContract":35,"infinitespire:Cubic Diamond":7,"Uniform":7,"Ginger":37,"reliquary:RedCape":33,"thethorton:BrokenCalculator":31,"DollysMirror":38,"Honey Jar":21,"reliquary:FingerTrap":27,"ReplayTheSpireMod:CursedCoin":31,"Replay:Ancient Bell":6,"Dota2Spire:HeartOfTarrasque":23,"REME_LimitBreaker":18,"infinitespire:EvilPickle":30,"Dota2Spire:AghanimScepter":23,"infinitespire:Broken Mirror":6,"StSShapeShifter:DruidicMedallion":13,"reliquary:BallBearing":35,"ReplayFunnel":2,"Lantern":38,"Dota2Spire:Vanguard":35,"Dota2Spire:LotusOrb":6,"reliquary:HotPoker":6,"Dream Catcher":9,"Nunchaku":35,"hubris:Backtick":27,"Chameleon Ring":39,"Dota2Spire:BladeMail":30,"Dota2Spire:AssaultCuirass":6,"Replay:Bottled Eggs":17,"Ring of the Snake":0,"StSShapeShifter:TheShapeShiftersMagnolia":0,"Dota2Spire:MantaStyle":3,"BargainBundle":6,"StSShapeShifter:AnimalHeart":0,"Golden Idol":19,"Thread and Needle":34,"infinitespire:Joker Card":7,"PreservedInsect":18,"infinitespire:Lucky Rock":7,"reliquary:IridiumChain":35,"Strange Spoon":35,"infinitespire:Satchel":6,"reliquary:Craggleroot":30,"Snack Pack":5,"Durian":33,"Membership Card":3,"potionbrewer:Keyblade":6,"REME_ComplimentaryCards":0},{"hubris:CrystalStatue":5,"Calipers":139,"Vampiric Spirits":3,"potionbrewer:SalesContract":205,"infinitespire:Cubic Diamond":20,"Uniform":20,"Ginger":215,"reliquary:RedCape":187,"thethorton:BrokenCalculator":175,"DollysMirror":221,"Honey Jar":91,"reliquary:FingerTrap":139,"ReplayTheSpireMod:CursedCoin":175,"Replay:Ancient Bell":18,"Dota2Spire:HeartOfTarrasque":102,"REME_LimitBreaker":73,"infinitespire:EvilPickle":170,"Dota2Spire:AghanimScepter":102,"infinitespire:Broken Mirror":18,"StSShapeShifter:DruidicMedallion":39,"reliquary:BallBearing":205,"ReplayFunnel":3,"Lantern":221,"Dota2Spire:Vanguard":205,"Dota2Spire:LotusOrb":18,"reliquary:HotPoker":18,"Dream Catcher":26,"Nunchaku":205,"hubris:Backtick":139,"Chameleon Ring":227,"Dota2Spire:BladeMail":166,"Dota2Spire:AssaultCuirass":18,"Replay:Bottled Eggs":65,"Ring of the Snake":0,"StSShapeShifter:TheShapeShiftersMagnolia":0,"Dota2Spire:MantaStyle":5,"BargainBundle":18,"StSShapeShifter:AnimalHeart":0,"Golden Idol":79,"Thread and Needle":199,"infinitespire:Joker Card":20,"PreservedInsect":73,"infinitespire:Lucky Rock":20,"reliquary:IridiumChain":205,"Strange Spoon":205,"infinitespire:Satchel":18,"reliquary:Craggleroot":170,"Snack Pack":7,"Durian":187,"Membership Card":5,"potionbrewer:Keyblade":18,"REME_ComplimentaryCards":0}]},"card_choices":[{"not_picked":["StSShapeShifter:Sapling","StSShapeShifter:RaptorForm"],"picked":"StSShapeShifter:ThornedSkin","floor":1.0},{"not_picked":["StSShapeShifter:FallingLeaves","StSShapeShifter:ThrashAbout"],"picked":"StSShapeShifter:Flourish","floor":2.0},{"not_picked":["StSShapeShifter:Mystical_Branch","StSShapeShifter:EmbraceTheCycle"],"picked":"StSShapeShifter:Consume","floor":5.0},{"not_picked":["StSShapeShifter:RhinoCalfForm","StSShapeShifter:FoxForm"],"picked":"StSShapeShifter:EagleForm","floor":6.0},{"not_picked":["StSShapeShifter:BearForm","StSShapeShifter:Guard"],"picked":"StSShapeShifter:BaskInBloom","floor":8.0},{"not_picked":["StSShapeShifter:LeapingSlash","StSShapeShifter:Roar"],"picked":"StSShapeShifter:BurstingSpore","floor":10.0},{"not_picked":["StSShapeShifter:Rabid","StSShapeShifter:Sapling"],"picked":"StSShapeShifter:ReplenishingNectar","floor":14.0},{"not_picked":["StSShapeShifter:Uproot_Redwood","StSShapeShifter:MooseForm"],"picked":"StSShapeShifter:RitualOfTheElders","floor":16.0},{"not_picked":["StSShapeShifter:Hunt","StSShapeShifter:Roar","StSShapeShifter:Sapling+1"],"picked":"StSShapeShifter:DeerForm+1","floor":18.0},{"not_picked":["StSShapeShifter:RockSlide","StSShapeShifter:FesteringBite","StSShapeShifter:SquirrelForm+1"],"picked":"StSShapeShifter:BarkSkin","floor":19.0},{"not_picked":["StSShapeShifter:SunflowerShuriken","StSShapeShifter:FallingLeaves","StSShapeShifter:EagleForm"],"picked":"StSShapeShifter:ShiftingStrike+1","floor":23.0},{"not_picked":["StSShapeShifter:Rest+1","StSShapeShifter:ThornToss+1","StSShapeShifter:Sapling"],"picked":"StSShapeShifter:BarkSkin+1","floor":24.0},{"not_picked":["StSShapeShifter:SquirrelForm","StSShapeShifter:CursedApple","StSShapeShifter:Summon_Mountains"],"picked":"StSShapeShifter:WolfForm","floor":25},{"not_picked":["StSShapeShifter:ForestFire","StSShapeShifter:DeepWound","StSShapeShifter:RockSlide"],"picked":"StSShapeShifter:OwlForm","floor":27},{"not_picked":["StSShapeShifter:FlowerShield","StSShapeShifter:Rest+1","StSShapeShifter:Roar"],"picked":"StSShapeShifter:Wildfire2","floor":30},{"not_picked":["StSShapeShifter:Sapling","StSShapeShifter:Guard","StSShapeShifter:PantherForm"],"picked":"StSShapeShifter:OwlForm","floor":31},{"not_picked":["StSShapeShifter:RhinoCalfForm","StSShapeShifter:Pounce","StSShapeShifter:HydraForm"],"picked":"StSShapeShifter:Summer","floor":33},{"not_picked":["StSShapeShifter:Rabid","StSShapeShifter:Hunt","StSShapeShifter:Evolution"],"picked":"StSShapeShifter:Wildfire2","floor":35},{"not_picked":["StSShapeShifter:Guard","StSShapeShifter:Roar+1","StSShapeShifter:FoxForm+1"],"picked":"StSShapeShifter:TopazSkin","floor":37},{"not_picked":["StSShapeShifter:Rest+1","StSShapeShifter:Guard","StSShapeShifter:OakBlade"],"picked":"StSShapeShifter:RaptorForm","floor":38},{"not_picked":["StSShapeShifter:RockSlide+1","StSShapeShifter:SunflowerShuriken","StSShapeShifter:BulwarkOfDiscovery"],"picked":"StSShapeShifter:BurstingSpore","floor":40},{"not_picked":["StSShapeShifter:OwlForm","StSShapeShifter:AdaptiveStrikes+1","StSShapeShifter:Sapling+1"],"picked":"StSShapeShifter:EmbraceTheCycle+1","floor":41},{"not_picked":["StSShapeShifter:ThornToss+1","StSShapeShifter:FullMoon","StSShapeShifter:SquirrelForm"],"picked":"StSShapeShifter:Rabid+1","floor":46},{"not_picked":["StSShapeShifter:OakBlade","StSShapeShifter:Evolution","StSShapeShifter:Roar"],"picked":"StSShapeShifter:VileMushroom+1","floor":47},{"not_picked":["StSShapeShifter:ShiftingStrike+1","StSShapeShifter:BladeOfGrass","StSShapeShifter:RockSlide"],"picked":"StSShapeShifter:BarkSkin","floor":54}],"player_experience":1232098,"relics_obtained":[{"floor":6.0,"key":"Replay:Bottled Eggs"},{"floor":8.0,"key":"REME_LimitBreaker"},{"floor":9.0,"key":"PreservedInsect"},{"floor":33,"key":"Dota2Spire:BladeMail"},{"floor":40,"key":"Thread and Needle"},{"floor":43,"key":"reliquary:BallBearing"},{"floor":47,"key":"Ginger"},{"floor":54,"key":"Chameleon Ring"}],"event_choices":[{"damage_healed":0.0,"max_hp_gain":0.0,"max_hp_loss":0.0,"gold_gain":0.0,"cards_transformed":["StSShapeShifter:ShapeShifter_Strike"],"event_name":"Transmorgrifier","player_choice":"Transformed","floor":3.0,"gold_loss":0.0,"damage_taken":0.0,"cards_obtained":["StSShapeShifter:Efflorescence"]},{"damage_healed":0.0,"max_hp_gain":0.0,"max_hp_loss":0.0,"gold_gain":0.0,"event_name":"Golden Idol","player_choice":"Take Wound","floor":13.0,"gold_loss":0.0,"damage_taken":0.0,"relics_obtained":["Golden Idol"],"cards_obtained":["Injury"]},{"damage_healed":0.0,"max_hp_gain":0.0,"max_hp_loss":0.0,"gold_gain":0.0,"cards_transformed":["StSShapeShifter:DiverseSpirit","StSShapeShifter:ShapeShifter_Defend"],"event_name":"Drug Dealer","player_choice":"Became Test Subject","floor":20.0,"gold_loss":0.0,"damage_taken":0.0,"cards_obtained":["StSShapeShifter:HydraForm","StSShapeShifter:PorcupineForm"]},{"damage_healed":0.0,"max_hp_gain":0.0,"max_hp_loss":0.0,"gold_gain":0.0,"event_name":"Ghosts","player_choice":"Ignored","floor":21.0,"gold_loss":0.0,"damage_taken":0.0},{"damage_healed":0,"gold_gain":0,"player_choice":"Bought 2 Potions","damage_taken":0,"max_hp_gain":0,"max_hp_loss":0,"event_name":"The Woman in Blue","floor":28,"gold_loss":0},{"damage_healed":0,"gold_gain":0,"player_choice":"Fight","damage_taken":0,"max_hp_gain":0,"max_hp_loss":0,"event_name":"Mysterious Sphere","floor":47,"gold_loss":0}],"is_beta":false,"boss_relics":[{"not_picked":["Snecko Eye","Pandora\u0027s Box"],"picked":"Honey Jar"},{"not_picked":["reliquary:WritOfMandamus","hubris:RunicObelisk"],"picked":"reliquary:Craggleroot"}],"items_purged_floors":[0,39,42],"is_endless":false,"potions_floor_spawned":[5,8,10,18,19,27,33,37,40,47],"ascension_level":0}}