{"host":"iljn8z24jf01458o","time":1614264868,"event":{"mods":["AchievementEnabler","BaseMod","Colored Map","Colored Powertips","Duelist Mod","GifTheSpireLib","Minty Spire (QoL Compilation)","Quick Restart","Replay The Spire","StSLib","The IronCluck","everything is the same but u backflip on backflip"],"gold_per_floor":[109,284,128,142,142,153,165,185,185,185,185],"floor_reached":10,"language":"ENG","playtime":342,"items_purged":[],"score":78,"play_id":"ff6e814b-fc9f-4451-b5d6-8078b1c39e4a","local_time":"20210225095428","is_ascension_mode":true,"campfire_choices":[],"circlet_count":0,"master_deck":["Strike_G","Strike_G","Strike_G","Strike_G","Strike_G","Defend_G","Defend_G","Defend_G","Defend_G","Defend_G","Survivor","Neutralize","ReplayTheSpireMod:Shiv Toss+1","Doubt","Cloak And Dagger"],"relics":["Ring of the Snake","NeowsBlessing","Regal Pillow","Shuriken"],"acts_visited":["Exordium"],"potions_floor_usage":[10],"damage_taken":[{"damage":0,"enemies":"Jaw Worm","floor":1,"turns":1},{"damage":0,"enemies":"2 Louse","floor":4,"turns":1},{"damage":0,"enemies":"Small Slimes","floor":6,"turns":1},{"damage":8,"enemies":"2 Fungi Beasts","floor":7,"turns":7},{"damage":14,"enemies":"3 Louse","floor":8,"turns":5},{"damage":32,"enemies":"3 Sentries","floor":10,"turns":14}],"seed_played":"654412664002439396","potions_obtained":[{"floor":7,"key":"FearPotion"},{"floor":8,"key":"Swift Potion"}],"is_trial":false,"path_per_floor":["M","?","$","M","?","M","M","M","T","E"],"character_chosen":"THE_SILENT","items_purchased":["Regal Pillow"],"campfire_rested":0,"item_purchase_floors":[3],"current_hp_per_floor":[63,63,63,63,63,63,55,41,41,9,9],"gold":185,"neow_bonus":"THREE_ENEMY_KILL","is_daily":false,"chose_seed":false,"campfire_upgraded":0,"win_rate":0.0,"timestamp":1614264868,"path_taken":["M","?","$","M","?","M","?","M","T","E"],"items_purchased_type":["Relic"],"build_version":"2020-12-22","purchased_purges":0,"victory":false,"max_hp_per_floor":[70,70,70,70,70,70,70,70,70,70,70],"card_choices":[{"not_picked":["Bane","ReplayTheSpireMod:Exploit Weakness"],"picked":"ReplayTheSpireMod:Shiv Toss","floor":1},{"not_picked":["Slice","ReplayTheSpireMod:Shiv Toss","Prepared"],"picked":"SKIP","floor":4},{"not_picked":["Deflect","Catalyst","Underhanded Strike"],"picked":"SKIP","floor":6},{"not_picked":["Dagger Throw","Flechettes"],"picked":"Cloak And Dagger","floor":7},{"not_picked":["Quick Slash","Heel Hook","Tactician"],"picked":"SKIP","floor":8}],"player_experience":304817,"relics_obtained":[{"floor":9,"key":"Shuriken"}],"event_choices":[{"damage_healed":0,"gold_gain":175,"player_choice":"AGREE","damage_taken":0,"max_hp_gain":0,"max_hp_loss":0,"event_name":"Liars Game","floor":2,"gold_loss":0,"cards_obtained":["Doubt"]},{"damage_healed":0,"gold_gain":0,"player_choice":"Grow","damage_taken":0,"max_hp_gain":0,"max_hp_loss":0,"event_name":"Living Wall","floor":5,"gold_loss":0,"cards_upgraded":["ReplayTheSpireMod:Shiv Toss"]}],"is_beta":false,"boss_relics":[],"items_purged_floors":[],"is_endless":false,"potions_floor_spawned":[7,8],"killed_by":"3 Sentries","ascension_level":6}}