{"host":"rm0ctv8qd8mnbkg1","time":1614253023,"event":{"mods":["Act Like it!","Aspiration","BaseMod","Beaked The Cultist","BetterRewards","Colored Map","DNKmod","Dark Map","Defuse TimeMaze Blight","Friendly Minions","Gensokyo","Hubris","Library of Ruina","Library of Ruina Extra","Marisa????????","Minty Spire (QoL Compilation)","MostiFishMod","Permanent Neow","Rare Cards Sparkle","Relic Sorter","Reliquary","Replay The Spire","Ruina","RumiaBox-????????","Shade Mod","Shop Mod","Spicy Shops","Spire Arcade","StSLib","The Animator","The Construct","The Servant 0.9.4","TheVacant","Wandering Minibosses","??????REMEMod"],"gold_per_floor":[10125,9445,9465,9465,8421,8471,8471,8526,8551,8567,8590,8590,8590,8611,8611,8741,8741,8766,8135,8135,8135,8156,8156,8184,8184,8184],"floor_reached":25,"language":"ENG","playtime":858,"items_purged":["Injury"],"score":286,"play_id":"8c2b647f-893a-410e-8977-c4164511e6dc","local_time":"20210225113703","is_ascension_mode":false,"campfire_choices":[{"data":"animator:Entoma","floor":7,"key":"SMITH"},{"data":"animator:TanyaDegurechaff","floor":13,"key":"SMITH"},{"data":"animator:Shalltear","floor":15,"key":"SMITH"},{"data":"animator:Layla","floor":23,"key":"SMITH"}],"circlet_count":0,"master_deck":["animator:Strike_Overlord+1","animator:Defend_Overlord+1","animator:Strike","animator:Strike+1","animator:Strike","animator:Defend","animator:Defend+1","animator:Defend+1","animator:Cocytus+1","animator:Demiurge+1","After Image","animator:Souei+1","animator:Darkness","animator:Kazuma+1","animator:Entoma+1","animator:Add+1","animator:Shuna","animator:Kaijin+1","animator:TanyaDegurechaff+1","animator:Shalltear+1","animator:KyokoSakura","animator:Tyuule+1","animator:Gillette+1","animator:ItamiYouji","animator:AcuraShin","animator:Layla+1","animator:Ainz+1","animator:Kuribayashi+1","animator:NarberalGamma+1","animator:Millim+1"],"relics":["animator:LivingPicture","animator:TheMissingPiece","REME_ComplimentaryCards","DaveBox","DSteel32","DataDisk","aspiration:SeaSaltIceCream","SentryEyes","Golden Idol","Red Skull","REME_HandOfSuture","reliquary:Buckler","reliquary:PurpleTingedLeaf","PageOfScarecrow","Akabeko","reliquary:WeakTea","hubris:ScarierMask","REME_LimitBreaker","PageOfSingingMachine"],"acts_visited":["Exordium","TheCity"],"potions_floor_usage":[],"damage_taken":[{"damage":1,"enemies":"Small Slimes","floor":1,"turns":4},{"damage":0,"enemies":"Jaw Worm","floor":3,"turns":2},{"damage":14,"enemies":"Lagavulin","floor":6,"turns":4},{"damage":0,"enemies":"Gremlin Nob","floor":8,"turns":2},{"damage":0,"enemies":"Cultist","floor":10,"turns":1},{"damage":0,"enemies":"Exordium Thugs","floor":11,"turns":2},{"damage":0,"enemies":"Blue Slaver","floor":14,"turns":1},{"damage":489,"enemies":"Hexaghost","floor":16,"turns":4},{"damage":0,"enemies":"Shell Parasite","floor":18,"turns":2},{"damage":10,"enemies":"2 Thieves","floor":22,"turns":2},{"damage":0,"enemies":"Cultist and Chosen","floor":24,"turns":2},{"damage":0,"enemies":"3 Cultists","floor":25,"turns":1}],"seed_played":"3712631430426842347","potions_obtained":[{"floor":6,"key":"Fire Potion"},{"floor":11,"key":"SteroidPotion"},{"floor":16,"key":"BlessingOfTheForge"}],"is_trial":false,"path_per_floor":["M","$","M","?","$","E","R","E","T","M","M","?","R","M","R","B",null,"M","$","?","?","M","R","M","M"],"character_chosen":"THE_ANIMATOR","items_purchased":["DataDisk","animator:Darkness","animator:Kazuma","animator:Entoma","aspiration:SeaSaltIceCream","animator:Add","Red Skull","animator:Kaijin","REME_HandOfSuture","animator:TanyaDegurechaff","reliquary:Buckler","reliquary:PurpleTingedLeaf","REME_LimitBreaker","animator:Ainz","PageOfSingingMachine","animator:Kuribayashi"],"campfire_rested":0,"item_purchase_floors":[2,2,2,2,2,2,5,5,5,5,5,5,19,19,19,19],"current_hp_per_floor":[999,999,1000,1000,1000,987,987,988,988,988,988,963,963,963,963,475,1001,1001,1001,1001,1001,992,992,992,992,992],"gold":8184,"neow_bonus":"HUNDRED_GOLD","is_daily":false,"chose_seed":false,"campfire_upgraded":4,"win_rate":0.0,"timestamp":1614253023,"path_taken":["M","$","M","?","$","E","R","E","T","M","M","?","R","M","R","BOSS","M","$","?","?","M","R","M","M"],"items_purchased_type":["Relic","Card","Card","Card","Relic","Card","Relic","Card","Relic","Card","Relic","Relic","Relic","Card","Relic","Card"],"build_version":"2020-12-22","purchased_purges":1,"victory":false,"max_hp_per_floor":[1000,1000,1001,1001,1001,1001,1001,1001,1001,1001,1001,1001,1001,1001,1001,1001,1001,1001,1001,1001,1001,1002,1002,1002,1002,1002],"card_choices":[{"not_picked":["animator:Bozes","animator:Demiurge"],"picked":"animator:Souei","floor":1},{"not_picked":["animator:Ain","animator:SayakaMiki"],"picked":"animator:Shuna","floor":3},{"not_picked":["animator:Fredrika","animator:Eris"],"picked":"animator:Shalltear","floor":6},{"not_picked":["animator:MamiTomoe","animator:OrikoMikuni"],"picked":"animator:KyokoSakura","floor":8},{"not_picked":["animator:Layla","animator:Millim"],"picked":"animator:Tyuule","floor":10},{"not_picked":["animator:Entoma","animator:AcuraAkari"],"picked":"animator:Gillette","floor":11},{"not_picked":["animator:Ciel","animator:Evileye"],"picked":"animator:ItamiYouji","floor":14},{"not_picked":["animator:Albedo","animator:Eve"],"picked":"animator:AcuraShin","floor":16},{"not_picked":["animator:Guy","animator:Viivi"],"picked":"animator:Layla","floor":18},{"not_picked":["animator:Hakurou","animator:Tyuule"],"picked":"animator:NarberalGamma+1","floor":22},{"not_picked":["animator:Shuna","animator:ChaikaTrabant"],"picked":"animator:Millim+1","floor":24}],"player_experience":312066,"relics_obtained":[{"floor":6,"key":"PageOfScarecrow"},{"floor":8,"key":"Akabeko"}],"event_choices":[{"damage_healed":0,"gold_gain":0,"player_choice":"Take Wound","damage_taken":0,"relics_obtained":["Golden Idol"],"max_hp_gain":0,"max_hp_loss":0,"event_name":"Golden Idol","floor":4,"gold_loss":0,"cards_obtained":["Injury"]},{"damage_healed":0,"gold_gain":0,"player_choice":"Success","damage_taken":25,"relics_obtained":["reliquary:WeakTea"],"max_hp_gain":0,"max_hp_loss":0,"event_name":"Scrap Ooze","floor":12,"gold_loss":0},{"damage_healed":0,"gold_gain":0,"player_choice":"Got Potions","damage_taken":0,"max_hp_gain":0,"max_hp_loss":0,"event_name":"Lab","floor":21,"gold_loss":0}],"is_beta":false,"boss_relics":[{"not_picked":["Runic Dome","RhineCircuit"],"picked":"hubris:ScarierMask"}],"items_purged_floors":[5],"is_endless":false,"potions_floor_spawned":[1,6,11,16],"killed_by":"3 Cultists","ascension_level":0}}