{"host":"wyd4b184yx9mj0rl","time":1614288111,"event":{"mods":["AchievementEnabler","BaseMod","Colored Map","Minty Spire (QoL Compilation)","Quick Restart","Replay The Spire","StSLib","The Blackbeard","The Bug Knight","The Cursed","The Disciple","The Forsaken","The Necromancer","The Servant 0.9.4"],"gold_per_floor":[111,125,135,135,135,135,148,148,148,148,168,168,168,185,185,185,185],"floor_reached":16,"language":"ENG","playtime":585,"items_purged":[],"score":92,"play_id":"aaa86127-fecd-4596-912f-8fae6fc51f78","local_time":"20210225152151","is_ascension_mode":false,"campfire_choices":[{"floor":6,"key":"REST"},{"floor":8,"key":"REST"},{"data":"theForsaken:Smite","floor":10,"key":"SMITH"},{"data":"theForsaken:CreepingInfection","floor":15,"key":"SMITH"}],"circlet_count":0,"master_deck":["theForsaken:TheForsaken_Strike","theForsaken:TheForsaken_Strike","theForsaken:TheForsaken_Strike","theForsaken:TheForsaken_Strike","theForsaken:TheForsaken_Defend","theForsaken:TheForsaken_Defend+1","theForsaken:TheForsaken_Defend","theForsaken:TheForsaken_Defend","theForsaken:Smite+1","theForsaken:Penitence+1","theForsaken:ShieldBash","theForsaken:ShieldCharge","theForsaken:BindingThorns+1","theForsaken:Backlash","theForsaken:Thunderbolt","theForsaken:CreepingInfection+1"],"relics":["theForsaken:JudgementScales","HollowMod:PaleOreRelic"],"acts_visited":["Exordium"],"potions_floor_usage":[],"damage_taken":[{"damage":0,"enemies":"Cultist","floor":1,"turns":4},{"damage":2,"enemies":"Small Slimes","floor":2,"turns":4},{"damage":6,"enemies":"Jaw Worm","floor":3,"turns":4},{"damage":22,"enemies":"Looter","floor":7,"turns":3},{"damage":3,"enemies":"3 Louse","floor":11,"turns":4},{"damage":5,"enemies":"Blue Slaver","floor":14,"turns":4},{"damage":91,"enemies":"Slime Boss","floor":16,"turns":6}],"seed_played":"68572913006904365","potions_obtained":[{"floor":1,"key":"DuplicationPotion"},{"floor":11,"key":"Elixir"}],"is_trial":false,"path_per_floor":["M","M","M","$","?","R","M","R","T","R","M","$","?","M","R","B"],"character_chosen":"THE_FORSAKEN","items_purchased":[],"campfire_rested":2,"item_purchase_floors":[],"current_hp_per_floor":[71,69,66,66,52,71,50,71,71,71,68,68,68,63,63,0,0],"gold":185,"neow_bonus":"TEN_PERCENT_HP_BONUS","is_daily":false,"chose_seed":false,"campfire_upgraded":2,"win_rate":0.0,"timestamp":1614288111,"path_taken":["M","M","M","$","?","R","M","R","T","R","M","$","?","M","R","BOSS"],"items_purchased_type":[],"build_version":"2020-12-22","purchased_purges":0,"victory":false,"max_hp_per_floor":[71,71,71,71,71,71,71,71,71,71,71,71,71,71,71,71,71],"card_choices":[{"not_picked":["theForsaken:MagicWeapon","theForsaken:CreepingInfection"],"picked":"theForsaken:ShieldBash","floor":1},{"not_picked":["theForsaken:BountifulSunlight","theForsaken:PowerUp"],"picked":"theForsaken:ShieldCharge","floor":2},{"not_picked":["theForsaken:Eulogy","theForsaken:FatRoll"],"picked":"theForsaken:BindingThorns","floor":3},{"not_picked":["theForsaken:Parry","theForsaken:CorruptDeck"],"picked":"theForsaken:Backlash","floor":7},{"not_picked":["theForsaken:InspiringBlow","theForsaken:CleansingLight"],"picked":"theForsaken:Thunderbolt","floor":11},{"not_picked":["theForsaken:FatRoll","theForsaken:ShieldCharge"],"picked":"theForsaken:CreepingInfection","floor":14}],"player_experience":471669,"relics_obtained":[{"floor":9,"key":"HollowMod:PaleOreRelic"}],"event_choices":[{"damage_healed":0,"gold_gain":0,"player_choice":"Entered Light","damage_taken":14,"max_hp_gain":0,"max_hp_loss":0,"event_name":"Shining Light","floor":5,"gold_loss":0,"cards_upgraded":["theForsaken:Penitence","theForsaken:TheForsaken_Defend"]},{"damage_healed":0,"gold_gain":0,"player_choice":"Grow","damage_taken":0,"max_hp_gain":0,"max_hp_loss":0,"event_name":"Living Wall","floor":13,"gold_loss":0,"cards_upgraded":["theForsaken:BindingThorns"]}],"is_beta":false,"boss_relics":[],"items_purged_floors":[],"is_endless":false,"potions_floor_spawned":[1,11],"killed_by":"Slime Boss","ascension_level":0}}