{"host":"ox77rn1xcurm2t5a","time":1614245349,"event":{"mods":["2.2 Compatiblity","AchievementEnabler","Act Like it!","Aspiration","BaseMod","Best Route Mod","Better Match","Better Note","Better Sensory Stone","Block Reminder","Colored Map","Colored Powertips","Conjunction","Conspire","Custom Start","Energized Spire","GifTheSpireLib","Gold Saver","Gremlin Skip","Halation","Highlight Path","Hubris","Infinite Spire","Minty Spire (QoL Compilation)","Pale of the Ancients","Quick Restart","Reliquary","Replay The Spire","Reworked Bosses","ShortenTheSpire","Spire Exporter","StSLib","Stuff the Spire","Wandering Minibosses"],"gold_per_floor":[961,983,1083,1103,630,630,640,665,665,665,690,710,710,710],"floor_reached":13,"language":"ENG","playtime":342,"items_purged":["Strike_R"],"score":152,"play_id":"9e316e93-315f-40e0-8258-f1fecae871a4","local_time":"20210225112909","is_ascension_mode":true,"campfire_choices":[{"floor":6,"key":"RECALL"},{"data":"Uppercut","floor":10,"key":"SMITH"}],"circlet_count":0,"master_deck":["AscendersBane","Strike_R","Strike_R","Strike_R","Strike_R","Defend_R","Defend_R","Defend_R","Defend_R","Bash","Metallicize","Clothesline","Uppercut+1","Pummel"],"relics":["Burning Blood","halation:AfternoonTea","Self Forming Clay","halation:SelfBoilingWater"],"acts_visited":["Exordium"],"potions_floor_usage":[13],"damage_taken":[{"damage":2,"enemies":"2 Louse","floor":1,"turns":4},{"damage":14,"enemies":"infinitespire:Voidling","floor":2,"turns":6},{"damage":4,"enemies":"Jaw Worm","floor":4,"turns":6},{"damage":4,"enemies":"2 Fungi Beasts","floor":7,"turns":5},{"damage":34,"enemies":"Replay:BlueRogue","floor":8,"turns":8},{"damage":29,"enemies":"Lagavulin","floor":11,"turns":7},{"damage":4,"enemies":"Blue Slaver","floor":12,"turns":4},{"damage":36,"enemies":"Replay:BlueRogue","floor":13,"turns":3}],"seed_played":"-5249055664636250800","potions_obtained":[{"floor":4,"key":"Elixir"},{"floor":11,"key":"Toxic Potion"}],"is_trial":false,"path_per_floor":["M","M","?","M","$","R","M","E","T","R","E","M","E"],"character_chosen":"IRONCLAD","items_purchased":["halation:AfternoonTea","Self Forming Clay"],"campfire_rested":0,"item_purchase_floors":[5,5],"current_hp_per_floor":[76,68,68,70,70,70,72,44,44,44,21,23,0,0],"gold":710,"neow_bonus":"HUNDRED_GOLD","is_daily":false,"chose_seed":false,"campfire_upgraded":1,"win_rate":0.0,"timestamp":1614245349,"path_taken":["M","M","?","M","$","R","M","E","T","R","E","M","E"],"items_purchased_type":["Relic","Relic"],"build_version":"2020-12-22","purchased_purges":1,"victory":false,"max_hp_per_floor":[80,80,80,80,80,80,80,80,80,80,80,80,80,80],"card_choices":[{"not_picked":["hubris:ReadiedAction","Warcry"],"picked":"Metallicize","floor":1},{"not_picked":["True Grit","ReplayTheSpireMod:Strike From Hell"],"picked":"Clothesline","floor":2},{"not_picked":["True Grit","Pommel Strike"],"picked":"Uppercut","floor":4},{"not_picked":["Fire Breathing","Flame Barrier","Twin Strike"],"picked":"SKIP","floor":7},{"not_picked":["ReplayTheSpireMod:LeadingStrike","infinitespire:OneForAll","Offering"],"picked":"SKIP","floor":8},{"not_picked":["StuffTheSpire:RockThrow","Battle Trance"],"picked":"Pummel","floor":11},{"not_picked":["StuffTheSpire:Incineration","ReplayTheSpireMod:Strike From Hell","Wild Strike"],"picked":"SKIP","floor":12}],"player_experience":3258273,"relics_obtained":[{"floor":11,"key":"halation:SelfBoilingWater"}],"event_choices":[{"damage_healed":0,"gold_gain":100,"player_choice":"Pray","damage_taken":0,"max_hp_gain":0,"max_hp_loss":0,"event_name":"Golden Shrine","floor":3,"gold_loss":0}],"is_beta":false,"boss_relics":[],"items_purged_floors":[5],"is_endless":false,"potions_floor_spawned":[4,11],"killed_by":"Replay:BlueRogue","ascension_level":12}}