{"host":"3l94tha3a4jgu0q4","time":1614255174,"event":{"mods":["2.2 Compatiblity","AchievementEnabler","Aspiration","BaseMod","Better Altar","Better Match","Better Note","Better Sensory Stone","Better Skull","Better Third Choice","Colored Map","Colored Powertips","Fox Events","Highlight Path","Humility","Minty Spire (QoL Compilation)","Permanent Neow","Relic Stats","StSLib","SuperFastMode","Wandering Minibosses"],"gold_per_floor":[115,115,65,80,80,80,105,116,142,173,189,189,206,217,217,315,315,327,340,139,152,152,183,183,195,195,213,116,128,142,152,152,252,252,264,279,279,279,293,293,293],"floor_reached":40,"language":"ENG","playtime":1372,"items_purged":["Strike_P"],"score":424,"play_id":"5a6854ba-30f7-4c3e-a065-b98f6f1b43ef","local_time":"20210225041254","is_ascension_mode":false,"campfire_choices":[{"data":"Eruption","floor":6.0,"key":"SMITH"},{"data":"Vault","floor":15.0,"key":"SMITH"},{"data":"Wish","floor":24.0,"key":"SMITH"},{"floor":32.0,"key":"REST"}],"circlet_count":0,"master_deck":["Strike_P","Defend_P","Defend_P","Eruption+1","Vigilance","BowlingBash","FollowUp","Apotheosis+1","EmptyFist","MentalFortress+1","FlurryOfBlows","Halt","Vault+1","Wish+1","ClearTheMind","FlurryOfBlows","EmptyBody","Sanctity","Indignation+1","EmptyFist","EmptyMind","Crescendo+1","Tantrum","Wish","Judgement","CrushJoints+1","Madness","Madness","WheelKick+1"],"relics":["SacredBark","Dream Catcher","Boot","Sundial","Empty Cage","Bottled Tornado","Mercury Hourglass","aspiration:RitualDagger"],"acts_visited":["Exordium","TheCity","TheBeyond"],"potions_floor_usage":[],"damage_taken":[{"damage":7.0,"enemies":"Small Slimes","floor":1.0,"turns":4.0},{"damage":0.0,"enemies":"Jaw Worm","floor":4.0,"turns":4.0},{"damage":8.0,"enemies":"Lagavulin","floor":7.0,"turns":7.0},{"damage":0.0,"enemies":"2 Louse","floor":8.0,"turns":2.0},{"damage":16.0,"enemies":"3 Sentries","floor":10.0,"turns":6.0},{"damage":2.0,"enemies":"Looter","floor":11.0,"turns":3.0},{"damage":0.0,"enemies":"Red Slaver","floor":13.0,"turns":4.0},{"damage":0.0,"enemies":"Large Slime","floor":14.0,"turns":5.0},{"damage":25.0,"enemies":"The Guardian","floor":16.0,"turns":11.0},{"damage":0.0,"enemies":"3 Byrds","floor":18.0,"turns":5.0},{"damage":14.0,"enemies":"Shell Parasite","floor":19.0,"turns":4.0},{"damage":8.0,"enemies":"Sentry and Sphere","floor":21.0,"turns":6.0},{"damage":7.0,"enemies":"Slavers","floor":23.0,"turns":4.0},{"damage":11.0,"enemies":"Snake Plant","floor":25.0,"turns":3.0},{"damage":0.0,"enemies":"Cultist and Chosen","floor":27.0,"turns":3.0},{"damage":4.0,"enemies":"Centurion and Healer","floor":29.0,"turns":4.0},{"damage":0.0,"enemies":"Sentry and Sphere","floor":30.0,"turns":4.0},{"damage":0.0,"enemies":"Cultist and Chosen","floor":31.0,"turns":4.0},{"damage":16.0,"enemies":"Champ","floor":33.0,"turns":5.0},{"damage":12.0,"enemies":"Orb Walker","floor":35.0,"turns":4.0},{"damage":20.0,"enemies":"3 Shapes","floor":36.0,"turns":3.0},{"damage":78.0,"enemies":"Transient","floor":39.0,"turns":7.0},{"damage":42,"enemies":"Reptomancer","floor":40,"turns":3}],"seed_played":"8366171369207147182","potions_obtained":[{"floor":1.0,"key":"SpeedPotion"},{"floor":4.0,"key":"FearPotion"},{"floor":7.0,"key":"Energy Potion"},{"floor":13.0,"key":"Fire Potion"},{"floor":23.0,"key":"PowerPotion"},{"floor":25.0,"key":"Energy Potion"},{"floor":29.0,"key":"AttackPotion"},{"floor":36.0,"key":"Explosive Potion"}],"is_trial":false,"path_per_floor":["M","?","?","M","?","R","E","M","T","E","M","?","M","M","R","B",null,"M","M","$","M","?","E","R","M","T","M","$","M","M","M","R","B",null,"M","M","?","?","M","E"],"character_chosen":"WATCHER","items_purchased":["EmptyBody","Sanctity","CultistPotion"],"campfire_rested":1,"item_purchase_floors":[20,20,28],"current_hp_per_floor":[65,58,58,58,58,58,50,50,50,34,32,32,32,32,32,7,72,72,58,58,50,50,43,43,32,32,32,32,28,28,28,49,33,72,60,40,40,31,34,0,0],"gold":293,"neow_bonus":"BOSS_RELIC","is_daily":false,"chose_seed":false,"campfire_upgraded":3,"win_rate":0.0,"timestamp":1614255174,"path_taken":["M","?","?","M","?","R","E","M","T","E","M","?","M","M","R","BOSS","M","M","$","M","?","E","R","M","T","M","$","M","M","M","R","BOSS","M","M","?","?","M","E"],"items_purchased_type":["Card","Card","Potion"],"build_version":"2020-12-22","purchased_purges":1,"victory":false,"max_hp_per_floor":[72,72,72,72,72,72,72,72,72,72,72,72,72,72,72,72,72,72,72,72,72,72,72,72,72,72,72,72,72,72,72,72,72,72,72,72,72,72,72,72,72],"relic_stats":{"Dream Catcher":1,"counters":[23,104],"Sundial":[8],"Boot":[40],"obtain_stats":[{"Dream Catcher":7,"Sundial":10,"SacredBark":0,"aspiration:RitualDagger":34,"PureWater":0,"Bottled Tornado":23,"Boot":9,"Empty Cage":17,"Mercury Hourglass":26},{"Dream Catcher":3,"Sundial":5,"SacredBark":0,"aspiration:RitualDagger":19,"PureWater":0,"Bottled Tornado":13,"Boot":4,"Empty Cage":9,"Mercury Hourglass":14},{"Dream Catcher":15,"Sundial":23,"SacredBark":0,"aspiration:RitualDagger":88,"PureWater":0,"Bottled Tornado":65,"Boot":17,"Empty Cage":46,"Mercury Hourglass":68}],"Mercury Hourglass":[145]},"card_choices":[{"not_picked":["Fasting2","Collect"],"picked":"BowlingBash","floor":1.0},{"not_picked":["CutThroughFate","WindmillStrike"],"picked":"FollowUp","floor":4.0},{"not_picked":["CrushJoints","PathToVictory","BowlingBash"],"picked":"SKIP","floor":7.0},{"not_picked":["Alpha","CutThroughFate"],"picked":"EmptyFist","floor":8.0},{"not_picked":["ForeignInfluence","ClearTheMind"],"picked":"MentalFortress","floor":10.0},{"not_picked":["FollowUp","WindmillStrike"],"picked":"FlurryOfBlows","floor":11.0},{"not_picked":["BowlingBash","Study"],"picked":"Halt","floor":13.0},{"not_picked":["FlyingSleeves","PathToVictory"],"picked":"Vault","floor":14.0},{"not_picked":["Vault","ConjureBlade"],"picked":"Wish","floor":16.0},{"not_picked":["FlyingSleeves","Worship"],"picked":"ClearTheMind","floor":18.0},{"not_picked":["Crescendo","Meditate+1"],"picked":"FlurryOfBlows","floor":19.0},{"not_picked":["Evaluate+1","SashWhip+1"],"picked":"Indignation+1","floor":21.0},{"not_picked":["Indignation","JustLucky"],"picked":"EmptyFist","floor":23.0},{"not_picked":["SignatureMove+1","Evaluate"],"picked":"EmptyMind","floor":25.0},{"not_picked":["Indignation","SashWhip"],"picked":"Crescendo+1","floor":27.0},{"not_picked":["ClearTheMind","SashWhip"],"picked":"Tantrum","floor":29.0},{"not_picked":["EmptyBody","Prostrate","SignatureMove"],"picked":"SKIP","floor":30.0},{"not_picked":["Swivel","Nirvana"],"picked":"Wish","floor":31.0},{"not_picked":["Blasphemy","Omniscience"],"picked":"Judgement","floor":33.0},{"not_picked":["ThirdEye+1","CarveReality+1","CutThroughFate"],"picked":"SKIP","floor":35.0},{"not_picked":["EmptyMind+1","ThirdEye"],"picked":"CrushJoints+1","floor":36.0},{"not_picked":["EmptyBody","ClearTheMind"],"picked":"WheelKick+1","floor":39.0}],"player_experience":1964389,"relics_obtained":[{"floor":7.0,"key":"Dream Catcher"},{"floor":9.0,"key":"Boot"},{"floor":10.0,"key":"Sundial"},{"floor":23.0,"key":"Bottled Tornado"},{"floor":26.0,"key":"Mercury Hourglass"}],"event_choices":[{"cards_removed":["Strike_P"],"damage_healed":0.0,"max_hp_gain":0.0,"max_hp_loss":0.0,"gold_gain":0.0,"event_name":"Golden Wing","player_choice":"Card Removal","floor":2.0,"gold_loss":0.0,"damage_taken":7.0},{"cards_removed":["Defend_P"],"damage_healed":0.0,"max_hp_gain":0.0,"max_hp_loss":0.0,"gold_gain":0.0,"event_name":"The Cleric","player_choice":"Card Removal","floor":3.0,"gold_loss":50.0,"damage_taken":0.0},{"damage_healed":58.0,"max_hp_gain":0.0,"max_hp_loss":72.0,"gold_gain":0.0,"event_name":"betterThird:BetterShining","player_choice":"Embrace","floor":5.0,"gold_loss":0.0,"damage_taken":0.0},{"damage_healed":0.0,"max_hp_gain":0.0,"max_hp_loss":0.0,"gold_gain":0.0,"event_name":"Living Wall","player_choice":"Grow","floor":12.0,"gold_loss":0.0,"damage_taken":0.0,"cards_upgraded":["MentalFortress"]},{"cards_removed":["Vault"],"damage_healed":0.0,"max_hp_gain":0.0,"max_hp_loss":0.0,"gold_gain":0.0,"event_name":"betterNote:BetterNote","player_choice":"Take \u0026 Give","floor":22.0,"gold_loss":0.0,"damage_taken":0.0,"cards_obtained":["Predator"]},{"cards_removed":["Predator"],"damage_healed":0.0,"max_hp_gain":0.0,"max_hp_loss":0.0,"gold_gain":0.0,"event_name":"Falling","player_choice":"Removed Attack","floor":37.0,"gold_loss":0.0,"damage_taken":0.0},{"damage_healed":0.0,"max_hp_gain":0.0,"max_hp_loss":0.0,"gold_gain":0.0,"event_name":"Winding Halls","player_choice":"Embrace Madness","floor":38.0,"gold_loss":0.0,"damage_taken":9.0,"cards_obtained":["Madness","Madness"]}],"is_beta":false,"boss_relics":[{"not_picked":["Tiny House","aspiration:PoetsPen_weak"],"picked":"Empty Cage"},{"not_picked":["VioletLotus","Runic Pyramid"],"picked":"aspiration:RitualDagger"}],"items_purged_floors":[20],"is_endless":false,"potions_floor_spawned":[1,4,7,13,19,21,23,25,29,36],"killed_by":"Reptomancer","ascension_level":0,"is_humility":true}}