{"host":"o9lehcdjc4u6j9un","time":1614279964,"event":{"mods":["Aspiration","BaseMod","Better-Laid Plans","Bossed Relics","Colored Map","Hermit","Marisa£®ÏF”Í°°ƒß¿Ì…≥£©","Minty Spire (QoL Compilation)","StSLib","The Alterego","The Marked","The Runesmith"],"gold_per_floor":[117,39,56,6,16,42,42,42,42,60,60,78,78,78,78,173,173,187,127,138,153,153,153,165,165,189,189,189,203,12,23,23,119,119,132,482,528,528,528],"floor_reached":38,"language":"ZHS","playtime":1531,"items_purged":[],"score":474,"play_id":"202246c0-9dcf-4f18-a818-faa46dff8987","local_time":"20210226030604","is_ascension_mode":false,"campfire_choices":[{"data":"Noxious Fumes","floor":8,"key":"SMITH"},{"floor":11,"key":"REST"},{"floor":15,"key":"REST"},{"floor":23,"key":"REST"},{"floor":25,"key":"REST"},{"floor":32,"key":"REST"}],"circlet_count":0,"master_deck":["Defend_G","Defend_G","Defend_G","Defend_G","Survivor","Neutralize","Deadly Poison","Noxious Fumes+1","Prepared","Crippling Poison","Calculated Gamble","Cloak And Dagger","Poisoned Stab","Blade Dance","Sucker Punch","Deadly Poison","Bouncing Flask","Backflip","Deadly Poison","Die Die Die","Skewer","Bane","Catalyst","Catalyst","Bite","Bite","Bite","Bite","Bite","Corpse Explosion","Poisoned Stab","Bane","Envenom","Deadly Poison+1","Acrobatics+1"],"relics":["Ring of the Snake","aspiration:Nostalgia","Cracked Core","aspiration:StickyExplosives_weak","Toy Ornithopter","aspiration:HiddenCompartment","Sundial","Snecko Eye","Prayer Wheel","Potion Belt","SlaversCollar","Old Coin","CatCart"],"acts_visited":["Exordium","TheCity","TheBeyond"],"potions_floor_usage":[6,16,24,33,33,33],"damage_taken":[{"damage":0,"enemies":"Cultist","floor":1,"turns":3},{"damage":10,"enemies":"Small Slimes","floor":3,"turns":4},{"damage":0,"enemies":"2 Louse","floor":5,"turns":2},{"damage":10,"enemies":"3 Sentries","floor":6,"turns":8},{"damage":20,"enemies":"Large Slime","floor":10,"turns":6},{"damage":18,"enemies":"3 Louse","floor":12,"turns":3},{"damage":15,"enemies":"Hexaghost","floor":16,"turns":8},{"damage":29,"enemies":"2 Thieves","floor":18,"turns":4},{"damage":0,"enemies":"Chosen","floor":20,"turns":4},{"damage":10,"enemies":"Centurion and Healer","floor":21,"turns":4},{"damage":25,"enemies":"Sentry and Sphere","floor":24,"turns":5},{"damage":10,"enemies":"Snake Plant","floor":29,"turns":3},{"damage":19,"enemies":"Centurion and Healer","floor":31,"turns":4},{"damage":23,"enemies":"Champ","floor":33,"turns":7},{"damage":10,"enemies":"Orb Walker","floor":35,"turns":2},{"damage":0,"enemies":"Mind Bloom Boss Battle","floor":36,"turns":5},{"damage":36,"enemies":"Orin","floor":37,"turns":6},{"damage":0,"enemies":"3 Darklings","floor":38,"turns":1}],"seed_played":"-4401660311417252265","potions_obtained":[{"floor":3,"key":"EssenceOfSteel"},{"floor":12,"key":"Dexterity Potion"},{"floor":18,"key":"DistilledChaos"},{"floor":21,"key":"GamblersBrew"},{"floor":24,"key":"FearPotion"}],"is_trial":false,"path_per_floor":["M","$","M","?","M","E","?","R","T","M","R","M","T","?","R","B",null,"M","?","M","M","T","R","M","R","T","?","?","M","$","M","R","B",null,"M","?","?","M"],"character_chosen":"THE_SILENT","items_purchased":["Noxious Fumes","Corpse Explosion","BlessingOfTheForge"],"campfire_rested":5,"item_purchase_floors":[2,30,30],"current_hp_per_floor":[70,70,60,60,60,50,50,50,50,30,51,33,33,30,51,41,70,41,41,41,31,31,52,32,53,53,49,42,38,38,27,43,45,54,48,52,18,18,18],"gold":528,"neow_bonus":"NOSTALGIA","is_daily":false,"chose_seed":false,"campfire_upgraded":1,"win_rate":0.0,"timestamp":1614279964,"path_taken":["M","?","M","?","M","E","?","R","T","M","R","M","?","?","R","BOSS","M","?","?","M","?","R","M","R","T","?","?","M","$","M","R","BOSS","M","?","?","M"],"items_purchased_type":["Card","Card","Potion"],"build_version":"2020-12-22","purchased_purges":0,"victory":false,"max_hp_per_floor":[70,70,70,70,70,70,70,70,70,70,70,70,70,70,70,70,70,70,70,70,70,70,70,70,70,70,49,54,54,54,54,54,54,54,54,54,54,54,54],"card_choices":[{"not_picked":["PiercingWail","Quick Slash"],"picked":"Deadly Poison","floor":1},{"not_picked":["Storm of Steel","Dagger Throw"],"picked":"Prepared","floor":3},{"not_picked":["Calculated Gamble","Dodge and Roll"],"picked":"Crippling Poison","floor":5},{"not_picked":["Wraith Form v2","Dagger Throw"],"picked":"Calculated Gamble","floor":6},{"not_picked":["Well Laid Plans","Deadly Poison"],"picked":"Bouncing Flask","floor":10},{"not_picked":["Sucker Punch","PiercingWail"],"picked":"Backflip","floor":12},{"not_picked":["Blade Dance","Sucker Punch"],"picked":"Deadly Poison","floor":18},{"not_picked":["Outmaneuver","PiercingWail"],"picked":"Bane","floor":20},{"not_picked":["Footwork","Backflip+1"],"picked":"Catalyst","floor":21},{"not_picked":["Eviscerate","Reflex"],"picked":"Catalyst","floor":24},{"not_picked":["Flying Knee","Skewer","Calculated Gamble"],"picked":"SKIP","floor":24},{"not_picked":["Blade Dance","Tactician","Backflip"],"picked":"SKIP","floor":29},{"not_picked":["Caltrops","Dash","Masterful Stab+1"],"picked":"SKIP","floor":29},{"not_picked":["Flying Knee+1","Deflect"],"picked":"Poisoned Stab","floor":31},{"not_picked":["Choke+1","Deflect"],"picked":"Bane","floor":31},{"not_picked":["Corpse Explosion","Venomology"],"picked":"Envenom","floor":33},{"not_picked":["Endless Agony+1","Predator"],"picked":"Deadly Poison+1","floor":35},{"not_picked":["Prepared","Cloak And Dagger+1","Outmaneuver"],"picked":"SKIP","floor":35},{"not_picked":["Flechettes+1","Cloak And Dagger+1"],"picked":"Acrobatics+1","floor":37}],"player_experience":193865,"relics_obtained":[{"floor":6,"key":"aspiration:StickyExplosives_weak"},{"floor":9,"key":"Toy Ornithopter"},{"floor":13,"key":"aspiration:HiddenCompartment"},{"floor":22,"key":"Prayer Wheel"},{"floor":26,"key":"Potion Belt"},{"floor":36,"key":"Old Coin"},{"floor":37,"key":"CatCart"}],"event_choices":[{"cards_removed":["Defend_G"],"damage_healed":0,"gold_gain":0,"player_choice":"Card Removal","damage_taken":0,"max_hp_gain":0,"max_hp_loss":0,"event_name":"The Cleric","floor":4,"gold_loss":50},{"damage_healed":0,"gold_gain":0,"player_choice":"Success","damage_taken":3,"relics_obtained":["Sundial"],"max_hp_gain":0,"max_hp_loss":0,"event_name":"Scrap Ooze","floor":14,"gold_loss":0},{"damage_healed":0,"gold_gain":0,"cards_transformed":["Strike_G","Strike_G"],"player_choice":"Transformed Cards","damage_taken":0,"max_hp_gain":0,"max_hp_loss":0,"event_name":"Designer","floor":19,"gold_loss":60,"cards_obtained":["Die Die Die","Skewer"]},{"damage_healed":0,"gold_gain":0,"player_choice":"Became a vampire","damage_taken":0,"max_hp_gain":0,"max_hp_loss":21,"event_name":"Vampires","floor":27,"gold_loss":0,"cards_obtained":["Bite","Bite","Bite","Bite","Bite"]},{"damage_healed":0,"gold_gain":0,"player_choice":"Shed Blood","damage_taken":12,"max_hp_gain":5,"max_hp_loss":0,"event_name":"Forgotten Altar","floor":28,"gold_loss":0},{"damage_healed":0,"gold_gain":0,"player_choice":"Fight","damage_taken":0,"max_hp_gain":0,"max_hp_loss":0,"event_name":"MindBloom","floor":36,"gold_loss":0},{"damage_healed":0,"gold_gain":0,"player_choice":"Fight","damage_taken":0,"max_hp_gain":0,"max_hp_loss":0,"event_name":"OrinTheCat","floor":37,"gold_loss":0}],"is_beta":false,"boss_relics":[{"not_picked":["Astrolabe","Tiny House"],"picked":"Snecko Eye"},{"not_picked":["Cursed Key","aspiration:RitualDagger"],"picked":"SlaversCollar"}],"items_purged_floors":[],"is_endless":false,"potions_floor_spawned":[3,12,18,21,24],"killed_by":"3 Darklings","ascension_level":0}}