{"host":"6wux4armhsntp4yb","time":1614213096,"event":{"mods":["BaseMod","Colored Map","DeckTracker","Minty Spire (QoL Compilation)","Relic Stats"],"gold_per_floor":[150,150,150,186,21,21,84,84,160,17,131,175,175,238,238,432,432,455,455,496,559,270,270,329,329,353,353,353,418,268,326,326,444,444,518,189,189,239,239,239,298,328,340,352,398,512,524,575,587,649,661,661],"floor_reached":51,"language":"JPN","playtime":5096,"items_purged":["Strike_G","Strike_G","Strike_G","Strike_G+1"],"score":1609,"play_id":"cc9d982a-f890-468a-8725-2c91eade4a1b","local_time":"20210225093136","is_ascension_mode":true,"campfire_choices":[{"data":"HandOfGreed","floor":6.0,"key":"SMITH"},{"data":"Well Laid Plans","floor":8.0,"key":"SMITH"},{"data":"Calculated Gamble","floor":13.0,"key":"SMITH"},{"data":"Footwork","floor":15.0,"key":"SMITH"},{"floor":23.0,"key":"REST"},{"data":"Calculated Gamble","floor":28.0,"key":"SMITH"},{"data":"Reflex","floor":32.0,"key":"SMITH"},{"data":"Ghostly","floor":40.0,"key":"SMITH"},{"data":"Outmaneuver","floor":44.0,"key":"SMITH"},{"data":"Ghostly","floor":47.0,"key":"SMITH"},{"floor":49.0,"key":"RECALL"}],"circlet_count":0,"master_deck":["AscendersBane","Defend_G","Defend_G","Defend_G","Survivor","Neutralize+1","HandOfGreed+1","Terror","Predator","Well Laid Plans+1","Footwork+1","Calculated Gamble+1","Reflex+1","Calculated Gamble+1","Corpse Explosion","Footwork","Footwork","Dagger Throw+1","Slice","Ghostly+1","Ghostly+1","Ghostly","Malaise","Grand Finale","Outmaneuver+1","Deflect"],"relics":["Ring of the Snake","Golden Idol","InkBottle","Strawberry","Whetstone","Busted Crown","Enchiridion","OrangePellets","Boot","Bag of Marbles","Calipers","Mango","Empty Cage","Chemical X","MawBank","CeramicFish","Peace Pipe"],"acts_visited":["Exordium","TheCity","TheBeyond"],"potions_floor_usage":[],"damage_taken":[{"damage":3.0,"enemies":"Small Slimes","floor":1.0,"turns":5.0},{"damage":3.0,"enemies":"Jaw Worm","floor":4.0,"turns":4.0},{"damage":0.0,"enemies":"2 Louse","floor":7.0,"turns":4.0},{"damage":15.0,"enemies":"3 Sentries","floor":11.0,"turns":10.0},{"damage":1.0,"enemies":"Large Slime","floor":12.0,"turns":10.0},{"damage":1.0,"enemies":"Lagavulin","floor":14.0,"turns":5.0},{"damage":18.0,"enemies":"Slime Boss","floor":16.0,"turns":17.0},{"damage":0.0,"enemies":"3 Byrds","floor":18.0,"turns":3.0},{"damage":4.0,"enemies":"Shell Parasite","floor":20.0,"turns":7.0},{"damage":3.0,"enemies":"Centurion and Healer","floor":21.0,"turns":9.0},{"damage":0.0,"enemies":"Gremlin Leader","floor":24.0,"turns":6.0},{"damage":3.0,"enemies":"Slavers","floor":29.0,"turns":2.0},{"damage":7.0,"enemies":"Book of Stabbing","floor":31.0,"turns":6.0},{"damage":15.0,"enemies":"Automaton","floor":33.0,"turns":10.0},{"damage":1.0,"enemies":"3 Shapes","floor":35.0,"turns":7.0},{"damage":2.0,"enemies":"Orb Walker","floor":38.0,"turns":4.0},{"damage":6.0,"enemies":"Reptomancer","floor":41.0,"turns":6.0},{"damage":5.0,"enemies":"Transient","floor":42.0,"turns":6.0},{"damage":8.0,"enemies":"Giant Head","floor":45.0,"turns":6.0},{"damage":0.0,"enemies":"2 Orb Walkers","floor":46.0,"turns":4.0},{"damage":0.0,"enemies":"Spire Growth","floor":48.0,"turns":6.0},{"damage":8,"enemies":"Awakened One","floor":50,"turns":17},{"damage":15,"enemies":"Time Eater","floor":51,"turns":18}],"seed_played":"-8406969528539398667","potions_obtained":[{"floor":1.0,"key":"FearPotion"},{"floor":12.0,"key":"LiquidMemories"},{"floor":16.0,"key":"SpeedPotion"},{"floor":24.0,"key":"AttackPotion"},{"floor":29.0,"key":"Explosive Potion"},{"floor":41.0,"key":"Dexterity Potion"},{"floor":42.0,"key":"BlessingOfTheForge"}],"is_trial":false,"path_per_floor":["M","?","?","M","$","R","M","R","T","$","E","M","R","E","R","B",null,"M","?","M","M","$","R","E","?","T","?","R","E","$","E","R","B",null,"M","$","?","M","?","R","E","M","T","R","E","?","R","M","R","B","B"],"character_chosen":"THE_SILENT","items_purchased":["Well Laid Plans","Footwork","OrangePellets","Chemical X","Grand Finale"],"campfire_rested":1,"item_purchase_floors":[5,10,22,36,36],"current_hp_per_floor":[56,54,47,44,44,44,44,44,44,44,36,35,35,34,34,16,50,50,29,25,22,22,40,40,40,40,30,30,27,27,34,34,19,38,37,37,37,35,35,35,29,24,24,24,16,16,16,16,16,8,0,0],"gold":661,"neow_bonus":"RANDOM_COLORLESS_2","is_daily":false,"chose_seed":false,"campfire_upgraded":9,"win_rate":0.0,"timestamp":1614213096,"path_taken":["M","?","?","M","$","R","M","R","T","$","E","M","R","E","R","BOSS","M","?","M","M","$","R","E","?","T","?","R","E","$","E","R","BOSS","M","$","?","M","?","R","E","M","T","R","E","?","R","M","R","BOSS","BOSS"],"items_purchased_type":["Card","Card","Relic","Relic","Card"],"build_version":"2020-12-22","purchased_purges":4,"victory":false,"max_hp_per_floor":[60,54,54,54,54,54,54,54,54,54,61,61,61,61,61,61,61,61,61,61,61,61,61,61,61,61,30,30,30,30,44,44,44,44,44,44,44,44,44,44,44,44,44,44,44,44,44,44,44,44,44,44],"relic_stats":{"counters":[23,172],"Golden Idol":164,"CeramicFish":9,"Whetstone":["Strike_G","Neutralize"],"Boot":[34],"MawBank":120,"Peace Pipe":0,"OrangePellets":[5],"Busted Crown":30,"Chemical X":[9],"obtain_stats":[{"Calipers":29,"Golden Idol":2,"CeramicFish":45,"Enchiridion":19,"Mango":31,"Whetstone":14,"Boot":24,"Empty Cage":34,"MawBank":41,"Peace Pipe":46,"OrangePellets":22,"Busted Crown":17,"Strawberry":11,"Bag of Marbles":26,"Chemical X":36,"InkBottle":9,"Ring of the Snake":0},{"Calipers":12,"Golden Idol":1,"CeramicFish":19,"Enchiridion":8,"Mango":13,"Whetstone":6,"Boot":11,"Empty Cage":14,"MawBank":17,"Peace Pipe":20,"OrangePellets":10,"Busted Crown":7,"Strawberry":4,"Bag of Marbles":11,"Chemical X":15,"InkBottle":3,"Ring of the Snake":0},{"Calipers":82,"Golden Idol":5,"CeramicFish":127,"Enchiridion":58,"Mango":88,"Whetstone":38,"Boot":80,"Empty Cage":98,"MawBank":115,"Peace Pipe":131,"OrangePellets":74,"Busted Crown":55,"Strawberry":23,"Bag of Marbles":80,"Chemical X":105,"InkBottle":13,"Ring of the Snake":0}],"InkBottle":[75],"Ring of the Snake":[46]},"card_choices":[{"not_picked":["Transmutation","The Bomb"],"picked":"HandOfGreed","floor":0.0},{"not_picked":["Deflect","Heel Hook"],"picked":"Terror","floor":1.0},{"not_picked":["Dagger Throw","Underhanded Strike"],"picked":"Predator","floor":4.0},{"not_picked":["Catalyst","Bouncing Flask","Dagger Spray"],"picked":"SKIP","floor":7.0},{"not_picked":["Eviscerate","Outmaneuver"],"picked":"Calculated Gamble","floor":11.0},{"not_picked":["Acrobatics","Underhanded Strike"],"picked":"Reflex","floor":12.0},{"not_picked":["Finisher","Blade Dance"],"picked":"Calculated Gamble","floor":14.0},{"not_picked":["Grand Finale","Phantasmal Killer"],"picked":"Corpse Explosion","floor":16.0},{"not_picked":[],"picked":"Footwork","floor":18.0},{"not_picked":[],"picked":"Footwork","floor":20.0},{"not_picked":[],"picked":"Dagger Throw+1","floor":21.0},{"not_picked":[],"picked":"Slice","floor":24.0},{"not_picked":["Leg Sweep"],"picked":"SKIP","floor":29.0},{"not_picked":[],"picked":"Malaise","floor":31.0},{"not_picked":["Slice"],"picked":"SKIP","floor":35.0},{"not_picked":["Flying Knee"],"picked":"SKIP","floor":38.0},{"not_picked":["Flying Knee"],"picked":"SKIP","floor":38.0},{"not_picked":["Underhanded Strike"],"picked":"SKIP","floor":41.0},{"not_picked":[],"picked":"Outmaneuver","floor":42.0},{"not_picked":["Flying Knee"],"picked":"SKIP","floor":45.0},{"not_picked":[],"picked":"Deflect","floor":46.0},{"not_picked":["Slice"],"picked":"SKIP","floor":48.0}],"player_experience":5919372,"relics_obtained":[{"floor":9.0,"key":"InkBottle"},{"floor":11.0,"key":"Strawberry"},{"floor":14.0,"key":"Whetstone"},{"floor":19.0,"key":"Enchiridion"},{"floor":24.0,"key":"Boot"},{"floor":26.0,"key":"Bag of Marbles"},{"floor":29.0,"key":"Calipers"},{"floor":31.0,"key":"Mango"},{"floor":41.0,"key":"MawBank"},{"floor":45.0,"key":"CeramicFish"},{"floor":46.0,"key":"Peace Pipe"}],"event_choices":[{"damage_healed":0.0,"max_hp_gain":0.0,"max_hp_loss":6.0,"gold_gain":0.0,"event_name":"Golden Idol","player_choice":"Lose Max HP","floor":2.0,"gold_loss":0.0,"damage_taken":0.0,"relics_obtained":["Golden Idol"]},{"cards_removed":["Strike_G"],"damage_healed":0.0,"max_hp_gain":0.0,"max_hp_loss":0.0,"gold_gain":0.0,"event_name":"Golden Wing","player_choice":"Card Removal","floor":3.0,"gold_loss":0.0,"damage_taken":7.0},{"damage_healed":0.0,"max_hp_gain":0.0,"max_hp_loss":0.0,"gold_gain":0.0,"event_name":"Cursed Tome","player_choice":"Obtained Book","floor":19.0,"gold_loss":0.0,"damage_taken":21.0},{"damage_healed":0.0,"max_hp_gain":0.0,"max_hp_loss":0.0,"gold_gain":0.0,"event_name":"The Mausoleum","player_choice":"Ignored","floor":25.0,"gold_loss":0.0,"damage_taken":0.0},{"damage_healed":0.0,"max_hp_gain":0.0,"max_hp_loss":31.0,"gold_gain":0.0,"event_name":"Ghosts","player_choice":"Became a Ghost","floor":27.0,"gold_loss":0.0,"damage_taken":0.0,"cards_obtained":["Ghostly","Ghostly","Ghostly"]},{"damage_healed":0.0,"max_hp_gain":0.0,"max_hp_loss":0.0,"gold_gain":0.0,"event_name":"Tomb of Lord Red Mask","player_choice":"Ignored","floor":37.0,"gold_loss":0.0,"damage_taken":0.0},{"damage_healed":0.0,"max_hp_gain":0.0,"max_hp_loss":0.0,"gold_gain":0.0,"event_name":"SensoryStone","player_choice":"Memory 1","floor":39.0,"gold_loss":0.0,"damage_taken":0.0},{"damage_healed":0.0,"max_hp_gain":0.0,"max_hp_loss":0.0,"gold_gain":0.0,"event_name":"Mysterious Sphere","player_choice":"Fight","floor":46.0,"gold_loss":0.0,"damage_taken":0.0}],"is_beta":false,"boss_relics":[{"not_picked":["Snecko Eye","WristBlade"],"picked":"Busted Crown"},{"not_picked":["Philosopher\u0027s Stone","Sozu"],"picked":"Empty Cage"}],"items_purged_floors":[5,10,22,30],"is_endless":false,"potions_floor_spawned":[1,12,16,24,29,41,42],"killed_by":"Time Eater","ascension_level":20}}