{"host":"qgrlfjrqk9z96gfi","time":1614276823,"event":{"mods":["BaseMod","Block Reminder","Colored Map","Custom Start","DeckTracker","Minty Spire (QoL Compilation)"],"gold_per_floor":[109,13,23,23,41,66,66,82,82,115,115,125,155,165,165,239,239,256,271,286,321,336,365,365,365,365],"floor_reached":25,"language":"ENG","playtime":1084,"items_purged":[],"score":540,"play_id":"730fb3ad-a673-425c-9d19-d0cccae6901d","local_time":"20210225081343","is_ascension_mode":true,"campfire_choices":[{"floor":7.0,"key":"REST"},{"floor":11.0,"key":"REST"},{"data":"Noxious Fumes","floor":15.0,"key":"SMITH"},{"floor":24,"key":"REST"}],"circlet_count":0,"master_deck":["AscendersBane","Strike_G","Strike_G","Strike_G","Strike_G","Strike_G","Defend_G","Defend_G","Defend_G","Defend_G","Defend_G","Survivor","Neutralize","Dash","Poisoned Stab","Footwork","Dagger Throw","Masterful Stab","Venomology","Blade Dance","Dodge and Roll","Blade Dance","Footwork","Noxious Fumes+1","Burst","Deflect","Blade Dance","Finisher","Wraith Form v2","PiercingWail","Accuracy"],"relics":["Ring of the Snake","Toy Ornithopter","InkBottle","Calipers","Pen Nib","WristBlade","Red Mask","StrikeDummy"],"acts_visited":["Exordium","TheCity"],"potions_floor_usage":[18,18,20,21,23,23,25],"damage_taken":[{"damage":2.0,"enemies":"2 Louse","floor":1.0,"turns":4.0},{"damage":0.0,"enemies":"Small Slimes","floor":3.0,"turns":4.0},{"damage":2.0,"enemies":"Jaw Worm","floor":5.0,"turns":3.0},{"damage":50.0,"enemies":"Lagavulin","floor":6.0,"turns":11.0},{"damage":8.0,"enemies":"Blue Slaver","floor":8.0,"turns":4.0},{"damage":0.0,"enemies":"Gremlin Nob","floor":10.0,"turns":2.0},{"damage":15.0,"enemies":"Exordium Thugs","floor":12.0,"turns":7.0},{"damage":12.0,"enemies":"Lagavulin","floor":13.0,"turns":9.0},{"damage":2.0,"enemies":"Exordium Wildlife","floor":14.0,"turns":3.0},{"damage":15.0,"enemies":"The Guardian","floor":16.0,"turns":12.0},{"damage":0,"enemies":"Spheric Guardian","floor":18,"turns":3},{"damage":12,"enemies":"2 Thieves","floor":19,"turns":3},{"damage":4,"enemies":"Sentry and Sphere","floor":20,"turns":5},{"damage":24,"enemies":"Masked Bandits","floor":21,"turns":3},{"damage":13,"enemies":"3 Cultists","floor":22,"turns":5},{"damage":19,"enemies":"Slavers","floor":23,"turns":9},{"damage":41,"enemies":"Book of Stabbing","floor":25,"turns":5}],"seed_played":"1120587209065863136","potions_obtained":[{"floor":8.0,"key":"FearPotion"},{"floor":12.0,"key":"Dexterity Potion"},{"floor":14.0,"key":"Poison Potion"},{"floor":16.0,"key":"PowerPotion"},{"floor":18,"key":"LiquidBronze"},{"floor":21,"key":"Dexterity Potion"}],"is_trial":false,"path_per_floor":["M","$","M","?","M","E","R","M","T","E","R","M","E","M","R","B",null,"M","M","M","?","M","E","R","E"],"character_chosen":"THE_SILENT","items_purchased":["Footwork","Dagger Throw"],"campfire_rested":3,"item_purchase_floors":[2,2],"current_hp_per_floor":[57,57,57,57,55,5,24,16,16,26,45,30,43,46,46,36,59,66,54,55,36,23,14,33,0,0],"gold":365,"neow_bonus":"THREE_CARDS","is_daily":false,"chose_seed":false,"campfire_upgraded":1,"win_rate":0.0,"timestamp":1614276823,"path_taken":["M","$","M","?","M","E","R","M","T","E","R","M","E","M","R","BOSS","M","M","M","?","M","E","R","E"],"items_purchased_type":["Card","Card"],"build_version":"2020-12-22","purchased_purges":0,"victory":false,"max_hp_per_floor":[66,66,66,66,66,66,66,66,66,66,66,66,66,66,66,66,66,66,66,66,66,66,66,66,66,66],"card_choices":[{"not_picked":["Prepared","Dodge and Roll"],"picked":"Dash","floor":0.0},{"not_picked":["Deflect","PiercingWail"],"picked":"Poisoned Stab","floor":1.0},{"not_picked":["Bane","Deflect","Bouncing Flask"],"picked":"SKIP","floor":3.0},{"not_picked":["Leg Sweep","Outmaneuver"],"picked":"Masterful Stab","floor":5.0},{"not_picked":["Crippling Poison","Flying Knee"],"picked":"Venomology","floor":6.0},{"not_picked":["Predator","Cloak And Dagger"],"picked":"Blade Dance","floor":8.0},{"not_picked":["Bane","Skewer"],"picked":"Dodge and Roll","floor":10.0},{"not_picked":["Acrobatics","Expertise"],"picked":"Blade Dance","floor":12.0},{"not_picked":["Blade Dance","A Thousand Cuts"],"picked":"Footwork","floor":13.0},{"not_picked":["Dash","Backflip"],"picked":"Noxious Fumes","floor":14.0},{"not_picked":["Unload","Malaise"],"picked":"Burst","floor":16.0},{"not_picked":["Bane","Underhanded Strike"],"picked":"Deflect","floor":18},{"not_picked":["Dagger Throw","Distraction+1"],"picked":"Blade Dance","floor":19},{"not_picked":["Blade Dance+1","Tactician"],"picked":"Finisher","floor":20},{"not_picked":["Riddle With Holes","Tactician"],"picked":"Wraith Form v2","floor":21},{"not_picked":["Deflect","Blur"],"picked":"PiercingWail","floor":22},{"not_picked":["Bane","Dagger Throw+1"],"picked":"Accuracy","floor":23}],"player_experience":1192497,"relics_obtained":[{"floor":6.0,"key":"Toy Ornithopter"},{"floor":9.0,"key":"InkBottle"},{"floor":10.0,"key":"Calipers"},{"floor":13.0,"key":"Pen Nib"},{"floor":21,"key":"Red Mask"},{"floor":23,"key":"StrikeDummy"}],"event_choices":[{"damage_healed":0.0,"max_hp_gain":0.0,"max_hp_loss":0.0,"gold_gain":0.0,"event_name":"Liars Game","player_choice":"Ignored","floor":4.0,"gold_loss":0.0,"damage_taken":0.0},{"damage_healed":0,"gold_gain":0,"player_choice":"Fought Bandits","damage_taken":0,"max_hp_gain":0,"max_hp_loss":0,"event_name":"Masked Bandits","floor":21,"gold_loss":0}],"is_beta":false,"boss_relics":[{"not_picked":["Tiny House","Pandora\u0027s Box"],"picked":"WristBlade"}],"items_purged_floors":[],"is_endless":false,"potions_floor_spawned":[8,12,14,16,18,21],"killed_by":"Book of Stabbing","ascension_level":20}}