{"host":"b3fp0sgzld04crtx","time":1614232425,"event":{"mods":["AchievementEnabler","BaseMod","Colored Map","Colored Powertips","Highlight Path","Minty Spire (QoL Compilation)","Quick Restart","StSLib"],"gold_per_floor":[112,128,128,128,128,169,94,118,145,320,334,334,350,365,365,491,491,514,514,47,67,67,81,81,30,56,79,102,122,147,183,183,312,312,336,357,425,438,62,62,395,395,395,408,424,424,453,504,504,504,504,504,48,74,74],"floor_reached":56,"language":"ENG","playtime":4822,"items_purged":["Defend_P","Doubt","Strike_P"],"score":1226,"play_id":"16fe09b8-be9d-4884-bc00-5ad564cfd6f2","local_time":"20210224235345","is_ascension_mode":false,"campfire_choices":[{"floor":12.0,"key":"REST"},{"floor":15.0,"key":"REST"},{"data":"Establishment","floor":32.0,"key":"SMITH"},{"floor":40.0,"key":"RECALL"},{"floor":49,"key":"REST"},{"floor":52,"key":"REST"}],"circlet_count":0,"master_deck":["Strike_P","Strike_P","Defend_P","Defend_P","Eruption+1","Vigilance+1","InnerPeace","SandsOfTime+1","FlurryOfBlows","Protect","Scrawl","Establishment+1","Ghostly","Ghostly","Ghostly","Ghostly","Ghostly+1","Bandage Up","SandsOfTime","Protect","LessonLearned+1","LikeWater+1","FlurryOfBlows+1","ClearTheMind+1","Ragnarok","TalkToTheHand"],"relics":["SlaversCollar","Nunchaku","Centennial Puzzle","Busted Crown","Bronze Scales","Enchiridion","Blood Vial","Letter Opener","Fusion Hammer","Gremlin Horn","Juzu Bracelet","Prayer Wheel","Mango","Damaru","Melange","Du-Vu Doll"],"acts_visited":["Exordium","TheCity","TheBeyond","TheEnding"],"potions_floor_usage":[55,55],"damage_taken":[{"damage":2.0,"enemies":"Jaw Worm","floor":1.0,"turns":5.0},{"damage":0.0,"enemies":"2 Louse","floor":2.0,"turns":2.0},{"damage":11.0,"enemies":"Lagavulin","floor":6.0,"turns":6.0},{"damage":10.0,"enemies":"Small Slimes","floor":8.0,"turns":3.0},{"damage":7.0,"enemies":"2 Fungi Beasts","floor":11.0,"turns":2.0},{"damage":12.0,"enemies":"Blue Slaver","floor":13.0,"turns":3.0},{"damage":2.0,"enemies":"3 Louse","floor":14.0,"turns":4.0},{"damage":14.0,"enemies":"Slime Boss","floor":16.0,"turns":9.0},{"damage":0.0,"enemies":"Spheric Guardian","floor":18.0,"turns":2.0},{"damage":5.0,"enemies":"3 Byrds","floor":21.0,"turns":2.0},{"damage":1.0,"enemies":"Sentry and Sphere","floor":23.0,"turns":4.0},{"damage":3.0,"enemies":"Cultist and Chosen","floor":27.0,"turns":4.0},{"damage":3.0,"enemies":"Shelled Parasite and Fungi","floor":28.0,"turns":4.0},{"damage":3.0,"enemies":"3 Cultists","floor":29.0,"turns":5.0},{"damage":1.0,"enemies":"Snecko","floor":30.0,"turns":4.0},{"damage":13.0,"enemies":"Gremlin Leader","floor":31.0,"turns":4.0},{"damage":4.0,"enemies":"Automaton","floor":33.0,"turns":7.0},{"damage":2.0,"enemies":"3 Darklings","floor":35.0,"turns":6.0},{"damage":4.0,"enemies":"Orb Walker","floor":36.0,"turns":4.0},{"damage":2.0,"enemies":"Sphere and 2 Shapes","floor":38.0,"turns":4.0},{"damage":0.0,"enemies":"Jaw Worm Horde","floor":44.0,"turns":4.0},{"damage":3,"enemies":"3 Darklings","floor":45,"turns":5},{"damage":0,"enemies":"Reptomancer","floor":47,"turns":6},{"damage":4,"enemies":"2 Orb Walkers","floor":48,"turns":4},{"damage":21,"enemies":"Donu and Deca","floor":50,"turns":10},{"damage":3,"enemies":"Shield and Spear","floor":54,"turns":6},{"damage":132,"enemies":"The Heart","floor":55,"turns":9}],"seed_played":"-5369495398560040912","potions_obtained":[{"floor":2.0,"key":"Strength Potion"},{"floor":11.0,"key":"DuplicationPotion"},{"floor":13.0,"key":"BottledMiracle"},{"floor":18.0,"key":"LiquidMemories"},{"floor":27.0,"key":"Explosive Potion"},{"floor":28.0,"key":"LiquidBronze"},{"floor":31.0,"key":"Dexterity Potion"},{"floor":36.0,"key":"Ancient Potion"},{"floor":38.0,"key":"AttackPotion"},{"floor":44.0,"key":"CultistPotion"}],"is_trial":false,"path_per_floor":["M","M","?","?","?","E","$","M","T","?","M","R","M","M","R","B",null,"M","?","$","M","?","M","?","$","T","M","M","M","M","E","R","B",null,"M","M","T","M","$","R","?","?","T","M","M","$","E","?","R","B",null,"R","$","E","B",null],"character_chosen":"WATCHER","items_purchased":["Bandage Up","SandsOfTime","Protect","Bronze Scales","SkillPotion","Juzu Bracelet","FairyPotion","Damaru","Melange","Ragnarok"],"campfire_rested":4,"item_purchase_floors":[20,20,20,20,25,39,39,53,53,53],"current_hp_per_floor":[70,70,63,49,31,20,20,10,10,10,3,24,12,10,31,17,72,72,36,36,31,31,34,18,18,18,21,24,27,28,21,21,23,36,36,35,35,34,34,34,34,34,34,34,31,31,33,48,48,31,48,48,48,48,12],"gold":74,"neow_bonus":"BOSS_RELIC","is_daily":false,"chose_seed":false,"campfire_upgraded":1,"win_rate":0.0,"timestamp":1614232425,"path_taken":["M","M","?","?","?","E","$","M","T","?","?","R","M","M","R","BOSS","M","?","$","M","?","M","?","?","T","?","M","M","M","E","R","BOSS","M","M","?","?","$","R","?","?","T","M","M","$","E","?","R","BOSS","R","$","E","BOSS"],"items_purchased_type":["Card","Card","Card","Relic","Potion","Relic","Potion","Relic","Relic","Card"],"build_version":"2020-12-22","purchased_purges":3,"victory":true,"max_hp_per_floor":[72,72,72,72,72,72,72,72,72,72,72,72,72,72,72,72,72,72,36,36,36,36,36,36,36,36,36,36,36,36,36,36,36,36,36,36,36,36,36,36,36,34,34,34,34,34,34,48,48,48,48,48,48,48,48],"card_choices":[{"not_picked":["FlurryOfBlows","Adaptation"],"picked":"InnerPeace","floor":1.0},{"not_picked":["EmptyBody","SignatureMove"],"picked":"SandsOfTime","floor":2.0},{"not_picked":["PathToVictory","EmptyBody"],"picked":"FlurryOfBlows","floor":6.0},{"not_picked":["Fasting2","FlyingSleeves","Crescendo"],"picked":"SKIP","floor":8.0},{"not_picked":["ClearTheMind","CrushJoints"],"picked":"Protect","floor":11.0},{"not_picked":["Prostrate","PathToVictory"],"picked":"Scrawl","floor":13.0},{"not_picked":["LikeWater","Adaptation","Evaluate"],"picked":"SKIP","floor":14.0},{"not_picked":["Ragnarok","Brilliance"],"picked":"Establishment","floor":16.0},{"not_picked":["WreathOfFlame+1"],"picked":"SKIP","floor":18.0},{"not_picked":["Prostrate"],"picked":"SKIP","floor":21.0},{"not_picked":["FollowUp"],"picked":"SKIP","floor":23.0},{"not_picked":["EmptyFist+1"],"picked":"SKIP","floor":27.0},{"not_picked":["EmptyBody"],"picked":"SKIP","floor":28.0},{"not_picked":["PathToVictory"],"picked":"SKIP","floor":29.0},{"not_picked":["FollowUp"],"picked":"SKIP","floor":30.0},{"not_picked":["CrushJoints"],"picked":"SKIP","floor":31.0},{"not_picked":[],"picked":"LessonLearned","floor":33.0},{"not_picked":["Fasting2+1"],"picked":"SKIP","floor":35.0},{"not_picked":[],"picked":"LikeWater+1","floor":36.0},{"not_picked":[],"picked":"FlurryOfBlows+1","floor":38.0},{"not_picked":[],"picked":"ClearTheMind+1","floor":44.0},{"not_picked":["WaveOfTheHand"],"picked":"SKIP","floor":45},{"not_picked":["PathToVictory"],"picked":"SKIP","floor":47},{"not_picked":[],"picked":"TalkToTheHand","floor":54}],"player_experience":368927,"relics_obtained":[{"floor":6.0,"key":"Nunchaku"},{"floor":9.0,"key":"Centennial Puzzle"},{"floor":24.0,"key":"Enchiridion"},{"floor":26.0,"key":"Blood Vial"},{"floor":31.0,"key":"Letter Opener"},{"floor":37.0,"key":"Gremlin Horn"},{"floor":47,"key":"Prayer Wheel"},{"floor":48,"key":"Mango"},{"floor":54,"key":"Du-Vu Doll"}],"event_choices":[{"cards_removed":["Strike_P"],"damage_healed":0.0,"max_hp_gain":0.0,"max_hp_loss":0.0,"gold_gain":0.0,"event_name":"Golden Wing","player_choice":"Card Removal","floor":3.0,"gold_loss":0.0,"damage_taken":7.0},{"damage_healed":0.0,"max_hp_gain":0.0,"max_hp_loss":0.0,"gold_gain":0.0,"event_name":"Shining Light","player_choice":"Entered Light","floor":4.0,"gold_loss":0.0,"damage_taken":14.0,"cards_upgraded":["Vigilance","Eruption"]},{"damage_healed":0.0,"max_hp_gain":0.0,"max_hp_loss":0.0,"gold_gain":0.0,"event_name":"Golden Idol","player_choice":"Take Damage","floor":5.0,"gold_loss":0.0,"damage_taken":18.0,"relics_obtained":["Golden Idol"]},{"damage_healed":0.0,"max_hp_gain":0.0,"max_hp_loss":0.0,"gold_gain":175.0,"event_name":"Liars Game","player_choice":"AGREE","floor":10.0,"gold_loss":0.0,"damage_taken":0.0,"cards_obtained":["Doubt"]},{"damage_healed":0.0,"max_hp_gain":0.0,"max_hp_loss":36.0,"gold_gain":0.0,"event_name":"Ghosts","player_choice":"Became a Ghost","floor":19.0,"gold_loss":0.0,"damage_taken":0.0,"cards_obtained":["Ghostly","Ghostly","Ghostly","Ghostly","Ghostly"]},{"cards_removed":["Defend_P"],"damage_healed":0.0,"max_hp_gain":0.0,"max_hp_loss":0.0,"gold_gain":0.0,"event_name":"Back to Basics","player_choice":"Elegance","floor":22.0,"gold_loss":0.0,"damage_taken":0.0},{"damage_healed":0.0,"max_hp_gain":0.0,"max_hp_loss":0.0,"gold_gain":0.0,"event_name":"Cursed Tome","player_choice":"Obtained Book","floor":24.0,"gold_loss":0.0,"damage_taken":16.0},{"damage_healed":0.0,"max_hp_gain":0.0,"max_hp_loss":0.0,"gold_gain":333.0,"event_name":"The Moai Head","player_choice":"Gave Idol","floor":41.0,"relics_lost":["Golden Idol"],"gold_loss":0.0,"damage_taken":0.0},{"damage_healed":0.0,"max_hp_gain":0.0,"max_hp_loss":2.0,"gold_gain":0.0,"event_name":"Winding Halls","player_choice":"Max HP","floor":42.0,"gold_loss":0.0,"damage_taken":0.0},{"damage_healed":0,"gold_gain":0,"player_choice":"Fight","damage_taken":0,"max_hp_gain":0,"max_hp_loss":0,"event_name":"Mysterious Sphere","floor":48,"gold_loss":0}],"is_beta":false,"boss_relics":[{"not_picked":["Calling Bell","Runic Pyramid"],"picked":"Busted Crown"},{"not_picked":["Velvet Choker","Coffee Dripper"],"picked":"Fusion Hammer"}],"items_purged_floors":[7,20,39],"is_endless":false,"potions_floor_spawned":[2,11,13,18,27,28,30,31,36,38,44,47,48],"ascension_level":0}}