{"host":"kfd0jpqqxt101ydt","time":1614297353,"event":{"mods":["BaseMod","Downfall","Googly Eyes","Highlight Path","Minty Spire (QoL Compilation)","StSLib"],"gold_per_floor":[111,123,135,147,171,183,221,233,245,287,299,331,369,366,397,507,819,831,861,485,499,519,519,519,519],"floor_reached":23,"language":"ENG","playtime":918,"items_purged":["bronze:Strike"],"score":197,"play_id":"d7591d02-77d3-4a48-8e43-862dd04d9c47","local_time":"20210226015553","is_ascension_mode":false,"campfire_choices":[{"data":"bronze:Replicate","floor":1,"key":"SMITH"},{"data":"bronze:OilSpill","floor":6,"key":"SMITH"},{"data":"bronze:Goto","floor":9,"key":"SMITH"},{"data":"bronze:Format","floor":18,"key":"SMITH"}],"circlet_count":0,"master_deck":["bronze:Strike+1","bronze:Strike+1","bronze:Strike+1","bronze:Defend","bronze:Defend","bronze:Defend","bronze:Defend+1","bronze:Replicate+1","bronze:Goto+1","bronze:OilSpill+1","bronze:CutThrough","bronze:Invalidate","bronze:Optimize","bronze:Deprecate","bronze:Format+1","CurseOfTheBell","bronze:Frontload+1","bronze:Boost+1","bronze:Terminator+1"],"relics":["bronze:BronzeCore","MawBank","bronze:BottledCode","Toy Ornithopter","Nunchaku","Orichalcum","Calling Bell","Pen Nib","Eternal Feather","Old Coin","Toxic Egg 2"],"acts_visited":["Exordium","TheCity"],"potions_floor_usage":[13,16],"damage_taken":[{"damage":0,"enemies":"Jaw Worm","floor":5,"turns":3},{"damage":6,"enemies":"Gremlin Nob","floor":10,"turns":3},{"damage":0,"enemies":"2 Louse","floor":12,"turns":1},{"damage":5,"enemies":"Lagavulin","floor":13,"turns":4},{"damage":2,"enemies":"downfall:FleeingMerchant","floor":14,"turns":4},{"damage":5,"enemies":"Small Slimes","floor":15,"turns":2},{"damage":8,"enemies":"WA_ARCHETYPE_RETAIN","floor":16,"turns":3},{"damage":15,"enemies":"Shell Parasite","floor":19,"turns":3},{"damage":2,"enemies":"downfall:FleeingMerchant","floor":20,"turns":4},{"damage":0,"enemies":"Chosen","floor":21,"turns":3},{"damage":15,"enemies":"Snake Plant","floor":22,"turns":4},{"damage":41,"enemies":"downfall:Augmenter","floor":23,"turns":7}],"seed_played":"-4912076066724766658","potions_obtained":[{"floor":5,"key":"Explosive Potion"},{"floor":12,"key":"PowerPotion"},{"floor":13,"key":"SteroidPotion"},{"floor":15,"key":"GamblersBrew"},{"floor":22,"key":"LiquidBronze"}],"is_trial":false,"path_per_floor":["R","?","?","?","M","R","T","?","R","E","?","M","E","$","M","B",null,"R","M","$","M","M","?"],"character_chosen":"THE_AUTOMATON","items_purchased":["Toxic Egg 2","bronze:Frontload+1"],"campfire_rested":0,"item_purchase_floors":[20,20],"current_hp_per_floor":[70,75,65,65,65,65,65,65,65,59,59,59,59,57,52,49,65,65,50,48,48,33,0,0,0],"gold":519,"neow_bonus":"RANDOM_COMMON_RELIC","is_daily":false,"chose_seed":false,"campfire_upgraded":4,"win_rate":0.0,"timestamp":1614297353,"path_taken":["R","?","?","?","M","R","T","?","R","E","?","M","E","$","M","BOSS","R","M","?","M","M","?"],"items_purchased_type":["Relic","Card"],"build_version":"2020-12-22","purchased_purges":1,"victory":false,"max_hp_per_floor":[70,75,65,65,65,65,65,65,65,65,65,65,65,65,65,65,65,65,65,65,65,65,65,65,65],"card_choices":[{"not_picked":["bronze:Fortify","bronze:MaxOutput"],"picked":"bronze:OilSpill","floor":5},{"not_picked":["bronze:ShipIt","bronze:DelayedSlice","bronze:Constructor"],"picked":"SKIP","floor":10},{"not_picked":["bronze:ShipIt","bronze:DelayedSlice","bronze:Constructor"],"picked":"SKIP","floor":10},{"not_picked":["bronze:Overload","bronze:CloningBeam"],"picked":"bronze:CutThrough","floor":12},{"not_picked":["bronze:FollowUp","bronze:BugBarrage"],"picked":"bronze:Invalidate","floor":13},{"not_picked":["bronze:Iterate","bronze:Separator"],"picked":"bronze:Optimize","floor":14},{"not_picked":["bronze:FineTuning","bronze:WildBeam"],"picked":"bronze:Deprecate","floor":15},{"not_picked":["bronze:Mutator","bronze:HardenedForm"],"picked":"bronze:Format","floor":16},{"not_picked":["bronze:BronzeArmor","bronze:WildBeam","bronze:Allocate"],"picked":"SKIP","floor":19},{"not_picked":["bronze:Overheat","bronze:ChildClass","bronze:DelayedSlice"],"picked":"SKIP","floor":20},{"not_picked":["bronze:WildBeam+1","bronze:Optimize+1"],"picked":"bronze:Boost+1","floor":21},{"not_picked":["bronze:Philosophize+1","bronze:Fortify+1"],"picked":"bronze:Terminator+1","floor":22}],"player_experience":56123,"relics_obtained":[{"floor":7,"key":"Toy Ornithopter"},{"floor":10,"key":"Nunchaku"},{"floor":13,"key":"Orichalcum"},{"floor":17,"key":"Pen Nib"},{"floor":17,"key":"Eternal Feather"},{"floor":17,"key":"Old Coin"}],"event_choices":[{"damage_healed":0,"gold_gain":0,"player_choice":"Donut","damage_taken":0,"max_hp_gain":5,"max_hp_loss":0,"event_name":"Big Fish","floor":2,"gold_loss":0},{"cards_removed":["downfall:Malfunctioning"],"damage_healed":0,"gold_gain":0,"player_choice":"Card Removal","damage_taken":0,"max_hp_gain":0,"max_hp_loss":0,"event_name":"The Cleric","floor":8,"gold_loss":0}],"is_beta":false,"boss_relics":[{"not_picked":["Tiny House","Cursed Key"],"picked":"Calling Bell"}],"items_purged_floors":[20],"is_endless":false,"potions_floor_spawned":[5,12,13,15,22],"killed_by":"downfall:Augmenter","ascension_level":0}}