{"host":"7fyy23rucerupe6i","time":1614233917,"event":{"mods":["AchievementEnabler","Act Like it!","Aspiration","BaseMod","Better Note","BetterRewards","Colored Map","Colored Powertips","Conspire","Curses Come First","Custom Start","Downfall","Googly Eyes","Marisa£®ÏF”Í°°ƒß¿Ì…≥£©","Minty Spire (QoL Compilation)","Quick Restart","Relic Stats","Shop Mod","ShortenTheSpire","Spicy Shops","StSLib","SuperFastMode","The Blackbeard","The Construct","The Cursed","The Senshi","The Servant 0.9.4"],"gold_per_floor":[109,34,65,84,84,118,132,132,132],"floor_reached":8,"language":"ZHS","playtime":314,"items_purged":["Defend_P"],"score":112,"play_id":"93cbfc67-24ef-405c-9490-b4bbcbff5bbf","local_time":"20210225141837","is_ascension_mode":true,"campfire_choices":[],"circlet_count":0,"master_deck":["AscendersBane","Strike_P","Strike_P","Strike_P","Defend_P","Defend_P","Defend_P","Eruption","Vigilance","Crescendo+1","FlurryOfBlows","EmptyBody+1","FlurryOfBlows","DeusExMachina+1"],"relics":["PureWater","Toxic Egg 2","theSenshi:FeatherClipsRelic","White Beast Statue","Damaru","Golden Idol","HornCleat"],"acts_visited":["Exordium"],"potions_floor_usage":[6,8,8],"damage_taken":[{"damage":0,"enemies":"Small Slimes","floor":1,"turns":2},{"damage":10,"enemies":"conspire:MimicChest","floor":3,"turns":4},{"damage":0,"enemies":"2 Louse","floor":4,"turns":2},{"damage":30,"enemies":"Lagavulin","floor":6,"turns":4},{"damage":0,"enemies":"Jaw Worm","floor":7,"turns":3},{"damage":3,"enemies":"Gremlin Nob","floor":8,"turns":3}],"seed_played":"5010707051335035766","potions_obtained":[{"floor":1,"key":"Fire Potion"},{"floor":3,"key":"champ:CounterPotion"},{"floor":6,"key":"Swift Potion"},{"floor":7,"key":"PowerPotion"}],"is_trial":false,"path_per_floor":["M","?","?","M","?","E","M","E"],"character_chosen":"WATCHER","items_purchased":["Toxic Egg 2","theSenshi:FeatherClipsRelic","Crescendo+1","FlurryOfBlows","White Beast Statue"],"campfire_rested":0,"item_purchase_floors":[0,0,0,0,0],"current_hp_per_floor":[36,36,32,38,38,14,20,17,17],"gold":132,"neow_bonus":"","is_daily":false,"chose_seed":false,"campfire_upgraded":0,"win_rate":0.0,"timestamp":1614233917,"path_taken":["M","?","?","M","?","E","M","E"],"items_purchased_type":["Relic","Relic","Card","Card","Relic"],"build_version":"2020-12-22","purchased_purges":1,"victory":false,"max_hp_per_floor":[68,68,68,68,62,62,62,62,62],"relic_stats":{"counters":[18,62],"Golden Idol":10,"obtain_stats":[{"Potion Belt":9,"aspiration:Lifesprig":0,"bronze:DonusWashers":0,"Golden Idol":5,"Damaru":0,"theSenshi:FeatherClipsRelic":0,"Boot":11,"White Beast Statue":9,"Centennial Puzzle":13,"Matryoshka":0,"HornCleat":6,"Bronze Scales":0,"Coffee Dripper":17,"Bag of Marbles":0,"PureWater":0,"Toxic Egg 2":0},{"Potion Belt":3,"aspiration:Lifesprig":0,"bronze:DonusWashers":0,"Golden Idol":15,"Damaru":0,"theSenshi:FeatherClipsRelic":12,"Boot":5,"White Beast Statue":3,"Centennial Puzzle":7,"Matryoshka":0,"HornCleat":16,"Bronze Scales":12,"Coffee Dripper":9,"Bag of Marbles":12,"PureWater":0,"Toxic Egg 2":12},{"Potion Belt":12,"aspiration:Lifesprig":0,"bronze:DonusWashers":0,"Golden Idol":52,"Damaru":0,"theSenshi:FeatherClipsRelic":44,"Boot":20,"White Beast Statue":12,"Centennial Puzzle":26,"Matryoshka":0,"HornCleat":56,"Bronze Scales":44,"Coffee Dripper":38,"Bag of Marbles":44,"PureWater":0,"Toxic Egg 2":44}]},"card_choices":[{"not_picked":["WindmillStrike","DeceiveReality+1","EmptyFist"],"picked":"SKIP","floor":1},{"not_picked":["FollowUp","FlurryOfBlows"],"picked":"EmptyBody+1","floor":3},{"not_picked":["Protect+1","Consecrate"],"picked":"FlurryOfBlows","floor":4},{"not_picked":["Indignation+1","FearNoEvil"],"picked":"DeusExMachina+1","floor":6},{"not_picked":["Wireheading","CutThroughFate","PathToVictory+1"],"picked":"SKIP","floor":7}],"player_experience":609113,"relics_obtained":[{"floor":3,"key":"Damaru"},{"floor":6,"key":"HornCleat"}],"event_choices":[{"cards_removed":["Strike_P"],"damage_healed":0,"gold_gain":0,"player_choice":"Card Removal","damage_taken":0,"max_hp_gain":0,"max_hp_loss":0,"event_name":"The Cleric","floor":2,"gold_loss":75},{"damage_healed":0,"gold_gain":0,"player_choice":"Lose Max HP","damage_taken":0,"relics_obtained":["Golden Idol"],"max_hp_gain":0,"max_hp_loss":6,"event_name":"Golden Idol","floor":5,"gold_loss":0}],"is_beta":false,"boss_relics":[],"items_purged_floors":[0],"is_endless":false,"potions_floor_spawned":[1,3,4,6,7],"killed_by":"Gremlin Nob","ascension_level":20}}