{"host":"kpcx2wrn7eq3nf7c","time":1614279936,"event":{"mods":["100% Spire Juice","Act Like it!","BaseMod","CapriCore","Downfall","Friendly Minions","Gensokyo","Marisa£®ÏF”Í°°ƒß¿Ì…≥£©","Minty Spire (QoL Compilation)","Robot Space Explorer","StSLib","The Animator","The Immortal","The Marked","The Servant 0.9.4","Together in Spire","Waifu the Spire","Youmu£®ªÍ∆«—˝√Œ£©"],"gold_per_floor":[99,119,137,237,67,67,138,38,38,72,172,186,205,33,48,146,146,146,164,164,264,264,2,83,100,0,0,27,27,61,71,87,187,237,237,249,261,273,326,326,407,426,426,452,452,452,487,505,521,521,521,521],"floor_reached":50,"language":"ZHS","playtime":3705,"items_purged":["Regret","bronze:Strike"],"score":715,"play_id":"570e65de-1a9b-4abc-82e3-a524a8cc83c0","local_time":"20210226030536","is_ascension_mode":true,"campfire_choices":[{"floor":1,"key":"RECALL"},{"data":"bronze:Repulsor","floor":6,"key":"SMITH"},{"data":"bronze:ItsAFeature","floor":8,"key":"SMITH"},{"data":"bronze:AlphaBuild","floor":18,"key":"SMITH"},{"floor":26,"key":"DIG"},{"data":"bronze:Repulsor","floor":29,"key":"SMITH"},{"floor":35,"key":"DIG"},{"floor":40,"key":"DIG"},{"floor":46,"key":"DIG"}],"circlet_count":0,"master_deck":["bronze:Strike","bronze:Defend","bronze:Defend","bronze:Defend+1","bronze:Defend","bronze:Replicate","bronze:Goto+1","bronze:AlphaBuild+1","bronze:GetLatest+1","bronze:ItsAFeature+1","downfall:Haunted","downfall:Haunted","Parasite","bronze:Break","bronze:ChosenStrike","bronze:Repulsor+1","bronze:Verify","bronze:ChosenStrike","bronze:FineTuning+1","bronze:Verify","CurseOfTheBell","bronze:Repair+1","bronze:Backtrace","bronze:Repulsor+1","bronze:FollowUp","bronze:Optimize","bronze:Virus","bronze:Shell+1","bronze:Turbo+1","bronze:Shell+1","bronze:MaxOutput","bronze:ForceShield+1","bronze:Repulsor","bronze:DelayedGuard","bronze:Format"],"relics":["bronze:BronzeCore","Darkstone Periapt","Meat on the Bone","downfall:HeartBlessingRed","Unceasing Top","War Paint","Calling Bell","Strawberry","Mummified Hand","Bird Faced Urn","Gensokyo:ChorusOfJoy","Shovel","Gambling Chip","Vajra","downfall:HeartBlessingBlue","Dream Catcher","Question Card","Potion Belt","Tiny House","bronze:SilverBullet","CaptainsWheel","Ginger","Gremlin Horn","StrikeDummy","Blood Vial","Pantograph","Toy Ornithopter"],"acts_visited":["Exordium","Gensokyo:Gensokyoer","TheBeyond"],"potions_floor_usage":[28,28,30,33,39,48],"damage_taken":[{"damage":2,"enemies":"2 Louse","floor":2,"turns":2},{"damage":8,"enemies":"Small Slimes","floor":3,"turns":2},{"damage":3,"enemies":"downfall:FleeingMerchant","floor":5,"turns":4},{"damage":16,"enemies":"Gremlin Nob","floor":10,"turns":3},{"damage":16,"enemies":"downfall:Heads","floor":11,"turns":4},{"damage":6,"enemies":"Jaw Worm","floor":12,"turns":3},{"damage":5,"enemies":"Exordium Thugs","floor":13,"turns":4},{"damage":5,"enemies":"downfall:FleeingMerchant","floor":14,"turns":4},{"damage":10,"enemies":"downfall:LooterAlt","floor":15,"turns":2},{"damage":40,"enemies":"IC_STATUS_ARCHETYPE","floor":16,"turns":9},{"damage":0,"enemies":"Gensokyo:Chomper","floor":19,"turns":3},{"damage":17,"enemies":"Gensokyo:Chomper","floor":21,"turns":7},{"damage":14,"enemies":"downfall:FleeingMerchant","floor":23,"turns":4},{"damage":5,"enemies":"Gensokyo:AngelMirror","floor":25,"turns":1},{"damage":43,"enemies":"Gensokyo:Koishi","floor":28,"turns":6},{"damage":24,"enemies":"Gensokyo:Reisen","floor":30,"turns":7},{"damage":31,"enemies":"Gensokyo:Slime_Group","floor":31,"turns":5},{"damage":50,"enemies":"Gensokyo:Wraith","floor":32,"turns":6},{"damage":44,"enemies":"SI_MIRROR_ARCHETYPE","floor":33,"turns":9},{"damage":60,"enemies":"3 Darklings","floor":36,"turns":4},{"damage":0,"enemies":"3 Shapes","floor":37,"turns":2},{"damage":4,"enemies":"Jaw Worm Horde","floor":38,"turns":2},{"damage":18,"enemies":"2 Orb Walkers","floor":39,"turns":3},{"damage":18,"enemies":"4 Shapes","floor":42,"turns":3},{"damage":72,"enemies":"Giant Head","floor":44,"turns":9},{"damage":29,"enemies":"Reptomancer","floor":47,"turns":7},{"damage":10,"enemies":"3 Darklings","floor":48,"turns":4},{"damage":5,"enemies":"Sphere and 2 Shapes","floor":49,"turns":3},{"damage":135,"enemies":"WA_ARCHETYPE_DIVINITY","floor":50,"turns":5}],"seed_played":"-6225259920349825444","potions_obtained":[{"floor":2,"key":"champ:CounterPotion"},{"floor":10,"key":"SmokeBomb"},{"floor":11,"key":"champ:CounterPotion"},{"floor":15,"key":"Ancient Potion"},{"floor":16,"key":"Explosive Potion"},{"floor":21,"key":"PowerPotion"},{"floor":30,"key":"Energy Potion"},{"floor":31,"key":"EssenceOfSteel"},{"floor":34,"key":"SpeedPotion"},{"floor":36,"key":"SpeedPotion"},{"floor":39,"key":"Fruit Juice"},{"floor":44,"key":"bronze:FreeFunctionsPotion"},{"floor":47,"key":"ColorlessPotion"}],"is_trial":false,"path_per_floor":["R","M","M","?","$","R","T","R","?","E","?","M","M","$","M","B",null,"R","M","?","?","?","$","T","M","R","COS","E","R","E","M","M","B",null,"R","M","M","M","?","R","T","M","?","E","?","R","E","M","M","B"],"character_chosen":"THE_AUTOMATON","items_purchased":["bronze:Repulsor","War Paint","Vajra"],"campfire_rested":0,"item_purchase_floors":[5,14,23],"current_hp_per_floor":[70,68,60,95,92,92,92,92,97,81,65,59,66,61,63,35,123,123,123,123,108,108,108,108,105,115,115,94,94,78,77,58,36,138,138,94,100,100,91,91,91,91,91,55,55,55,54,73,78,0,0,0],"gold":521,"neow_bonus":"TRANSFORM_CARD","is_daily":false,"chose_seed":false,"campfire_upgraded":4,"win_rate":0.0,"timestamp":1614279936,"path_taken":["R","M","M","?","$","R","T","R","?","E","?","M","?","?","M","BOSS","R","M","?","?","?","?","T","M","R","COS","E","R","E","?","M","BOSS","R","M","M","M","?","R","T","M","?","E","?","R","E","M","M","BOSS"],"items_purchased_type":["Card","Relic","Relic"],"build_version":"2020-12-22","purchased_purges":2,"victory":false,"max_hp_per_floor":[70,70,70,105,105,105,105,105,110,110,110,110,110,110,110,110,123,123,123,123,123,123,123,123,123,133,133,133,133,133,133,133,133,138,138,138,138,138,143,143,143,143,143,143,143,143,143,143,143,143,143,143],"card_choices":[{"not_picked":["bronze:Safeguard","bronze:OilSpill"],"picked":"bronze:GetLatest","floor":2},{"not_picked":["bronze:Allocate","bronze:Turbo"],"picked":"bronze:ItsAFeature","floor":3},{"not_picked":["bronze:Overheat","bronze:FineTuning"],"picked":"bronze:ChosenStrike","floor":5},{"not_picked":["bronze:Fortify","bronze:Return"],"picked":"bronze:ChildClass","floor":10},{"not_picked":["bronze:ForLoop","bronze:BugBarrage","bronze:Fortify"],"picked":"SKIP","floor":12},{"not_picked":["bronze:Branch","bronze:Turbo"],"picked":"bronze:ChosenStrike","floor":13},{"not_picked":["bronze:Terminator","bronze:DelayedGuard"],"picked":"bronze:FineTuning","floor":14},{"not_picked":["bronze:Branch","bronze:Deprecate","bronze:WildBeam"],"picked":"SKIP","floor":15},{"not_picked":["bronze:ThunderWave","bronze:BurnOut"],"picked":"bronze:Verify","floor":16},{"not_picked":["bronze:WhirlingStrike","bronze:BitShift"],"picked":"bronze:Repair+1","floor":19},{"not_picked":["bronze:Deprecate","bronze:Flail"],"picked":"bronze:Backtrace","floor":21},{"not_picked":["bronze:Backtrace","bronze:NullPointer+1","bronze:Flail+1"],"picked":"SKIP","floor":23},{"not_picked":["bronze:Turbo","bronze:CloningBeam"],"picked":"bronze:Repulsor","floor":25},{"not_picked":["bronze:Turbo","bronze:Constructor","bronze:BuggyMess"],"picked":"SKIP","floor":28},{"not_picked":["bronze:Overheat","bronze:Branch","bronze:Safeguard"],"picked":"bronze:FollowUp","floor":30},{"not_picked":["bronze:Constructor","bronze:Turbo","bronze:Invalidate","bronze:BitShift"],"picked":"SKIP","floor":31},{"not_picked":["bronze:WildBeam","bronze:Constructor+1","bronze:FineTuning"],"picked":"bronze:Optimize","floor":32},{"not_picked":["bronze:Verify","bronze:FindAndReplace","bronze:ShipIt"],"picked":"bronze:Virus","floor":33},{"not_picked":["bronze:DigitalCarnage","bronze:ClassDefault","bronze:Invalidate+1"],"picked":"bronze:Shell+1","floor":36},{"not_picked":["bronze:Iterate+1","bronze:CloningBeam","bronze:Backtrace"],"picked":"bronze:Turbo+1","floor":37},{"not_picked":["bronze:FindAndReplace","bronze:Deprecate+1","bronze:Allocate+1"],"picked":"bronze:Shell+1","floor":38},{"not_picked":["bronze:Separator+1","bronze:Frontload+1","bronze:Iterate"],"picked":"bronze:MaxOutput","floor":42},{"not_picked":["bronze:DigitalCarnage","bronze:Invalidate","bronze:AlphaBuild"],"picked":"bronze:ForceShield+1","floor":44},{"not_picked":["bronze:Invalidate","bronze:Separator+1","bronze:Overheat"],"picked":"bronze:Repulsor","floor":47},{"not_picked":["bronze:Invalidate+1","bronze:CutThrough","bronze:Constructor+1"],"picked":"bronze:DelayedGuard","floor":48},{"not_picked":["bronze:DelayedSlice+1","bronze:Shield+1","bronze:BuggyMess+1"],"picked":"bronze:Format","floor":49}],"player_experience":1280394,"relics_obtained":[{"floor":7,"key":"Meat on the Bone"},{"floor":10,"key":"Unceasing Top"},{"floor":17,"key":"Strawberry"},{"floor":17,"key":"Mummified Hand"},{"floor":17,"key":"Bird Faced Urn"},{"floor":21,"key":"Shovel"},{"floor":21,"key":"Gambling Chip"},{"floor":26,"key":"Dream Catcher"},{"floor":28,"key":"Question Card"},{"floor":30,"key":"Potion Belt"},{"floor":35,"key":"bronze:SilverBullet"},{"floor":39,"key":"CaptainsWheel"},{"floor":40,"key":"Ginger"},{"floor":41,"key":"Gremlin Horn"},{"floor":43,"key":"StrikeDummy"},{"floor":44,"key":"Blood Vial"},{"floor":46,"key":"Pantograph"},{"floor":47,"key":"Toy Ornithopter"}],"event_choices":[{"damage_healed":0,"gold_gain":0,"player_choice":"Donut","damage_taken":0,"max_hp_gain":5,"max_hp_loss":0,"event_name":"Big Fish","floor":9,"gold_loss":0},{"damage_healed":0,"gold_gain":0,"player_choice":"Fight","damage_taken":0,"max_hp_gain":0,"max_hp_loss":0,"event_name":"Mysterious Sphere","floor":39,"gold_loss":0},{"cards_removed":["bronze:ChildClass"],"damage_healed":0,"gold_gain":0,"player_choice":"Removed Skill","damage_taken":0,"max_hp_gain":0,"max_hp_loss":0,"event_name":"Falling","floor":45,"gold_loss":0}],"is_beta":false,"boss_relics":[{"not_picked":["Runic Dome","Cursed Key"],"picked":"Calling Bell"},{"not_picked":["SacredBark","Philosopher\u0027s Stone"],"picked":"Tiny House"}],"items_purged_floors":[5,23],"is_endless":false,"potions_floor_spawned":[2,10,11,15,16,19,21,30,31,36,39,44,47],"killed_by":"WA_ARCHETYPE_DIVINITY","ascension_level":1}}