{"host":"e7sl0pd4xxdbbdh2","time":1614222601,"event":{"mods":["AchievementEnabler","BaseMod","Colored Map","Colored Powertips","Minty Spire (QoL Compilation)","StSLib"],"gold_per_floor":[115,38,38,38,58,58,83,99,99,99,125,125,137,163,163,239,239,251,194,211,126,51,51,71,102,102,102,115,115,31,50,50,124,124,142,156,207,225,225,225,79,92,92,124,124,124,153,178,178,178,178,178,178,7,7,7],"floor_reached":55,"language":"SPA","playtime":4428,"items_purged":["Strike_G","Infinite Blades"],"score":1872,"play_id":"b68db082-727a-471a-99a4-2ce8ad2a5a3f","local_time":"20210225001001","is_ascension_mode":true,"campfire_choices":[{"floor":6.0,"key":"RECALL"},{"floor":10.0,"key":"REST"},{"floor":12.0,"key":"REST"},{"floor":15.0,"key":"REST"},{"floor":23.0,"key":"REST"},{"floor":27.0,"key":"REST"},{"floor":32.0,"key":"REST"},{"floor":40.0,"key":"REST"},{"floor":46.0,"key":"REST"},{"floor":49.0,"key":"REST"},{"floor":53.0,"key":"REST"}],"circlet_count":0,"master_deck":["AscendersBane","Strike_G","Strike_G","Strike_G","Defend_G","Defend_G","Defend_G","Defend_G","Defend_G","Survivor","Neutralize+1","Eviscerate","Caltrops","Riddle With Holes+1","Sucker Punch+1","Backflip","Predator+1","Footwork","Malaise+1","CurseOfTheBell","Well Laid Plans+1","Dagger Throw+1","Die Die Die+1","PiercingWail","Noxious Fumes","Acrobatics","Adrenaline","Dash+1","Dash+1","PiercingWail","Terror","Footwork","Blade Dance","Dodge and Roll","Acrobatics+1","PiercingWail+1","Dodge and Roll","PiercingWail","Terror"],"relics":["Fusion Hammer","Molten Egg 2","Shuriken","Question Card","Dream Catcher","Calling Bell","Toy Ornithopter","Eternal Feather","StoneCalendar","The Courier","Bag of Marbles","Bottled Flame","Bottled Lightning","Velvet Choker","Ginger","Pantograph","Regal Pillow","Torii"],"acts_visited":["Exordium","TheCity","TheBeyond","TheEnding"],"potions_floor_usage":[55,55],"damage_taken":[{"damage":2.0,"enemies":"Jaw Worm","floor":1.0,"turns":5.0},{"damage":1.0,"enemies":"Small Slimes","floor":5.0,"turns":3.0},{"damage":26.0,"enemies":"Gremlin Nob","floor":7.0,"turns":4.0},{"damage":0.0,"enemies":"Cultist","floor":8.0,"turns":3.0},{"damage":15.0,"enemies":"Lagavulin","floor":11.0,"turns":6.0},{"damage":9.0,"enemies":"Blue Slaver","floor":13.0,"turns":3.0},{"damage":20.0,"enemies":"3 Sentries","floor":14.0,"turns":8.0},{"damage":9.0,"enemies":"Hexaghost","floor":16.0,"turns":6.0},{"damage":15.0,"enemies":"3 Byrds","floor":18.0,"turns":5.0},{"damage":23.0,"enemies":"Spheric Guardian","floor":20.0,"turns":7.0},{"damage":1.0,"enemies":"Centurion and Healer","floor":24.0,"turns":5.0},{"damage":43.0,"enemies":"Gremlin Leader","floor":25.0,"turns":8.0},{"damage":22.0,"enemies":"Cultist and Chosen","floor":28.0,"turns":7.0},{"damage":34.0,"enemies":"Snecko","floor":31.0,"turns":6.0},{"damage":41.0,"enemies":"Champ","floor":33.0,"turns":14.0},{"damage":9.0,"enemies":"3 Shapes","floor":35.0,"turns":7.0},{"damage":15.0,"enemies":"3 Darklings","floor":36.0,"turns":6.0},{"damage":20.0,"enemies":"2 Orb Walkers","floor":37.0,"turns":5.0},{"damage":5.0,"enemies":"Writhing Mass","floor":38.0,"turns":8.0},{"damage":6.0,"enemies":"Jaw Worm Horde","floor":42.0,"turns":3.0},{"damage":16.0,"enemies":"Nemesis","floor":44.0,"turns":9.0},{"damage":31.0,"enemies":"Reptomancer","floor":47.0,"turns":7.0},{"damage":0.0,"enemies":"Mind Bloom Boss Battle","floor":48.0,"turns":8.0},{"damage":23.0,"enemies":"Time Eater","floor":50.0,"turns":15.0},{"damage":25.0,"enemies":"Donu and Deca","floor":51.0,"turns":14.0},{"damage":31,"enemies":"Shield and Spear","floor":55,"turns":3}],"seed_played":"2685727201673177476","potions_obtained":[{"floor":1.0,"key":"FearPotion"},{"floor":11.0,"key":"PowerPotion"},{"floor":13.0,"key":"DistilledChaos"},{"floor":20.0,"key":"AttackPotion"},{"floor":24.0,"key":"Regen Potion"},{"floor":28.0,"key":"BlessingOfTheForge"},{"floor":36.0,"key":"CultistPotion"},{"floor":37.0,"key":"Fire Potion"},{"floor":44.0,"key":"Explosive Potion"},{"floor":47.0,"key":"PowerPotion"}],"is_trial":false,"path_per_floor":["M","$","?","?","M","R","E","M","T","R","E","R","M","E","R","B",null,"M","?","M","?","?","R","M","E","T","R","M","?","$","M","R","B",null,"M","M","?","M","?","R","$","M","T","E","?","R","E","?","R","B","B",null,"R","$","E"],"character_chosen":"THE_SILENT","items_purchased":["Infinite Blades","Noxious Fumes","Acrobatics","Footwork","Blade Dance","PowerPotion","FearPotion"],"campfire_rested":10,"item_purchase_floors":[2,30,30,41,41,54,54],"current_hp_per_floor":[57,57,57,57,56,56,30,30,30,49,34,53,44,24,43,34,58,43,43,20,20,20,51,50,32,32,66,44,44,44,10,44,3,50,41,26,11,6,6,43,43,42,42,26,26,63,37,62,63,40,38,57,63,63,33,33],"gold":7,"neow_bonus":"BOSS_RELIC","is_daily":false,"chose_seed":false,"campfire_upgraded":0,"win_rate":0.0,"timestamp":1614222601,"path_taken":["M","$","?","?","M","R","E","?","T","R","E","R","M","E","R","BOSS","M","?","?","?","?","R","M","E","T","R","M","?","$","?","R","BOSS","M","M","?","M","?","R","$","M","T","E","?","R","E","?","R","BOSS","BOSS","R","$","E"],"items_purchased_type":["Card","Card","Card","Card","Card","Potion","Potion"],"build_version":"2020-12-22","purchased_purges":2,"victory":false,"max_hp_per_floor":[66,66,66,66,66,66,66,66,66,66,66,66,66,66,66,66,66,66,66,66,66,66,66,66,66,66,66,66,66,66,66,66,66,66,66,66,66,66,66,66,66,66,66,66,63,63,63,63,63,63,63,63,63,63,63,63],"card_choices":[{"not_picked":["Caltrops","Dagger Spray"],"picked":"Eviscerate","floor":1.0},{"not_picked":["Sucker Punch","Expertise"],"picked":"Caltrops","floor":5.0},{"not_picked":["Noxious Fumes","Poisoned Stab+1"],"picked":"Riddle With Holes+1","floor":7.0},{"not_picked":["Slice+1","Dodge and Roll"],"picked":"Sucker Punch+1","floor":8.0},{"not_picked":["Distraction","Outmaneuver","All Out Attack+1"],"picked":"SKIP","floor":11.0},{"not_picked":["Deadly Poison","Masterful Stab+1","Underhanded Strike+1"],"picked":"Backflip","floor":13.0},{"not_picked":["Eviscerate+1","PiercingWail","Bane+1"],"picked":"Predator+1","floor":14.0},{"not_picked":["Quick Slash+1","Blur","Slice+1"],"picked":"Footwork","floor":15.0},{"not_picked":["Envenom","Glass Knife+1","Unload+1"],"picked":"Malaise","floor":16.0},{"not_picked":["Poisoned Stab+1","Dodge and Roll","Catalyst","Sucker Punch+1"],"picked":"SKIP","floor":18.0},{"not_picked":["Reflex+1","PiercingWail","Terror"],"picked":"Well Laid Plans+1","floor":20.0},{"not_picked":["Flying Knee+1","Catalyst+1","Quick Slash+1"],"picked":"Dagger Throw+1","floor":24.0},{"not_picked":["Prepared","Slice+1","Accuracy+1"],"picked":"Die Die Die+1","floor":25.0},{"not_picked":["Distraction","Underhanded Strike+1","Quick Slash+1"],"picked":"PiercingWail","floor":28.0},{"not_picked":["Distraction","Expertise","Prepared","Dagger Throw+1"],"picked":"SKIP","floor":31.0},{"not_picked":["Envenom","Burst","A Thousand Cuts"],"picked":"Adrenaline","floor":33.0},{"not_picked":["Slice+1","Choke+1","Bane+1"],"picked":"Dash+1","floor":35.0},{"not_picked":["Setup","Bouncing Flask+1","Outmaneuver"],"picked":"Dash+1","floor":36.0},{"not_picked":["Dagger Spray+1","Outmaneuver","Dagger Throw+1"],"picked":"PiercingWail","floor":37.0},{"not_picked":["Dagger Spray+1","Choke+1","Deadly Poison+1","Deflect"],"picked":"SKIP","floor":38.0},{"not_picked":["Doppelganger","Prepared","Dagger Throw+1"],"picked":"Terror","floor":40.0},{"not_picked":["Deadly Poison","Blade Dance","Accuracy","Finisher+1"],"picked":"SKIP","floor":42.0},{"not_picked":["Acrobatics+1","Die Die Die+1","Masterful Stab+1"],"picked":"Dodge and Roll","floor":44.0},{"not_picked":["Prepared","Quick Slash+1","Flying Knee+1"],"picked":"Acrobatics+1","floor":46.0},{"not_picked":["Backflip","Glass Knife+1","Blade Dance"],"picked":"PiercingWail+1","floor":47.0},{"not_picked":["Dagger Spray+1","Quick Slash+1","Finisher+1"],"picked":"Dodge and Roll","floor":48.0},{"not_picked":["Poisoned Stab+1","Underhanded Strike+1","Skewer+1"],"picked":"PiercingWail","floor":49.0},{"not_picked":["Acrobatics","Well Laid Plans+1","Sucker Punch+1"],"picked":"Terror","floor":53.0}],"player_experience":1695974,"relics_obtained":[{"floor":7.0,"key":"Molten Egg 2"},{"floor":9.0,"key":"Shuriken"},{"floor":11.0,"key":"Question Card"},{"floor":14.0,"key":"Dream Catcher"},{"floor":17.0,"key":"Toy Ornithopter"},{"floor":17.0,"key":"Eternal Feather"},{"floor":17.0,"key":"StoneCalendar"},{"floor":25.0,"key":"Bottled Flame"},{"floor":26.0,"key":"Bottled Lightning"},{"floor":37.0,"key":"Ginger"},{"floor":44.0,"key":"Pantograph"},{"floor":47.0,"key":"Regal Pillow"},{"floor":48.0,"key":"Torii"}],"event_choices":[{"damage_healed":0.0,"max_hp_gain":0.0,"max_hp_loss":0.0,"gold_gain":0.0,"event_name":"Liars Game","player_choice":"Ignored","floor":3.0,"gold_loss":0.0,"damage_taken":0.0},{"damage_healed":0.0,"max_hp_gain":0.0,"max_hp_loss":0.0,"gold_gain":0.0,"event_name":"Accursed Blacksmith","player_choice":"Forge","floor":4.0,"gold_loss":0.0,"damage_taken":0.0,"cards_upgraded":["Neutralize"]},{"damage_healed":0.0,"max_hp_gain":0.0,"max_hp_loss":0.0,"gold_gain":0.0,"event_name":"WeMeetAgain","player_choice":"Paid Gold","floor":19.0,"gold_loss":57.0,"damage_taken":0.0,"relics_obtained":["The Courier"]},{"damage_healed":0.0,"max_hp_gain":0.0,"max_hp_loss":0.0,"gold_gain":0.0,"event_name":"Addict","player_choice":"Obtained Relic","floor":21.0,"gold_loss":85.0,"damage_taken":0.0,"relics_obtained":["Bag of Marbles"]},{"cards_removed":["Strike_G"],"damage_healed":0.0,"max_hp_gain":0.0,"max_hp_loss":0.0,"gold_gain":0.0,"event_name":"Beggar","player_choice":"Gave Gold","floor":22.0,"gold_loss":75.0,"damage_taken":0.0},{"damage_healed":0.0,"max_hp_gain":0.0,"max_hp_loss":0.0,"gold_gain":0.0,"event_name":"Upgrade Shrine","player_choice":"Upgraded","floor":29.0,"gold_loss":0.0,"damage_taken":0.0,"cards_upgraded":["Malaise"]},{"damage_healed":0.0,"max_hp_gain":0.0,"max_hp_loss":0.0,"gold_gain":0.0,"event_name":"Mysterious Sphere","player_choice":"Fight","floor":37.0,"gold_loss":0.0,"damage_taken":0.0},{"damage_healed":0.0,"max_hp_gain":0.0,"max_hp_loss":0.0,"gold_gain":0.0,"event_name":"The Moai Head","player_choice":"Ignored","floor":39.0,"gold_loss":0.0,"damage_taken":0.0},{"damage_healed":0.0,"max_hp_gain":0.0,"max_hp_loss":3.0,"gold_gain":0.0,"event_name":"Winding Halls","player_choice":"Max HP","floor":45.0,"gold_loss":0.0,"damage_taken":0.0},{"damage_healed":0.0,"max_hp_gain":0.0,"max_hp_loss":0.0,"gold_gain":0.0,"event_name":"MindBloom","player_choice":"Fight","floor":48.0,"gold_loss":0.0,"damage_taken":0.0}],"is_beta":false,"boss_relics":[{"not_picked":["Runic Dome","WristBlade"],"picked":"Calling Bell"},{"not_picked":["HoveringKite","Tiny House"],"picked":"Velvet Choker"}],"items_purged_floors":[41,54],"is_endless":false,"potions_floor_spawned":[1,11,13,14,20,24,28,36,37,44,47],"killed_by":"Shield and Spear","ascension_level":20}}