{"host":"lvf3ywlo9ittp3f6","time":1614296427,"event":{"mods":["AchievementEnabler","BaseMod","Better Third Choice","Block Reminder","Colored Map","Colored Powertips","Highlight Path","Minty Spire (QoL Compilation)","Permanent Neow","Rare Cards Sparkle","Relic Stats","StSLib","Synergy Search"],"gold_per_floor":[116,132,132,143,158,158,184,184,184,184,199,230,244,259,259,356,356,371,371,389,308,328,355,355,383,410,440,455,455,455,481,481,580,580,598,523,523,539,549,575,575,605,605,621,621,635,664,684,684,684,684,684,81,109,109],"floor_reached":56,"language":"ENG","playtime":6802,"items_purged":["Writhe","Parasite"],"score":2125,"play_id":"c87ffc20-c136-4ad0-a9f0-bcf08b594fe7","local_time":"20210226024027","is_ascension_mode":true,"campfire_choices":[{"data":"The Bomb","floor":6.0,"key":"SMITH"},{"data":"Armaments","floor":8.0,"key":"SMITH"},{"data":"Shrug It Off","floor":10.0,"key":"SMITH"},{"data":"True Grit","floor":15.0,"key":"SMITH"},{"data":"Havoc","floor":24.0,"key":"SMITH"},{"data":"Dark Embrace","floor":30.0,"key":"SMITH"},{"data":"Barricade","floor":32.0,"key":"SMITH"},{"floor":45,"key":"RECALL"},{"data":"Warcry","floor":49,"key":"SMITH"},{"data":"Entrench","floor":52,"key":"SMITH"}],"circlet_count":0,"master_deck":["Strike_R","Strike_R+1","Strike_R","Strike_R","Strike_R+1","Defend_R","Defend_R","Defend_R","Defend_R","Bash","The Bomb+1","Shrug It Off+1","Armaments+1","Headbutt","True Grit+1","Shrug It Off","Barricade+1","CurseOfTheBell","Havoc+1","Ghostly","Ghostly","Ghostly","Ghostly","Ghostly","Disarm","Metallicize","Disarm+1","Dark Embrace+1","Burning Pact+1","Warcry+1","Warcry+1","Entrench+1","Metallicize","Entrench","Entrench+1","Dark Embrace+1","Body Slam"],"relics":["Burning Blood","FossilizedHelix","Thread and Needle","CaptainsWheel","Calling Bell","Toy Ornithopter","Eternal Feather","StoneCalendar","Art of War","Blood Vial","Dream Catcher","Tiny Chest","PreservedInsect","Coffee Dripper","White Beast Statue","HornCleat","Sundial","Bag of Preparation","Shuriken","Letter Opener","Vajra"],"acts_visited":["Exordium","TheCity","TheBeyond","TheEnding"],"potions_floor_usage":[38,40,44,47,55,55],"damage_taken":[{"damage":6.0,"enemies":"Cultist","floor":1.0,"turns":3.0},{"damage":10.0,"enemies":"2 Louse","floor":2.0,"turns":3.0},{"damage":0.0,"enemies":"Small Slimes","floor":4.0,"turns":3.0},{"damage":12.0,"enemies":"Looter","floor":5.0,"turns":4.0},{"damage":12.0,"enemies":"3 Sentries","floor":7.0,"turns":3.0},{"damage":0.0,"enemies":"2 Fungi Beasts","floor":11.0,"turns":3.0},{"damage":0.0,"enemies":"Gremlin Nob","floor":12.0,"turns":3.0},{"damage":0.0,"enemies":"Red Slaver","floor":13.0,"turns":3.0},{"damage":10.0,"enemies":"Lots of Slimes","floor":14.0,"turns":3.0},{"damage":0.0,"enemies":"Slime Boss","floor":16.0,"turns":8.0},{"damage":0.0,"enemies":"Chosen","floor":18.0,"turns":5.0},{"damage":0.0,"enemies":"Spheric Guardian","floor":20.0,"turns":7.0},{"damage":0.0,"enemies":"Snecko","floor":22.0,"turns":7.0},{"damage":0.0,"enemies":"Gremlin Leader","floor":23.0,"turns":9.0},{"damage":19.0,"enemies":"Slavers","floor":25.0,"turns":6.0},{"damage":0.0,"enemies":"Gremlin Leader","floor":27.0,"turns":8.0},{"damage":0.0,"enemies":"Chosen and Byrds","floor":28.0,"turns":8.0},{"damage":19.0,"enemies":"Slavers","floor":31.0,"turns":6.0},{"damage":0,"enemies":"Champ","floor":33,"turns":16},{"damage":0,"enemies":"3 Darklings","floor":35,"turns":7},{"damage":0,"enemies":"3 Shapes","floor":38,"turns":4},{"damage":0,"enemies":"Maw","floor":39,"turns":13},{"damage":0,"enemies":"Nemesis","floor":40,"turns":11},{"damage":0,"enemies":"Giant Head","floor":42,"turns":15},{"damage":0,"enemies":"Writhing Mass","floor":44,"turns":15},{"damage":0,"enemies":"Sphere and 2 Shapes","floor":46,"turns":9},{"damage":0,"enemies":"Reptomancer","floor":47,"turns":10},{"damage":0,"enemies":"Transient","floor":48,"turns":5},{"damage":0,"enemies":"Donu and Deca","floor":50,"turns":11},{"damage":0,"enemies":"Shield and Spear","floor":54,"turns":9},{"damage":0,"enemies":"The Heart","floor":55,"turns":9}],"seed_played":"-7667789236298291115","potions_obtained":[{"floor":1.0,"key":"Swift Potion"},{"floor":4.0,"key":"SteroidPotion"},{"floor":12.0,"key":"Energy Potion"},{"floor":13.0,"key":"SpeedPotion"},{"floor":14.0,"key":"PowerPotion"},{"floor":18.0,"key":"DistilledChaos"},{"floor":23.0,"key":"SpeedPotion"},{"floor":27.0,"key":"PowerPotion"},{"floor":31.0,"key":"GamblersBrew"},{"floor":35,"key":"ColorlessPotion"},{"floor":40,"key":"DuplicationPotion"},{"floor":41,"key":"DuplicationPotion"},{"floor":41,"key":"LiquidBronze"},{"floor":42,"key":"SneckoOil"},{"floor":44,"key":"AttackPotion"},{"floor":47,"key":"BlessingOfTheForge"}],"is_trial":false,"path_per_floor":["M","M","?","M","M","R","E","R","T","R","M","E","M","M","R","B",null,"M","?","M","$","M","E","R","E","T","E","M","?","R","E","R","B",null,"M","$","?","M","M","E","?","E","T","M","R","M","E","M","R","B",null,"R","$","E","B",null],"character_chosen":"IRONCLAD","items_purchased":["Metallicize","Shuriken","Letter Opener"],"campfire_rested":0,"item_purchase_floors":[21,53,53],"current_hp_per_floor":[51,47,31,37,31,31,25,25,25,25,31,37,43,39,39,45,71,80,40,40,40,40,40,40,27,27,35,40,40,40,27,40,40,40,40,40,40,40,40,40,40,40,40,40,40,40,40,40,40,40,40,40,37,37,37],"gold":109,"neow_bonus":"RANDOM_COLORLESS_2","is_daily":false,"chose_seed":false,"campfire_upgraded":9,"win_rate":0.0,"timestamp":1614296427,"path_taken":["M","M","?","M","M","R","E","R","T","R","M","E","M","M","R","BOSS","M","?","M","$","M","E","R","E","T","E","M","?","R","E","R","BOSS","M","$","?","M","M","E","?","E","T","M","R","M","E","?","R","BOSS","R","$","E","BOSS"],"items_purchased_type":["Card","Relic","Relic"],"build_version":"2020-12-22","purchased_purges":2,"victory":true,"max_hp_per_floor":[80,80,80,80,80,80,80,80,80,80,80,80,80,80,80,80,80,80,40,40,40,40,40,40,40,40,40,40,40,40,40,40,40,40,40,40,40,40,40,40,40,40,40,40,40,40,40,40,40,40,40,40,37,37,37],"relic_stats":{"counters":[31,226],"Eternal Feather":13,"StoneCalendar":[782],"PreservedInsect":297,"Bag of Preparation":[8],"Letter Opener":[95],"Burning Blood":85,"Blood Vial":4,"Dream Catcher":0,"Sundial":[10],"Shuriken":[1],"Tiny Chest":0,"Art of War":[86],"obtain_stats":[{"Vajra":54,"Thread and Needle":9,"Eternal Feather":17,"StoneCalendar":17,"PreservedInsect":31,"Bag of Preparation":47,"Letter Opener":53,"Burning Blood":0,"White Beast Statue":40,"Calling Bell":17,"Blood Vial":25,"CaptainsWheel":12,"Dream Catcher":27,"HornCleat":42,"Sundial":43,"Shuriken":53,"Tiny Chest":29,"Art of War":23,"Coffee Dripper":34,"FossilizedHelix":7,"Toy Ornithopter":17},{"Vajra":30,"Thread and Needle":5,"Eternal Feather":10,"StoneCalendar":10,"PreservedInsect":18,"Bag of Preparation":27,"Letter Opener":29,"Burning Blood":0,"White Beast Statue":23,"Calling Bell":10,"Blood Vial":15,"CaptainsWheel":7,"Dream Catcher":16,"HornCleat":24,"Sundial":24,"Shuriken":29,"Tiny Chest":17,"Art of War":14,"Coffee Dripper":19,"FossilizedHelix":5,"Toy Ornithopter":10},{"Vajra":217,"Thread and Needle":16,"Eternal Feather":36,"StoneCalendar":36,"PreservedInsect":92,"Bag of Preparation":192,"Letter Opener":208,"Burning Blood":0,"White Beast Statue":143,"Calling Bell":36,"Blood Vial":70,"CaptainsWheel":22,"Dream Catcher":78,"HornCleat":158,"Sundial":158,"Shuriken":208,"Tiny Chest":86,"Art of War":64,"Coffee Dripper":108,"FossilizedHelix":16,"Toy Ornithopter":36}],"Toy Ornithopter":5},"card_choices":[{"not_picked":["Panache","Violence"],"picked":"The Bomb","floor":0.0},{"not_picked":["Pommel Strike","Body Slam","Carnage"],"picked":"SKIP","floor":1.0},{"not_picked":["Heavy Blade","Feel No Pain","Carnage"],"picked":"SKIP","floor":2.0},{"not_picked":["Body Slam","Sword Boomerang","Twin Strike"],"picked":"SKIP","floor":4.0},{"not_picked":["Havoc","Fire Breathing"],"picked":"Shrug It Off","floor":5.0},{"not_picked":["Rage","Limit Break"],"picked":"Armaments","floor":7.0},{"not_picked":["Pommel Strike","Dropkick","Perfected Strike"],"picked":"SKIP","floor":11.0},{"not_picked":["Juggernaut","Cleave"],"picked":"Headbutt","floor":12.0},{"not_picked":["Twin Strike","Body Slam"],"picked":"True Grit","floor":13.0},{"not_picked":["Perfected Strike","Pommel Strike"],"picked":"Shrug It Off","floor":14.0},{"not_picked":["Limit Break","Feed"],"picked":"Barricade","floor":16.0},{"not_picked":["True Grit","Pommel Strike"],"picked":"Havoc","floor":18.0},{"not_picked":["Inflame","Wild Strike"],"picked":"Disarm","floor":20.0},{"not_picked":["Headbutt+1","Cleave+1"],"picked":"Disarm+1","floor":22.0},{"not_picked":["Sword Boomerang+1","Immolate"],"picked":"Dark Embrace","floor":23.0},{"not_picked":["True Grit","Pommel Strike+1"],"picked":"Burning Pact+1","floor":25.0},{"not_picked":["Body Slam+1","True Grit+1"],"picked":"Warcry+1","floor":27.0},{"not_picked":["Carnage","Searing Blow","Pommel Strike"],"picked":"SKIP","floor":28.0},{"not_picked":["Sword Boomerang+1","Inflame"],"picked":"Warcry","floor":31.0},{"not_picked":["Fiend Fire","Brutality"],"picked":"Limit Break","floor":33},{"not_picked":["Shockwave+1","Clash"],"picked":"Entrench","floor":35},{"not_picked":["Ghostly Armor+1","Clash+1","Power Through"],"picked":"SKIP","floor":38},{"not_picked":["Wild Strike+1","True Grit"],"picked":"Metallicize","floor":39},{"not_picked":["Burning Pact","Thunderclap"],"picked":"Entrench","floor":40},{"not_picked":["Body Slam+1","Wild Strike+1"],"picked":"Entrench+1","floor":42},{"not_picked":["Clash+1","Warcry"],"picked":"Dark Embrace+1","floor":44},{"not_picked":["Iron Wave","Sentinel","Heavy Blade+1"],"picked":"SKIP","floor":46},{"not_picked":["Corruption","Pummel+1"],"picked":"Body Slam","floor":47},{"not_picked":["True Grit","Heavy Blade+1","Twin Strike"],"picked":"SKIP","floor":48},{"not_picked":["Clash+1","Iron Wave","Blood for Blood"],"picked":"SKIP","floor":54}],"player_experience":495537,"relics_obtained":[{"floor":7.0,"key":"FossilizedHelix"},{"floor":9.0,"key":"Thread and Needle"},{"floor":12.0,"key":"CaptainsWheel"},{"floor":17.0,"key":"Toy Ornithopter"},{"floor":17.0,"key":"Eternal Feather"},{"floor":17.0,"key":"StoneCalendar"},{"floor":23.0,"key":"Art of War"},{"floor":25.0,"key":"Blood Vial"},{"floor":27.0,"key":"Dream Catcher"},{"floor":31.0,"key":"PreservedInsect"},{"floor":40,"key":"White Beast Statue"},{"floor":42,"key":"HornCleat"},{"floor":43,"key":"Sundial"},{"floor":47,"key":"Bag of Preparation"},{"floor":54,"key":"Vajra"}],"event_choices":[{"damage_healed":47.0,"max_hp_gain":0.0,"max_hp_loss":80.0,"gold_gain":0.0,"event_name":"betterThird:BetterShining","player_choice":"Upgrade","floor":3.0,"gold_loss":0.0,"damage_taken":16.0,"cards_upgraded":["Strike_R","Strike_R"]},{"damage_healed":0.0,"max_hp_gain":0.0,"max_hp_loss":40.0,"gold_gain":0.0,"event_name":"Ghosts","player_choice":"Became a Ghost","floor":19.0,"gold_loss":0.0,"damage_taken":0.0,"cards_obtained":["Ghostly","Ghostly","Ghostly","Ghostly","Ghostly"]},{"damage_healed":0.0,"max_hp_gain":0.0,"max_hp_loss":0.0,"gold_gain":0.0,"event_name":"The Mausoleum","player_choice":"Opened","floor":29.0,"gold_loss":0.0,"damage_taken":0.0,"relics_obtained":["Tiny Chest"],"cards_obtained":["Writhe"]},{"cards_removed":["Limit Break"],"damage_healed":0,"gold_gain":0,"player_choice":"Removed Skill","damage_taken":0,"max_hp_gain":0,"max_hp_loss":0,"event_name":"Falling","floor":37,"gold_loss":0},{"damage_healed":0,"gold_gain":0,"player_choice":"Got Potions","damage_taken":0,"max_hp_gain":0,"max_hp_loss":0,"event_name":"Lab","floor":41,"gold_loss":0}],"is_beta":false,"boss_relics":[{"not_picked":["Black Blood","SlaversCollar"],"picked":"Calling Bell"},{"not_picked":["Velvet Choker","Astrolabe"],"picked":"Coffee Dripper"}],"items_purged_floors":[36,53],"is_endless":false,"potions_floor_spawned":[1,4,12,13,14,18,23,27,31,35,40,42,44,46,47,48,54],"ascension_level":6}}