{"host":"wyy6fgvi1wiq0rmi","time":1614246046,"event":{"mods":["BaseMod","Marisa£®ÏF”Í°°ƒß¿Ì…≥£©","Minty Spire (QoL Compilation)","Remilia£®¿Ÿ√◊¿Ú—«£©","Spicy Shops","StSLib","The Servant 0.9.4","WarShipGirlsR/’ΩΩ¢…Ÿ≈ÆR mod","Youmu£®ªÍ∆«—˝√Œ£©"],"gold_per_floor":[114,129,129,129,304,334,9,9,9,9,39,54,69,84,84,184,184,223,223,223,223,13,43,58,88,88,103,128,128,128,128,128,228,228,243,260,260,260,260],"floor_reached":38,"language":"ZHS","playtime":2406,"items_purged":["Doubt"],"score":622,"play_id":"c89b59a6-1155-4a27-8d59-9b19a01e1aa7","local_time":"20210225174046","daily_mods":["Insanity","Time Dilation","Night Terrors"],"is_ascension_mode":false,"campfire_choices":[{"floor":10,"key":"REST"},{"data":"1","floor":15,"key":"LIFT"},{"data":"2","floor":30,"key":"LIFT"},{"floor":32,"key":"REST"}],"circlet_count":0,"master_deck":["rmod:tearstotiara","rmod:aviationdawn","rmod:luckystar","rmod:unsinkable","rmod:steelsupply","rmod:victimresponsibility","rmod:ammunitionsupply","rmod:goodfighter","rmod:royalracing","rmod:goodfighter","rmod:combined","rmod:goodfighter","rmod:ring","rmod:tearstotiara","rmod:gendarmerie","rmod:garrisonisland","rmod:fuelsupply","rmod:victimresponsibility","rmod:unsinkable","rmod:combined","rmod:victimresponsibility","rmod:combined","rmod:firesupport","rmod:heivgo+1","rmod:luckystar","rmod:royalracing","rmod:unsinkable","rmod:fletcherpendant","rmod:aviationdawn","rmod:steelsupply","rmod:maintain","rmod:aviationdawn","rmod:fletcherpendant","rmod:unsinkable","rmod:overbreakdown+1","rmod:slowdown","rmod:tearstotiara","rmod:shuttlebombing","rmod:robin","rmod:concentratefire","rmod:smokecover","rmod:ammunitionsupply","rmod:firesupport","rmod:overbreakdown","rmod:tearstotiara","rmod:selfconfidence","rmod:spoils","rmod:concentratefire","rmod:advancebysurprise","rmod:tearstotiara","rmod:diamondstrike","rmod:fletcherpendant","rmod:fuelsupply","rmod:acesubmarine","rmod:fletcherpendant","rmod:expeditionaryescort+1","Bite","Bite","Bite","Bite","Bite","rmod:fuelsupply+1","rmod:expedition+1","rmod:ammunitionsupply+1","rmod:circuitoustactics+1","rmod:timeschanged","rmod:windflower","rmod:windflower","rmod:diaomin+1","rmod:ammunitionsupply+1"],"relics":["Girya","Frozen Egg 2","Akabeko","Mummified Hand","rmod:mogul","MutagenicStrength","Question Card","Omamori","HandDrill","Toy Ornithopter","Orichalcum","TungstenRod","Sozu"],"acts_visited":["Exordium","TheCity","TheBeyond"],"potions_floor_usage":[23,24,25],"damage_taken":[{"damage":0,"enemies":"2 Louse","floor":1,"turns":1},{"damage":8,"enemies":"Small Slimes","floor":2,"turns":2},{"damage":27,"enemies":"3 Sentries","floor":6,"turns":6},{"damage":0,"enemies":"Lagavulin","floor":11,"turns":3},{"damage":0,"enemies":"Jaw Worm","floor":12,"turns":2},{"damage":0,"enemies":"Large Slime","floor":13,"turns":3},{"damage":0,"enemies":"2 Fungi Beasts","floor":14,"turns":2},{"damage":44,"enemies":"Hexaghost","floor":16,"turns":8},{"damage":4,"enemies":"Chosen","floor":18,"turns":4},{"damage":21,"enemies":"Gremlin Leader","floor":23,"turns":4},{"damage":10,"enemies":"2 Thieves","floor":24,"turns":2},{"damage":39,"enemies":"Slavers","floor":25,"turns":4},{"damage":3,"enemies":"Sentry and Sphere","floor":27,"turns":3},{"damage":31,"enemies":"Shelled Parasite and Fungi","floor":28,"turns":5},{"damage":19,"enemies":"Automaton","floor":33,"turns":8},{"damage":21,"enemies":"3 Darklings","floor":35,"turns":4},{"damage":13,"enemies":"3 Shapes","floor":36,"turns":3},{"damage":42,"enemies":"Donu and Deca","floor":38,"turns":4}],"seed_played":"3523290589944034342","potions_obtained":[{"floor":2,"key":"DistilledChaos"},{"floor":11,"key":"Regen Potion"},{"floor":13,"key":"EssenceOfSteel"},{"floor":18,"key":"Regen Potion"},{"floor":28,"key":"SpeedPotion"}],"is_trial":false,"path_per_floor":["M","M","?","?","?","E","$","?","T","R","E","M","M","M","R","B",null,"M","?","?","T","$","E","M","E","T","M","M","?","R","?","R","B",null,"M","M","?","B"],"character_chosen":"PRAEFECT","items_purchased":["Frozen Egg 2","Omamori","HandDrill"],"campfire_rested":2,"item_purchase_floors":[7,22,22],"current_hp_per_floor":[75,67,72,56,56,29,29,11,11,75,75,75,75,75,75,31,75,71,71,71,71,71,54,56,35,35,36,11,11,11,11,70,59,70,51,40,40,0,0],"gold":260,"neow_bonus":"","is_daily":true,"chose_seed":false,"campfire_upgraded":0,"win_rate":0.0,"timestamp":1614246046,"path_taken":["M","M","?","?","?","E","?","?","T","R","E","M","M","M","R","BOSS","M","?","?","?","$","E","M","E","T","M","M","?","R","?","R","BOSS","M","?","?","BOSS"],"items_purchased_type":["Relic","Relic","Relic"],"build_version":"2020-12-22","purchased_purges":1,"victory":false,"max_hp_per_floor":[75,75,80,80,80,80,80,80,80,75,75,75,75,75,75,75,75,75,75,75,75,75,75,75,75,75,75,75,75,75,75,70,70,70,70,70,70,70,70],"card_choices":[{"not_picked":["rmod:supportaircraftcarrier","rmod:luckystar"],"picked":"rmod:diamondstrike","floor":1},{"not_picked":["rmod:victimresponsibility","rmod:ammunitionsupply","rmod:aviationdawn"],"picked":"SKIP","floor":2},{"not_picked":["rmod:firesupport","rmod:ring"],"picked":"rmod:fletcherpendant","floor":6},{"not_picked":["rmod:combined","rmod:gendarmerie"],"picked":"rmod:fuelsupply","floor":11},{"not_picked":["rmod:intelligenceanalysis","rmod:luckystar","rmod:highspeedshooting"],"picked":"SKIP","floor":12},{"not_picked":["rmod:fletcherpendant","rmod:royalracing"],"picked":"rmod:acesubmarine","floor":13},{"not_picked":["rmod:diamondstrike","rmod:tearstotiara"],"picked":"rmod:fletcherpendant","floor":14},{"not_picked":["rmod:supriseattacks","rmod:abidefaith+1"],"picked":"rmod:expeditionaryescort+1","floor":16},{"not_picked":["rmod:tearstotiara","rmod:ammunitionsupply","rmod:punchline"],"picked":"SKIP","floor":18},{"not_picked":["rmod:salvage","rmod:steelsupply+1","rmod:highspeedshooting"],"picked":"rmod:fuelsupply+1","floor":23},{"not_picked":["rmod:ammunitionsupply","rmod:fuelsupply","rmod:supportaircraftcarrier+1"],"picked":"rmod:expedition+1","floor":24},{"not_picked":["rmod:unsinkable","rmod:fletcherpendant","rmod:royalracing"],"picked":"rmod:ammunitionsupply+1","floor":25},{"not_picked":["rmod:aviationdawn","rmod:maintain","rmod:ammunitionsupply"],"picked":"rmod:circuitoustactics+1","floor":27},{"not_picked":["rmod:selfconfidence","rmod:supportescort+1","rmod:generalist"],"picked":"rmod:timeschanged","floor":28},{"not_picked":["rmod:timeschanged","rmod:u235","rmod:supriseattacks"],"picked":"rmod:windflower","floor":33},{"not_picked":["rmod:luckystar+1","rmod:aviationdawn","rmod:intelligenceanalysis+1"],"picked":"rmod:diaomin+1","floor":35},{"not_picked":["rmod:sl+1","rmod:generalist+1","rmod:guardianhero"],"picked":"rmod:ammunitionsupply+1","floor":36}],"player_experience":214716,"relics_obtained":[{"floor":6,"key":"Girya"},{"floor":9,"key":"Mummified Hand"},{"floor":11,"key":"Blood Vial"},{"floor":21,"key":"Question Card"},{"floor":23,"key":"Toy Ornithopter"},{"floor":25,"key":"Orichalcum"},{"floor":26,"key":"TungstenRod"}],"event_choices":[{"damage_healed":0,"gold_gain":0,"player_choice":"Donut","damage_taken":0,"max_hp_gain":5,"max_hp_loss":0,"event_name":"Big Fish","floor":3,"gold_loss":0},{"damage_healed":0,"gold_gain":0,"player_choice":"Entered Light","damage_taken":16,"max_hp_gain":0,"max_hp_loss":0,"event_name":"Shining Light","floor":4,"gold_loss":0,"cards_upgraded":["rmod:overbreakdown","rmod:heivgo"]},{"damage_healed":0,"gold_gain":175,"player_choice":"AGREE","damage_taken":0,"max_hp_gain":0,"max_hp_loss":0,"event_name":"Liars Game","floor":5,"gold_loss":0,"cards_obtained":["Doubt"]},{"damage_healed":0,"gold_gain":0,"player_choice":"Success","damage_taken":18,"relics_obtained":["Akabeko"],"max_hp_gain":0,"max_hp_loss":0,"event_name":"Scrap Ooze","floor":8,"gold_loss":0},{"damage_healed":0,"gold_gain":0,"player_choice":"Inject Mutagens","damage_taken":0,"relics_obtained":["MutagenicStrength"],"max_hp_gain":0,"max_hp_loss":0,"event_name":"Drug Dealer","floor":19,"gold_loss":0},{"damage_healed":0,"gold_gain":0,"player_choice":"Became a vampire (Vial)","damage_taken":0,"max_hp_gain":0,"max_hp_loss":0,"event_name":"Vampires","floor":20,"relics_lost":["Blood Vial"],"gold_loss":0,"cards_obtained":["Bite","Bite","Bite","Bite","Bite"]},{"damage_healed":0,"gold_gain":0,"player_choice":"Simplicity","damage_taken":0,"max_hp_gain":0,"max_hp_loss":0,"event_name":"Back to Basics","floor":29,"gold_loss":0,"cards_upgraded":[]},{"damage_healed":0,"gold_gain":0,"player_choice":"1 cards matched","damage_taken":0,"max_hp_gain":0,"max_hp_loss":0,"event_name":"Match and Keep!","floor":31,"gold_loss":0,"cards_obtained":["rmod:windflower"]},{"damage_healed":0,"gold_gain":0,"player_choice":"Took Portal","damage_taken":0,"max_hp_gain":0,"max_hp_loss":0,"event_name":"SecretPortal","floor":37,"gold_loss":0}],"is_beta":false,"boss_relics":[{"not_picked":["Runic Dome","Fusion Hammer"],"picked":"rmod:mogul"},{"not_picked":["Snecko Eye","Philosopher\u0027s Stone"],"picked":"Sozu"}],"items_purged_floors":[7],"is_endless":false,"potions_floor_spawned":[2,11,13,18,28,36],"killed_by":"Donu and Deca","ascension_level":0}}