{"host":"q57ekfojy3i00x9o","time":1614239875,"event":{"mods":["Act Like it!","Arknights","Aspiration","BaseMod","Colored Map","Energized Spire","Hermit","Minty Spire (QoL Compilation)","Quick Restart","Ruina","Spicy Shops","Spikes Relics","StSLib","slay the spire mod where everything is the same but ironclad has a cowboy hat"],"gold_per_floor":[116,166,176,40,115,115,48,74,97,97,116,75,75,94,94,166,166,166,166,166,166,166,166,166,166,166,26,26,0,0,0,0,0,0],"floor_reached":33,"language":"RUS","playtime":665,"items_purged":["Decay"],"score":581,"play_id":"33d10f48-039d-414f-a50d-3e626ce98d0d","local_time":"20210225125755","is_ascension_mode":true,"campfire_choices":[{"data":"ats:Consecutive Shot Auto","floor":6,"key":"SMITH"},{"data":"ats:Sashimi Platter","floor":10,"key":"SMITH"},{"data":"ats:Flexible Camouflage","floor":13,"key":"SMITH"},{"data":"ats:Consecutive Shot Auto","floor":15,"key":"SMITH"},{"data":"ats:Ambush","floor":24,"key":"SMITH"},{"data":"ats:Flexible Camouflage","floor":32,"key":"SMITH"}],"circlet_count":0,"master_deck":["AscendersBane","ats:Strike C","ats:Strike G","ats:Strike S","ats:Strike V","ats:Armor Crushing Shot","ats:Defend","ats:Defend","ats:Defend","ats:Defend","ats:Emotion Absorption","ats:Hammer On","ats:Consecutive Shot Auto+1","ats:Explosion Area Strengthen","ats:Sashimi Platter+1","ats:Flexible Camouflage+1","ats:Consecutive Shot Auto+1","ats:Magnetic Hammer","ats:Mental Burst","ats:Ambush+1","ats:Flexible Camouflage","ats:Flexible Camouflage+1","ats:Neurotoxin","ats:Explosion Area Strengthen","ats:Sashimi Platter","ats:Overload","ats:Shell Defense","ats:Hammer On"],"relics":["ats:Sanity","NeowsBlessing","TheAbacus","ats:Originium","Happy Flower","ats:Hidden Killer","Ectoplasm","Red Mask","aspiration:FrozenJewel","MealTicket","Shuriken","aspiration:FetidBarrel","Toolbox"],"acts_visited":["Exordium","TheCity"],"potions_floor_usage":[16,16,19,23,33],"damage_taken":[{"damage":0,"enemies":"Small Slimes","floor":1,"turns":1},{"damage":0,"enemies":"Cultist","floor":3,"turns":1},{"damage":0,"enemies":"Gremlin Nob","floor":8,"turns":1},{"damage":3,"enemies":"2 Louse","floor":11,"turns":2},{"damage":6,"enemies":"Exordium Wildlife","floor":14,"turns":2},{"damage":76,"enemies":"The Guardian","floor":16,"turns":9},{"damage":11,"enemies":"Spheric Guardian","floor":18,"turns":3},{"damage":10,"enemies":"3 Byrds","floor":19,"turns":6},{"damage":28,"enemies":"Masked Bandits","floor":20,"turns":3},{"damage":7,"enemies":"Book of Stabbing","floor":23,"turns":3},{"damage":9,"enemies":"Gremlin Leader","floor":25,"turns":7},{"damage":6,"enemies":"Snake Plant","floor":28,"turns":3},{"damage":15,"enemies":"Shelled Parasite and Fungi","floor":31,"turns":3},{"damage":85,"enemies":"Champ","floor":33,"turns":8}],"seed_played":"135710865845283747","potions_obtained":[{"floor":3,"key":"PowerPotion"},{"floor":11,"key":"Block Potion"},{"floor":16,"key":"ColorlessPotion"},{"floor":19,"key":"GamblersBrew"},{"floor":20,"key":"FearPotion"},{"floor":25,"key":"Swift Potion"}],"is_trial":false,"path_per_floor":["M","?","M","$","?","R","$","E","T","R","M","$","R","M","R","B",null,"M","M","?","T","?","E","R","E","T","$","M","$","?","M","R","B"],"character_chosen":"DOCTOR_CLASS","items_purchased":["ats:Explosion Area Strengthen","TheAbacus","ats:Sashimi Platter","ats:Magnetic Hammer","Toolbox","ats:Shell Defense"],"campfire_rested":0,"item_purchase_floors":[4,4,7,12,27,29],"current_hp_per_floor":[65,58,58,58,47,47,47,55,55,55,62,62,62,66,66,63,70,61,65,44,44,44,55,55,66,66,72,72,72,72,72,72,0,0],"gold":0,"neow_bonus":"THREE_ENEMY_KILL","is_daily":false,"chose_seed":false,"campfire_upgraded":6,"win_rate":0.0,"timestamp":1614239875,"path_taken":["M","?","?","?","?","R","$","E","T","R","M","?","R","?","R","BOSS","M","M","?","?","?","E","R","E","T","$","M","?","?","M","R","BOSS"],"items_purchased_type":["Card","Relic","Card","Card","Relic","Card"],"build_version":"2020-12-22","purchased_purges":1,"victory":false,"max_hp_per_floor":[72,72,72,72,72,72,72,72,72,72,72,72,72,72,72,72,72,72,72,72,72,72,72,72,72,72,72,72,72,72,72,72,72,72],"card_choices":[{"not_picked":["ats:Cat Scratch","ats:Hook Shot"],"picked":"ats:Hammer On","floor":1},{"not_picked":["ats:Healing Strengthening","ats:Revitalization"],"picked":"ats:Consecutive Shot Auto","floor":3},{"not_picked":["ats:Poison Spread","ats:Chain Hook"],"picked":"ats:Flexible Camouflage","floor":8},{"not_picked":["ats:Revitalization","ats:Literary Storm"],"picked":"ats:Consecutive Shot Auto","floor":11},{"not_picked":["ats:Very Hot Blade","ats:Leaping Hammer"],"picked":"ats:Mental Burst","floor":14},{"not_picked":["ats:Nebulous Foxfire","ats:Echo Reverb"],"picked":"ats:Ambush","floor":16},{"not_picked":["ats:Ignite","ats:Very Hot Blade"],"picked":"ats:Flexible Camouflage","floor":18},{"not_picked":["ats:Sunburst","ats:Composite Medical Shells"],"picked":"ats:Flexible Camouflage","floor":19},{"not_picked":["ats:Sword Rain","ats:Burning Ground"],"picked":"ats:Neurotoxin","floor":20},{"not_picked":["ats:Directed Diagnosis","ats:Curse Doll"],"picked":"ats:Explosion Area Strengthen","floor":23},{"not_picked":["ats:Revitalization","ats:Guard Mode"],"picked":"ats:Sashimi Platter","floor":25},{"not_picked":["ats:Explosion Area Strengthen","ats:Phantom"],"picked":"ats:Overload","floor":28},{"not_picked":["ats:Shell Defense","ats:Shadow Raid"],"picked":"ats:Hammer On","floor":31}],"player_experience":795234,"relics_obtained":[{"floor":8,"key":"ats:Originium"},{"floor":8,"key":"Happy Flower"},{"floor":9,"key":"ats:Hidden Killer"},{"floor":20,"key":"Red Mask"},{"floor":21,"key":"aspiration:FrozenJewel"},{"floor":23,"key":"ats:Originium"},{"floor":23,"key":"MealTicket"},{"floor":25,"key":"ats:Originium"},{"floor":25,"key":"Shuriken"},{"floor":26,"key":"aspiration:FetidBarrel"}],"event_choices":[{"damage_healed":0,"gold_gain":50,"player_choice":"Touch","damage_taken":7,"max_hp_gain":0,"max_hp_loss":0,"event_name":"FaceTrader","floor":2,"gold_loss":0},{"damage_healed":0,"gold_gain":75,"player_choice":"Gather Gold","damage_taken":11,"max_hp_gain":0,"max_hp_loss":0,"event_name":"World of Goop","floor":5,"gold_loss":0},{"damage_healed":0,"gold_gain":0,"player_choice":"Fought Bandits","damage_taken":0,"max_hp_gain":0,"max_hp_loss":0,"event_name":"Masked Bandits","floor":20,"gold_loss":0},{"damage_healed":0,"gold_gain":0,"player_choice":"Ignored","damage_taken":0,"max_hp_gain":0,"max_hp_loss":0,"event_name":"Vampires","floor":22,"gold_loss":0}],"is_beta":false,"boss_relics":[{"not_picked":["aspiration:SilentSkillbook","Black Star"],"picked":"Ectoplasm"}],"items_purged_floors":[27],"is_endless":false,"potions_floor_spawned":[3,11,14,16,19,20,25],"killed_by":"Champ","ascension_level":18}}