{"host":"x73jdofm2fk9hsud","time":1614212423,"event":{"mods":["BaseMod","Bestiary","Minty Spire (QoL Compilation)","Relic Stats","ojb\u0027s Better Paths Mod","ojb\u0027s Info Mod"],"gold_per_floor":[118,118,128,128,139,173,173,173,173,173,204,38,88,105,105,179,179,195,195,229,229,205,205,233,243,266,282,282,293,293,307,307,307,307],"floor_reached":33,"language":"ENG","playtime":1715,"items_purged":[],"score":550,"play_id":"10f9f50b-9102-49c7-8faa-7f0b74f3a3b8","local_time":"20210224192023","is_ascension_mode":true,"campfire_choices":[{"data":"Footwork","floor":8,"key":"SMITH"},{"floor":10,"key":"REST"},{"data":"Wraith Form v2","floor":15,"key":"SMITH"},{"floor":23,"key":"REST"},{"floor":28,"key":"REST"},{"floor":30,"key":"REST"},{"floor":32,"key":"REST"}],"circlet_count":0,"master_deck":["AscendersBane","Strike_G+1","Strike_G+1","Strike_G+1","Strike_G+1","Defend_G+1","Defend_G+1","Defend_G+1","Defend_G+1","Defend_G+1","Survivor","Neutralize","Apotheosis+1","Quick Slash","Calculated Gamble","Masterful Stab","Deflect","Footwork+1","Wraith Form v2+1","Backflip+1","Storm of Steel+1","Deflect+1","Decay","Poisoned Stab+1","Escape Plan+1","Prepared+1","Crippling Poison+1","Dodge and Roll+1","Escape Plan+1"],"relics":["Ring of the Snake","Ornamental Fan","Toxic Egg 2","Pantograph","Blue Candle","Oddly Smooth Stone","Philosopher\u0027s Stone","Red Mask","InkBottle","Lantern"],"acts_visited":["Exordium","TheCity"],"potions_floor_usage":[11,16,20,24,29,29],"damage_taken":[{"damage":0,"enemies":"Jaw Worm","floor":1,"turns":3},{"damage":0,"enemies":"Cultist","floor":3,"turns":3},{"damage":0,"enemies":"2 Louse","floor":5,"turns":3},{"damage":13,"enemies":"3 Sentries","floor":6,"turns":8},{"damage":6,"enemies":"Gremlin Nob","floor":11,"turns":3},{"damage":0,"enemies":"Exordium Wildlife","floor":14,"turns":2},{"damage":5,"enemies":"Slime Boss","floor":16,"turns":10},{"damage":0,"enemies":"Spheric Guardian","floor":18,"turns":5},{"damage":32,"enemies":"Masked Bandits","floor":20,"turns":8},{"damage":1,"enemies":"2 Thieves","floor":22,"turns":4},{"damage":27,"enemies":"Book of Stabbing","floor":24,"turns":9},{"damage":9,"enemies":"Sentry and Sphere","floor":25,"turns":6},{"damage":3,"enemies":"3 Cultists","floor":27,"turns":7},{"damage":19,"enemies":"Cultist and Chosen","floor":29,"turns":8},{"damage":1,"enemies":"Snake Plant","floor":31,"turns":5},{"damage":63,"enemies":"Champ","floor":33,"turns":18}],"seed_played":"8709555714574637764","potions_obtained":[{"floor":1,"key":"CultistPotion"},{"floor":6,"key":"DistilledChaos"},{"floor":11,"key":"AttackPotion"},{"floor":16,"key":"GhostInAJar"},{"floor":18,"key":"SkillPotion"},{"floor":20,"key":"EssenceOfSteel"},{"floor":24,"key":"SkillPotion"},{"floor":29,"key":"FearPotion"}],"is_trial":false,"path_per_floor":["M","?","M","?","M","E","T","R","T","R","E","$","?","M","R","B",null,"M","?","?","?","M","R","E","M","T","M","R","M","R","M","R","B"],"character_chosen":"THE_SILENT","items_purchased":["Oddly Smooth Stone"],"campfire_rested":5,"item_purchase_floors":[12],"current_hp_per_floor":[59,59,59,59,59,46,46,46,46,60,54,54,48,48,48,55,59,59,59,27,27,26,44,17,8,8,5,23,4,22,21,39,0,0],"gold":307,"neow_bonus":"RANDOM_COLORLESS_2","is_daily":false,"chose_seed":false,"campfire_upgraded":2,"win_rate":0.0,"timestamp":1614212423,"path_taken":["M","?","?","?","M","E","?","R","T","R","E","$","?","M","R","BOSS","M","?","?","?","M","R","E","M","T","M","R","M","R","M","R","BOSS"],"items_purchased_type":["Relic"],"build_version":"2020-12-22","purchased_purges":0,"victory":false,"max_hp_per_floor":[60,60,60,60,60,60,60,60,60,60,60,60,60,60,60,60,60,60,60,60,60,60,60,60,60,60,60,60,60,60,60,60,60,60],"relic_stats":{"counters":[16,102],"Ornamental Fan":[172],"Pantograph":33,"Blue Candle":[7],"obtain_stats":[{"Lantern":26,"Ornamental Fan":6,"Pantograph":9,"Blue Candle":11,"Oddly Smooth Stone":12,"Philosopher\u0027s Stone":17,"Red Mask":20,"Toxic Egg 2":7,"InkBottle":24,"Ring of the Snake":0},{"Lantern":12,"Ornamental Fan":4,"Pantograph":4,"Blue Candle":5,"Oddly Smooth Stone":5,"Philosopher\u0027s Stone":7,"Red Mask":9,"Toxic Egg 2":4,"InkBottle":11,"Ring of the Snake":0},{"Lantern":64,"Ornamental Fan":17,"Pantograph":17,"Blue Candle":20,"Oddly Smooth Stone":20,"Philosopher\u0027s Stone":32,"Red Mask":45,"Toxic Egg 2":17,"InkBottle":58,"Ring of the Snake":0}],"InkBottle":[24],"Ring of the Snake":[32]},"card_choices":[{"not_picked":["Master of Strategy","Secret Weapon"],"picked":"Apotheosis","floor":0},{"not_picked":["PiercingWail","Backflip"],"picked":"Quick Slash","floor":1},{"not_picked":["Poisoned Stab","Deflect"],"picked":"Calculated Gamble","floor":3},{"not_picked":["Eviscerate","Prepared"],"picked":"Deflect","floor":5},{"not_picked":["Escape Plan","Reflex"],"picked":"Footwork","floor":6},{"not_picked":["Bouncing Flask+1","Masterful Stab"],"picked":"Wraith Form v2","floor":11},{"not_picked":["All Out Attack","Predator"],"picked":"Backflip+1","floor":14},{"not_picked":["A Thousand Cuts","Unload"],"picked":"Storm of Steel+1","floor":16},{"not_picked":["Infinite Blades","Bane","Sucker Punch"],"picked":"SKIP","floor":18},{"not_picked":["Underhanded Strike","Flechettes"],"picked":"Deflect+1","floor":20},{"not_picked":["Eviscerate","Flying Knee"],"picked":"Poisoned Stab+1","floor":22},{"not_picked":["Poisoned Stab","PiercingWail+1"],"picked":"Escape Plan+1","floor":24},{"not_picked":["Bane","Flechettes"],"picked":"Prepared+1","floor":25},{"not_picked":["Prepared+1","Dagger Throw"],"picked":"Crippling Poison+1","floor":27},{"not_picked":["Deflect+1","Tactician+1"],"picked":"Dodge and Roll+1","floor":29},{"not_picked":["Underhanded Strike","Slice+1"],"picked":"Escape Plan+1","floor":31}],"player_experience":5421433,"relics_obtained":[{"floor":6,"key":"Ornamental Fan"},{"floor":7,"key":"Toxic Egg 2"},{"floor":9,"key":"Pantograph"},{"floor":11,"key":"Blue Candle"},{"floor":20,"key":"Red Mask"},{"floor":24,"key":"InkBottle"},{"floor":26,"key":"Lantern"}],"event_choices":[{"damage_healed":0,"gold_gain":0,"player_choice":"Upgraded","damage_taken":0,"max_hp_gain":0,"max_hp_loss":0,"event_name":"Upgrade Shrine","floor":2,"gold_loss":0,"cards_upgraded":["Apotheosis"]},{"damage_healed":0,"gold_gain":0,"cards_transformed":["Strike_G"],"player_choice":"Change","damage_taken":0,"max_hp_gain":0,"max_hp_loss":0,"event_name":"Living Wall","floor":4,"gold_loss":0,"cards_obtained":["Masterful Stab"]},{"damage_healed":0,"gold_gain":50,"player_choice":"Touch","damage_taken":6,"max_hp_gain":0,"max_hp_loss":0,"event_name":"FaceTrader","floor":13,"gold_loss":0},{"damage_healed":0,"gold_gain":0,"player_choice":"Simplicity","damage_taken":0,"max_hp_gain":0,"max_hp_loss":0,"event_name":"Back to Basics","floor":19,"gold_loss":0,"cards_upgraded":["Strike_G","Strike_G","Strike_G","Strike_G","Defend_G","Defend_G","Defend_G","Defend_G","Defend_G"]},{"damage_healed":0,"gold_gain":0,"player_choice":"Fought Bandits","damage_taken":0,"max_hp_gain":0,"max_hp_loss":0,"event_name":"Masked Bandits","floor":20,"gold_loss":0},{"damage_healed":0,"gold_gain":0,"player_choice":"Cursed","damage_taken":0,"max_hp_gain":0,"max_hp_loss":0,"event_name":"Wheel of Change","floor":21,"gold_loss":0,"cards_obtained":["Decay"]}],"is_beta":false,"boss_relics":[{"not_picked":["Tiny House","Velvet Choker"],"picked":"Philosopher\u0027s Stone"}],"items_purged_floors":[],"is_endless":false,"potions_floor_spawned":[1,6,11,16,18,20,24,29],"killed_by":"Champ","ascension_level":20}}