{"host":"06m9oppdo8i5oa5j","time":1614233925,"event":{"mods":["AchievementEnabler","BaseMod","Block Reminder","Colored Map","Colored Powertips","Downfall","Minty Spire (QoL Compilation)","Rare Cards Sparkle","StSLib"],"gold_per_floor":[149,168,185,204,217,11,11,30,56,56,231,246,246,246,263,363,363,363,375,388,399,399,96,122,150,162,62,73,58,58,92,111,213,213,113,131,158,170,13,31,56,74,124,159,187,18,60,80,103,103],"floor_reached":51,"language":"ENG","playtime":12221,"items_purged":["hexamod:Strike","Doubt","hexamod:Defend"],"score":945,"play_id":"e5b43c2d-23a2-438d-8f40-43c8bff49cdb","local_time":"20210224221845","is_ascension_mode":true,"campfire_choices":[{"data":"hexamod:FlamesFromBeyond","floor":1,"key":"SMITH"},{"data":"hexamod:GiftsFromTheDead","floor":10,"key":"SMITH"},{"data":"hexamod:RecurringNightmare","floor":13,"key":"SMITH"},{"data":"hexamod:HeatShield","floor":18,"key":"SMITH"},{"data":"hexamod:FlamesFromBeyond","floor":27,"key":"SMITH"},{"data":"hexamod:SearingWound","floor":35,"key":"SMITH"}],"circlet_count":0,"master_deck":["hexamod:Strike+1","hexamod:Strike+1","hexamod:Defend+1","hexamod:Defend+1","hexamod:Defend+1","hexamod:Sear+1","hexamod:Float+1","hexamod:FlamesFromBeyond+1","hexamod:FirstSeal","hexamod:Hexaguard+1","hexamod:RecurringNightmare+1","hexamod:HeatShield+1","hexamod:FirstSeal","hexamod:EmpoweredFlame+1","hexamod:FastForward","hexamod:GhostShield+1","hexamod:GiftsFromTheDead+1","hexamod:NightmareGuise+1","hexamod:EmpoweredFlame+1","hexamod:SixthSeal","hexamod:EtherealExpedition+1","hexamod:FirstSeal","hexamod:FourthSeal","hexamod:NightmareStrike+1","hexamod:FlamesFromBeyond+1","hexamod:BurningTouch+1","hexamod:GhostflameBarrier+1","hexamod:StepThrough","RitualDagger+1","hexamod:FastForward+1","hexamod:SearingWound+1","CurseOfTheBell","Blind","hexamod:Sear+1","hexamod:HexaLevel+1","hexamod:FlamesFromBeyond","hexamod:ExtraCrispy+1","hexamod:ChargedBarrage+1","hexamod:HeatMetal+1","hexamod:SearingWound","hexamod:FlamesFromBeyond+1","hexamod:PowerFromBeyond+1"],"relics":["Tiny House","HornCleat","White Beast Statue","Coffee Dripper","Letter Opener","MealTicket","downfall:HeartBlessingBlue","hexamod:InflammatoryLetter","Calling Bell","CeramicFish","InkBottle","Thread and Needle","downfall:HeartBlessingGreen","Strawberry","Ice Cream","Pen Nib","OrangePellets","Omamori","Toy Ornithopter"],"acts_visited":["Exordium","TheCity","TheBeyond"],"potions_floor_usage":[8,12,16,19,21,23,25,25,25,26,28,28,29,29,29,31,32,32,33,33,33,38,39,40,42,42,44,44,45,46,48,50,50,50],"damage_taken":[{"damage":0,"enemies":"Cultist","floor":2,"turns":3},{"damage":5,"enemies":"Small Slimes","floor":3,"turns":3},{"damage":7,"enemies":"2 Louse","floor":4,"turns":3},{"damage":1,"enemies":"2 Fungi Beasts","floor":5,"turns":4},{"damage":0,"enemies":"downfall:FleeingMerchant","floor":6,"turns":4},{"damage":14,"enemies":"3 Louse","floor":8,"turns":4},{"damage":13,"enemies":"3 Sentries","floor":9,"turns":7},{"damage":8,"enemies":"Gremlin Gang","floor":12,"turns":6},{"damage":0,"enemies":"2 Fungi Beasts","floor":15,"turns":5},{"damage":39,"enemies":"IC_STATUS_ARCHETYPE","floor":16,"turns":11},{"damage":0,"enemies":"Chosen","floor":19,"turns":7},{"damage":5,"enemies":"3 Byrds","floor":20,"turns":6},{"damage":24,"enemies":"3 Cultists","floor":21,"turns":7},{"damage":0,"enemies":"downfall:FleeingMerchant","floor":23,"turns":4},{"damage":20,"enemies":"Book of Stabbing","floor":25,"turns":6},{"damage":5,"enemies":"Shelled Parasite and Fungi","floor":26,"turns":4},{"damage":0,"enemies":"Snecko","floor":28,"turns":4},{"damage":0,"enemies":"downfall:FleeingMerchant","floor":29,"turns":4},{"damage":5,"enemies":"Slavers","floor":31,"turns":5},{"damage":10,"enemies":"Cultist and Chosen","floor":32,"turns":5},{"damage":38,"enemies":"DF_ARCHETYPE_CLAW","floor":33,"turns":8},{"damage":11,"enemies":"Orb Walker","floor":36,"turns":4},{"damage":15,"enemies":"3 Darklings","floor":38,"turns":5},{"damage":0,"enemies":"downfall:FleeingMerchant","floor":39,"turns":4},{"damage":2,"enemies":"Maw","floor":40,"turns":7},{"damage":22,"enemies":"Spire Growth","floor":42,"turns":7},{"damage":5,"enemies":"Spire Growth","floor":43,"turns":6},{"damage":6,"enemies":"Giant Head","floor":44,"turns":7},{"damage":22,"enemies":"Jaw Worm Horde","floor":45,"turns":3},{"damage":0,"enemies":"downfall:FleeingMerchant","floor":46,"turns":3},{"damage":11,"enemies":"Nemesis","floor":47,"turns":5},{"damage":1,"enemies":"Transient","floor":48,"turns":5},{"damage":20,"enemies":"3 Darklings","floor":49,"turns":4},{"damage":3,"enemies":"SI_POISON_ARCHETYPE","floor":50,"turns":6}],"seed_played":"-4050452658508176518","potions_obtained":[{"floor":0,"key":"champ:CounterPotion"},{"floor":4,"key":"hexamod:EctoCoolerPotion"},{"floor":8,"key":"Ancient Potion"},{"floor":12,"key":"GamblersBrew"},{"floor":15,"key":"AttackPotion"},{"floor":16,"key":"BlessingOfTheForge"},{"floor":19,"key":"Ancient Potion"},{"floor":21,"key":"AttackPotion"},{"floor":23,"key":"Energy Potion"},{"floor":23,"key":"LiquidBronze"},{"floor":25,"key":"GamblersBrew"},{"floor":25,"key":"champ:CounterPotion"},{"floor":26,"key":"GamblersBrew"},{"floor":26,"key":"SkillPotion"},{"floor":28,"key":"SneckoOil"},{"floor":28,"key":"SkillPotion"},{"floor":29,"key":"LiquidMemories"},{"floor":29,"key":"SteroidPotion"},{"floor":31,"key":"Swift Potion"},{"floor":31,"key":"Block Potion"},{"floor":32,"key":"BlessingOfTheForge"},{"floor":32,"key":"SkillPotion"},{"floor":33,"key":"Strength Potion"},{"floor":33,"key":"CultistPotion"},{"floor":36,"key":"bronze:BurnAndBuffPotion"},{"floor":36,"key":"champ:CounterPotion"},{"floor":38,"key":"Energy Potion"},{"floor":38,"key":"Guardian:BlockOnCardUsePotion"},{"floor":39,"key":"GamblersBrew"},{"floor":40,"key":"Guardian:BlockOnCardUsePotion"},{"floor":40,"key":"Slimebound:ThreeZeroPotion"},{"floor":42,"key":"ColorlessPotion"},{"floor":42,"key":"bronze:BurnAndBuffPotion"},{"floor":44,"key":"Slimebound:ThreeZeroPotion"},{"floor":44,"key":"Strength Potion"},{"floor":45,"key":"Strength Potion"},{"floor":45,"key":"LiquidBronze"},{"floor":46,"key":"SmokeBomb"},{"floor":47,"key":"EssenceOfSteel"},{"floor":48,"key":"Ancient Potion"},{"floor":49,"key":"PowerPotion"}],"is_trial":false,"path_per_floor":["R","M","M","M","M","$","T","M","E","R","?","M","R","?","M","B",null,"R","M","M","M","?","$","T","E","M","R","M","$","?","E","M","B",null,"R","M","?","M","$","M","T","M","?","E","M","$","E","M","M","B",null],"character_chosen":"THE_SPIRIT","items_purchased":["hexamod:EmpoweredFlame","hexamod:FastForward","hexamod:FlamesFromBeyond","Letter Opener","hexamod:FlamesFromBeyond","OrangePellets","Omamori","Energy Potion","Fire Potion"],"campfire_rested":0,"item_purchase_floors":[6,6,23,23,39,46,46,46,46],"current_hp_per_floor":[75,75,75,75,75,75,75,75,75,75,75,75,75,75,75,50,75,75,75,75,65,65,75,75,75,75,85,85,85,79,85,85,68,85,85,81,81,80,85,85,92,91,92,92,84,92,92,92,79,92],"gold":103,"neow_bonus":"BOSS_RELIC","is_daily":false,"chose_seed":false,"campfire_upgraded":6,"win_rate":0.0,"timestamp":1614233925,"path_taken":["R","M","M","M","?","$","T","M","E","R","?","M","R","?","M","BOSS","R","M","M","M","?","$","T","E","M","R","M","$","?","E","M","BOSS","R","M","?","M","$","?","T","?","?","E","M","$","E","M","M","BOSS"],"items_purchased_type":["Card","Card","Card","Relic","Card","Relic","Relic","Potion","Potion"],"build_version":"2020-12-22","purchased_purges":3,"victory":true,"max_hp_per_floor":[75,75,75,75,75,75,75,75,75,75,75,75,75,75,75,75,75,75,75,75,75,75,75,75,75,75,85,85,85,85,85,85,85,85,85,85,85,85,85,85,92,92,92,92,92,92,92,92,92,92],"card_choices":[{"not_picked":["hexamod:Rewind","hexamod:AdvancingGuard"],"picked":"hexamod:FlamesFromBeyond","floor":0},{"not_picked":["hexamod:RadiantFlame","hexamod:Hexaguard"],"picked":"hexamod:FirstSeal","floor":2},{"not_picked":["hexamod:Haunt","hexamod:PowerFromBeyond"],"picked":"hexamod:Hexaguard","floor":3},{"not_picked":["hexamod:PowerFromBeyond","hexamod:FourthSeal"],"picked":"hexamod:RecurringNightmare","floor":4},{"not_picked":["hexamod:Hexaguard","hexamod:FlamesFromBeyond"],"picked":"hexamod:HeatShield","floor":5},{"not_picked":["hexamod:FastForward","hexamod:PhantomCloak"],"picked":"hexamod:FirstSeal","floor":6},{"not_picked":["hexamod:ShieldOfDarkness","hexamod:BurningTouch"],"picked":"hexamod:GhostShield","floor":8},{"not_picked":["hexamod:NecessarySacrifice","hexamod:HeatShield"],"picked":"hexamod:GiftsFromTheDead","floor":9},{"not_picked":["hexamod:GhostOfSpireFuture","hexamod:Rewind"],"picked":"hexamod:NightmareGuise","floor":12},{"not_picked":["hexamod:AdvancingGuard","hexamod:Firestarter"],"picked":"hexamod:EmpoweredFlame","floor":15},{"not_picked":["hexamod:UnlimitedPower","hexamod:WildfireWeapon"],"picked":"hexamod:SixthSeal","floor":16},{"not_picked":["hexamod:HeatMetal","hexamod:Rewind","hexamod:Firestarter"],"picked":"SKIP","floor":19},{"not_picked":["hexamod:NightmareStrike","hexamod:ExtraCrispy"],"picked":"hexamod:EtherealExpedition","floor":20},{"not_picked":["hexamod:HauntingEcho","hexamod:BacktrackSmack"],"picked":"hexamod:FirstSeal","floor":21},{"not_picked":["hexamod:EmpoweredFlame","hexamod:CatchUp"],"picked":"hexamod:NightmareStrike+1","floor":23},{"not_picked":["hexamod:TurnItUp","hexamod:AdvancingGuard","hexamod:Rewind"],"picked":"SKIP","floor":25},{"not_picked":["hexamod:NightmareGuise","hexamod:NightmareStrike"],"picked":"hexamod:BurningTouch","floor":26},{"not_picked":["hexamod:Firestarter","hexamod:ThermalTransfer"],"picked":"hexamod:GhostflameBarrier","floor":28},{"not_picked":["hexamod:BacktrackSmack+1","hexamod:ThermalTransfer+1"],"picked":"hexamod:StepThrough","floor":29},{"not_picked":["hexamod:GhostShield","hexamod:Hexaguard"],"picked":"hexamod:FastForward","floor":31},{"not_picked":["hexamod:AdvancingGuard","hexamod:HeatMetal","hexamod:SpectralAdrenaline+1"],"picked":"SKIP","floor":32},{"not_picked":["hexamod:TimeWarp","hexamod:VolcanoVisage"],"picked":"hexamod:SearingWound","floor":33},{"not_picked":["hexamod:ThermalTransfer+1","hexamod:GhostLash+1","hexamod:AdvancingGuard+1"],"picked":"SKIP","floor":36},{"not_picked":["hexamod:FastForward+1","hexamod:BurningTouch+1","hexamod:InspiringFlames"],"picked":"SKIP","floor":38},{"not_picked":["hexamod:NightmareStrike","hexamod:AdvancingGuard+1","hexamod:Again"],"picked":"SKIP","floor":39},{"not_picked":["hexamod:ThirdSeal","hexamod:HeatMetal+1","hexamod:GhostOfSpirePresent"],"picked":"SKIP","floor":40},{"not_picked":["hexamod:HeatMetal+1","hexamod:Again+1","hexamod:NightmareGuise"],"picked":"SKIP","floor":42},{"not_picked":["hexamod:HauntingEcho","hexamod:SpectralAdrenaline+1"],"picked":"hexamod:ExtraCrispy+1","floor":44},{"not_picked":["hexamod:HeatCrush+1","hexamod:NightmareGuise+1"],"picked":"hexamod:ChargedBarrage+1","floor":45},{"not_picked":["hexamod:ShieldOfDarkness","hexamod:ThermalTransfer"],"picked":"hexamod:HeatMetal+1","floor":46},{"not_picked":["hexamod:Incineration+1","hexamod:ThirdSeal"],"picked":"hexamod:SearingWound","floor":47},{"not_picked":["hexamod:Hexaguard+1","hexamod:RadiantFlame"],"picked":"hexamod:FlamesFromBeyond+1","floor":48},{"not_picked":["hexamod:Firestarter+1","hexamod:GhostOfSpireFuture+1"],"picked":"hexamod:PowerFromBeyond+1","floor":49}],"player_experience":281560,"relics_obtained":[{"floor":7,"key":"HornCleat"},{"floor":9,"key":"White Beast Statue"},{"floor":25,"key":"MealTicket"},{"floor":31,"key":"hexamod:InflammatoryLetter"},{"floor":34,"key":"CeramicFish"},{"floor":34,"key":"InkBottle"},{"floor":34,"key":"Thread and Needle"},{"floor":41,"key":"Strawberry"},{"floor":43,"key":"Ice Cream"},{"floor":44,"key":"Pen Nib"},{"floor":47,"key":"Toy Ornithopter"}],"event_choices":[],"is_beta":false,"boss_relics":[{"not_picked":["SacredBark","Empty Cage"],"picked":"Coffee Dripper"},{"not_picked":["Busted Crown","Astrolabe"],"picked":"Calling Bell"}],"items_purged_floors":[6,39,46],"is_endless":false,"potions_floor_spawned":[4,8,12,15,16,19,20,21,23,25,26,28,29,31,32,33,36,38,39,40,42,43,44,45,46,47,48,49],"ascension_level":1}}