{"host":"y13mj1mxwnd5xx1x","time":1614242466,"event":{"mods":["AchievementEnabler","BaseMod","Minty Spire (QoL Compilation)"],"gold_per_floor":[213,223,13,27,47,88,108,142,165,208,208,208,60,129,129,236,236,259,169,191,209,33,71,71,110,110,143,168,205,205,80,80,189,216,229,229,251,265,277,277,314,314,314,356,63,82,98,107,107,107],"floor_reached":51,"language":"ENG","playtime":4365,"items_purged":["Strike_G","Strike_G","Strike_G+1"],"score":961,"play_id":"95d1a29e-e4b8-4e6e-ba6c-30933648bf36","local_time":"20210225024106","is_ascension_mode":true,"campfire_choices":[{"data":"Noxious Fumes","floor":11,"key":"SMITH"},{"floor":15,"key":"REST"},{"data":"Footwork","floor":24,"key":"SMITH"},{"floor":32,"key":"REST"},{"floor":40,"key":"REST"},{"floor":42,"key":"REST"},{"floor":49,"key":"REST"}],"circlet_count":0,"master_deck":["Defend_G","Defend_G","Defend_G","Defend_G","Defend_G","Survivor","Neutralize+1","Flying Knee","Blur","Noxious Fumes+1","Footwork+1","Dodge and Roll","Expertise","Deadly Poison","Well Laid Plans","Backstab","Dash","Adrenaline","Caltrops+1","Blur","Deflect+1","Caltrops+1","Backflip+1","Deadly Poison+1","Bouncing Flask","Adrenaline","After Image+1","Dagger Throw+1","Caltrops+1","Dodge and Roll","Catalyst+1","PiercingWail","Panacea"],"relics":["Ring of the Snake","CeramicFish","Snake Skull","Bronze Scales","Blood Vial","Oddly Smooth Stone","Velvet Choker","Centennial Puzzle","Gremlin Horn","Strawberry","Pen Nib","Astrolabe","Bottled Lightning","Bag of Marbles","Incense Burner","Membership Card"],"acts_visited":["Exordium","TheCity","TheBeyond"],"potions_floor_usage":[6,8,10,14,33,47,47,50],"damage_taken":[{"damage":0,"enemies":"2 Louse","floor":1,"turns":4},{"damage":0,"enemies":"Small Slimes","floor":2,"turns":3},{"damage":0,"enemies":"Cultist","floor":4,"turns":3},{"damage":0,"enemies":"3 Louse","floor":5,"turns":5},{"damage":18,"enemies":"3 Sentries","floor":6,"turns":10},{"damage":1,"enemies":"Looter","floor":7,"turns":4},{"damage":30,"enemies":"Gremlin Nob","floor":8,"turns":5},{"damage":20,"enemies":"Lagavulin","floor":10,"turns":7},{"damage":28,"enemies":"Lagavulin Event","floor":14,"turns":6},{"damage":35,"enemies":"The Guardian","floor":16,"turns":9},{"damage":5,"enemies":"Spheric Guardian","floor":18,"turns":5},{"damage":1,"enemies":"Chosen","floor":20,"turns":4},{"damage":9,"enemies":"3 Cultists","floor":21,"turns":7},{"damage":8,"enemies":"Gremlin Leader","floor":23,"turns":7},{"damage":4,"enemies":"Book of Stabbing","floor":25,"turns":5},{"damage":14,"enemies":"Gremlin Leader","floor":27,"turns":7},{"damage":4,"enemies":"Snecko","floor":28,"turns":6},{"damage":15,"enemies":"Book of Stabbing","floor":29,"turns":5},{"damage":21,"enemies":"Automaton","floor":33,"turns":10},{"damage":19,"enemies":"3 Darklings","floor":35,"turns":5},{"damage":1,"enemies":"Orb Walker","floor":37,"turns":4},{"damage":36,"enemies":"Jaw Worm Horde","floor":38,"turns":6},{"damage":6,"enemies":"3 Darklings","floor":39,"turns":7},{"damage":25,"enemies":"Nemesis","floor":41,"turns":7},{"damage":51,"enemies":"Giant Head","floor":44,"turns":10},{"damage":0,"enemies":"Maw","floor":46,"turns":7},{"damage":0,"enemies":"Jaw Worm Horde","floor":47,"turns":6},{"damage":19,"enemies":"Awakened One","floor":50,"turns":19}],"seed_played":"-6985753632823255960","potions_obtained":[{"floor":2,"key":"FairyPotion"},{"floor":4,"key":"Block Potion"},{"floor":5,"key":"GhostInAJar"},{"floor":6,"key":"Weak Potion"},{"floor":8,"key":"AttackPotion"},{"floor":21,"key":"Poison Potion"},{"floor":35,"key":"Fire Potion"},{"floor":44,"key":"DistilledChaos"},{"floor":47,"key":"Ancient Potion"}],"is_trial":false,"path_per_floor":["M","M","$","M","M","E","M","E","T","E","R","?","$","?","R","B",null,"M","?","M","M","$","E","R","E","T","E","M","E","?","$","R","B",null,"M","?","M","M","M","R","E","R","T","E","$","M","M","?","R","B",null],"character_chosen":"THE_SILENT","items_purchased":["Blur","Noxious Fumes","Block Potion","Regen Potion","Backstab","GhostInAJar","Bouncing Flask","Regen Potion","Membership Card"],"campfire_rested":5,"item_purchase_floors":[3,3,3,13,13,22,31,45,45],"current_hp_per_floor":[70,70,70,70,70,52,51,21,21,1,1,1,1,25,46,13,70,65,65,66,59,59,53,53,51,51,46,44,31,17,17,41,22,82,63,63,64,30,26,50,27,51,51,2,2,4,21,21,45,28],"gold":107,"neow_bonus":"HUNDRED_GOLD","is_daily":false,"chose_seed":false,"campfire_upgraded":2,"win_rate":0.0,"timestamp":1614242466,"path_taken":["M","M","$","M","M","E","M","E","T","E","R","?","$","?","R","BOSS","M","?","M","M","$","E","R","E","T","E","?","E","?","$","R","BOSS","M","?","M","M","M","R","E","R","T","E","$","?","M","?","R","BOSS"],"items_purchased_type":["Card","Card","Potion","Potion","Card","Potion","Card","Potion","Relic"],"build_version":"2020-12-22","purchased_purges":3,"victory":true,"max_hp_per_floor":[70,70,70,70,70,70,70,70,70,70,70,70,70,70,70,70,70,70,70,70,70,70,70,70,70,70,77,77,77,82,82,82,82,82,82,82,82,82,82,82,82,82,82,82,82,82,82,82,82,82],"card_choices":[{"not_picked":["Prepared","Slice"],"picked":"Blade Dance","floor":1},{"not_picked":["Reflex","Slice"],"picked":"Flying Knee","floor":2},{"not_picked":["Bouncing Flask","Calculated Gamble"],"picked":"Footwork","floor":4},{"not_picked":["Prepared","Quick Slash"],"picked":"Dodge and Roll","floor":5},{"not_picked":["Quick Slash","Dodge and Roll"],"picked":"Expertise","floor":6},{"not_picked":["Distraction","Skewer"],"picked":"Prepared","floor":7},{"not_picked":["Outmaneuver","Concentrate"],"picked":"Deadly Poison","floor":8},{"not_picked":["Outmaneuver","Escape Plan"],"picked":"Well Laid Plans","floor":10},{"not_picked":["Dodge and Roll","Eviscerate"],"picked":"Dash","floor":14},{"not_picked":["Unload","Venomology"],"picked":"Adrenaline","floor":16},{"not_picked":["Distraction","Dagger Throw"],"picked":"Caltrops+1","floor":18},{"not_picked":["Prepared","Accuracy+1"],"picked":"Blur","floor":20},{"not_picked":["Dagger Throw","Prepared","Quick Slash"],"picked":"SKIP","floor":21},{"not_picked":["Tactician","Riddle With Holes"],"picked":"Deflect+1","floor":23},{"not_picked":["Unload","Choke"],"picked":"Caltrops+1","floor":25},{"not_picked":["Well Laid Plans","Dagger Throw","Concentrate+1"],"picked":"SKIP","floor":27},{"not_picked":["Underhanded Strike","Blade Dance"],"picked":"Backflip+1","floor":28},{"not_picked":["Eviscerate","Endless Agony"],"picked":"Deadly Poison+1","floor":29},{"not_picked":["Doppelganger","Glass Knife"],"picked":"Adrenaline","floor":33},{"not_picked":["Slice+1","Deadly Poison+1","Masterful Stab"],"picked":"SKIP","floor":35},{"not_picked":["Dagger Throw+1","Caltrops"],"picked":"Dodge and Roll","floor":37},{"not_picked":["Dodge and Roll+1","Dagger Spray","Slice+1"],"picked":"SKIP","floor":38},{"not_picked":["Cloak And Dagger","Dagger Spray+1","Backflip+1"],"picked":"SKIP","floor":39},{"not_picked":["Sucker Punch","Endless Agony"],"picked":"Catalyst+1","floor":41},{"not_picked":["Crippling Poison+1","Riddle With Holes"],"picked":"PiercingWail","floor":44},{"not_picked":["Underhanded Strike+1","Outmaneuver+1","Tactician"],"picked":"SKIP","floor":46},{"not_picked":["Outmaneuver+1","All Out Attack","Underhanded Strike"],"picked":"SKIP","floor":47},{"not_picked":["Enlightenment","Bandage Up"],"picked":"Panacea","floor":48}],"player_experience":214728,"relics_obtained":[{"floor":6,"key":"CeramicFish"},{"floor":8,"key":"Snake Skull"},{"floor":9,"key":"Bronze Scales"},{"floor":10,"key":"Blood Vial"},{"floor":14,"key":"Oddly Smooth Stone"},{"floor":23,"key":"Centennial Puzzle"},{"floor":25,"key":"Gremlin Horn"},{"floor":27,"key":"Strawberry"},{"floor":29,"key":"Pen Nib"},{"floor":41,"key":"Bottled Lightning"},{"floor":43,"key":"Bag of Marbles"},{"floor":44,"key":"Incense Burner"}],"event_choices":[{"damage_healed":0,"gold_gain":0,"player_choice":"Ignored","damage_taken":0,"max_hp_gain":0,"max_hp_loss":0,"event_name":"Golden Wing","floor":12,"gold_loss":0},{"damage_healed":0,"gold_gain":0,"player_choice":"Searched \u00271\u0027 times","damage_taken":0,"max_hp_gain":0,"max_hp_loss":0,"event_name":"Dead Adventurer","floor":14,"gold_loss":0},{"cards_removed":["Strike_G"],"damage_healed":0,"gold_gain":0,"player_choice":"Upgrade and Remove","damage_taken":0,"max_hp_gain":0,"max_hp_loss":0,"event_name":"Designer","floor":19,"gold_loss":90,"cards_upgraded":["Strike_G"]},{"damage_healed":0,"gold_gain":0,"player_choice":"Shed Blood","damage_taken":19,"max_hp_gain":5,"max_hp_loss":0,"event_name":"Forgotten Altar","floor":30,"gold_loss":0},{"damage_healed":0,"gold_gain":0,"player_choice":"Forge","damage_taken":0,"max_hp_gain":0,"max_hp_loss":0,"event_name":"Accursed Blacksmith","floor":36,"gold_loss":0,"cards_upgraded":["Neutralize"]},{"damage_healed":0,"gold_gain":0,"player_choice":"Memory 1","damage_taken":0,"max_hp_gain":0,"max_hp_loss":0,"event_name":"SensoryStone","floor":48,"gold_loss":0}],"is_beta":false,"boss_relics":[{"not_picked":["Tiny House","Philosopher\u0027s Stone"],"picked":"Velvet Choker"},{"not_picked":["Black Star","Coffee Dripper"],"picked":"Astrolabe"}],"items_purged_floors":[22,31,45],"is_endless":false,"potions_floor_spawned":[2,4,5,6,8,21,23,25,27,35,44,47],"ascension_level":4}}