{"host":"vtau6v10kn9bsk8e","time":1614248790,"event":{"mods":["Always Whale","BaseMod","Minty Spire (QoL Compilation)","StSLib","SuperFastMode","¡¾ÒÅÎï¿¨ÅÆ¡¿REMEMod"],"gold_per_floor":[117,128,144,163,176,209,240,274,274,274,288,134,160,160,160,256,256,276,216,63,79,93,121,121,121,121,134,159,176,210,220,220,333,333,351,351,364,364,380,414,434,235,235,270,270,301,313,347,347,347],"floor_reached":51,"language":"ZHS","playtime":2489,"items_purged":[],"score":1084,"play_id":"1a31b278-6beb-4794-b7d3-b74a69d1662b","local_time":"20210225182630","daily_mods":["Shiny","Vintage","Heirloom","Time Dilation","Flight"],"is_ascension_mode":false,"campfire_choices":[{"floor":10,"key":"REST"},{"data":"Electrodynamics","floor":15,"key":"SMITH"},{"data":"REME_MawOfCthun","floor":25,"key":"SMITH"},{"data":"Creative AI","floor":32,"key":"SMITH"},{"floor":45,"key":"REST"},{"data":"Echo Form","floor":49,"key":"SMITH"}],"circlet_count":0,"master_deck":["Hyperbeam","REME_ForAll","Machine Learning","Buffer","Seek","Echo Form+1","All For One","Reboot+1","Fission+1","Core Surge","Multi-Cast","Thunder Strike","Biased Cognition","REME_Shoggoth","Electrodynamics+1","Rainbow","Meteor Strike","Amplify","Creative AI+1","Judgement","Storm","REME_MawOfCthun+1","Biased Cognition","REME_MawOfCthun+1","Capacitor"],"relics":["Cracked Core","REME_ComplimentaryCards","TungstenRod","Centennial Puzzle","Du-Vu Doll","Anchor","PreservedInsect","InkBottle","MealTicket","Boot","Bronze Scales","CeramicFish","Lantern","Runic Capacitor","War Paint","SlaversCollar","Thread and Needle","Ornamental Fan","Torii","Orichalcum","CultistMask","Ginger","Singing Bowl","REME_HandOfSuture","Cables","Matryoshka","Tiny Chest","SacredBark","Darkstone Periapt","Mango","StoneCalendar","Strawberry","Shovel","StrikeDummy","DollysMirror","Omamori","Pocketwatch","Art of War","Incense Burner","CaptainsWheel","The Courier"],"acts_visited":["Exordium","TheCity","TheBeyond"],"potions_floor_usage":[5,5,6,6,16,27,39,44],"damage_taken":[{"damage":0,"enemies":"Small Slimes","floor":1,"turns":3},{"damage":0,"enemies":"Cultist","floor":2,"turns":3},{"damage":0,"enemies":"Jaw Worm","floor":3,"turns":2},{"damage":0,"enemies":"3 Louse","floor":4,"turns":1},{"damage":18,"enemies":"Large Slime","floor":5,"turns":3},{"damage":13,"enemies":"Lagavulin","floor":6,"turns":3},{"damage":0,"enemies":"Gremlin Nob","floor":7,"turns":2},{"damage":12,"enemies":"Lagavulin","floor":8,"turns":4},{"damage":2,"enemies":"Red Slaver","floor":11,"turns":2},{"damage":13,"enemies":"Gremlin Nob","floor":13,"turns":3},{"damage":43,"enemies":"Hexaghost","floor":16,"turns":5},{"damage":0,"enemies":"Spheric Guardian","floor":18,"turns":1},{"damage":0,"enemies":"Shell Parasite","floor":21,"turns":2},{"damage":0,"enemies":"Shelled Parasite and Fungi","floor":22,"turns":4},{"damage":6,"enemies":"REME_1_Revenger","floor":23,"turns":3},{"damage":0,"enemies":"Centurion and Healer","floor":27,"turns":7},{"damage":0,"enemies":"Gremlin Leader","floor":28,"turns":3},{"damage":0,"enemies":"Snecko","floor":29,"turns":2},{"damage":0,"enemies":"Slavers","floor":30,"turns":1},{"damage":0,"enemies":"Shelled Parasite and Fungi","floor":31,"turns":3},{"damage":11,"enemies":"Automaton","floor":33,"turns":6},{"damage":0,"enemies":"3 Shapes","floor":35,"turns":4},{"damage":0,"enemies":"3 Darklings","floor":37,"turns":2},{"damage":9,"enemies":"Jaw Worm Horde","floor":39,"turns":3},{"damage":39,"enemies":"Nemesis","floor":40,"turns":5},{"damage":14,"enemies":"Transient","floor":41,"turns":5},{"damage":12,"enemies":"Reptomancer","floor":44,"turns":3},{"damage":0,"enemies":"Giant Head","floor":46,"turns":6},{"damage":0,"enemies":"Maw","floor":47,"turns":4},{"damage":0,"enemies":"Reptomancer","floor":48,"turns":3},{"damage":27,"enemies":"Donu and Deca","floor":50,"turns":5}],"seed_played":"7550761702579185618","potions_obtained":[{"floor":1,"key":"REME_GoldPotion"},{"floor":2,"key":"EssenceOfSteel"},{"floor":4,"key":"ColorlessPotion"},{"floor":5,"key":"Fruit Juice"},{"floor":8,"key":"PotionOfCapacity"},{"floor":16,"key":"ColorlessPotion"},{"floor":22,"key":"Swift Potion"},{"floor":27,"key":"Fruit Juice"},{"floor":30,"key":"DuplicationPotion"},{"floor":40,"key":"SteroidPotion"},{"floor":46,"key":"Fire Potion"},{"floor":48,"key":"ColorlessPotion"}],"is_trial":true,"path_per_floor":["M","M","M","M","M","E","E","E","T","R","M","$","E","?","R","B",null,"M","$","$","M","M","E","?","R","T","M","E","M","E","M","R","B",null,"M","?","M","$","M","E","M","$","T","E","R","E","M","E","R","B",null],"character_chosen":"DEFECT","items_purchased":["Runic Capacitor","Storm","REME_MawOfCthun","DollysMirror","Capacitor"],"campfire_rested":2,"item_purchase_floors":[12,19,20,42,42],"current_hp_per_floor":[75,75,75,75,62,49,49,37,37,61,59,74,61,61,61,18,80,80,80,80,80,80,74,74,74,74,79,81,81,83,83,83,72,89,89,103,103,103,101,64,50,65,65,55,89,91,91,93,93,66],"gold":347,"neow_bonus":"","is_daily":false,"chose_seed":false,"campfire_upgraded":4,"win_rate":0.0,"timestamp":1614248790,"path_taken":["M","M","M","M","M","E","E","E","T","R","M","$","E","?","R","BOSS","M","$","$","M","M","E","?","R","T","M","E","M","E","?","R","BOSS","M","?","M","$","M","E","M","$","T","E","R","E","?","E","R","BOSS"],"items_purchased_type":["Relic","Card","Card","Relic","Card"],"build_version":"2020-12-22","purchased_purges":0,"victory":true,"max_hp_per_floor":[75,75,75,75,80,80,80,80,80,80,80,80,80,80,80,80,80,80,80,80,80,80,80,80,80,80,85,87,87,89,89,89,89,89,89,103,103,103,110,112,112,112,112,114,114,116,116,118,118,118],"card_choices":[{"not_picked":["Fusion","Consume","Heatsinks"],"picked":"SKIP","floor":6},{"not_picked":["Ball Lightning","Streamline","Fusion"],"picked":"SKIP","floor":7},{"not_picked":["Stack","Reinforced Body","Beam Cell"],"picked":"SKIP","floor":8},{"not_picked":["Chaos","Scrape","Chill"],"picked":"SKIP","floor":13},{"not_picked":["Coolheaded","Turbo","Compile Driver"],"picked":"SKIP","floor":23},{"not_picked":["Sweeping Beam","Barrage","Seek"],"picked":"Singing Bowl","floor":28},{"not_picked":["Auto Shields","Sweeping Beam","Consume"],"picked":"Singing Bowl","floor":30},{"not_picked":["Rainbow","Multi-Cast","Hyperbeam"],"picked":"Biased Cognition","floor":33},{"not_picked":["Ball Lightning+1","Darkness+1","Redo"],"picked":"Singing Bowl","floor":40},{"not_picked":["Coolheaded+1","Static Discharge","Rebound+1"],"picked":"Singing Bowl","floor":44},{"not_picked":["Machine Learning","Compile Driver","Redo"],"picked":"Singing Bowl","floor":46},{"not_picked":["Barrage+1","Stack+1","Sweeping Beam"],"picked":"Singing Bowl","floor":48}],"player_experience":241543,"relics_obtained":[{"floor":1,"key":"Centennial Puzzle"},{"floor":2,"key":"Du-Vu Doll"},{"floor":3,"key":"Anchor"},{"floor":4,"key":"PreservedInsect"},{"floor":5,"key":"InkBottle"},{"floor":6,"key":"MealTicket"},{"floor":7,"key":"Boot"},{"floor":8,"key":"Bronze Scales"},{"floor":9,"key":"CeramicFish"},{"floor":11,"key":"Lantern"},{"floor":13,"key":"War Paint"},{"floor":18,"key":"Thread and Needle"},{"floor":21,"key":"Ornamental Fan"},{"floor":22,"key":"Torii"},{"floor":23,"key":"Orichalcum"},{"floor":26,"key":"Ginger"},{"floor":27,"key":"Singing Bowl"},{"floor":28,"key":"REME_HandOfSuture"},{"floor":29,"key":"Cables"},{"floor":30,"key":"Matryoshka"},{"floor":31,"key":"Tiny Chest"},{"floor":35,"key":"Darkstone Periapt"},{"floor":37,"key":"StoneCalendar"},{"floor":39,"key":"Strawberry"},{"floor":40,"key":"Shovel"},{"floor":41,"key":"StrikeDummy"},{"floor":43,"key":"Omamori"},{"floor":43,"key":"Pocketwatch"},{"floor":44,"key":"Art of War"},{"floor":46,"key":"Incense Burner"},{"floor":47,"key":"CaptainsWheel"},{"floor":48,"key":"The Courier"}],"event_choices":[{"damage_healed":0,"gold_gain":0,"player_choice":"Bought 0 Potions","damage_taken":0,"max_hp_gain":0,"max_hp_loss":0,"event_name":"The Woman in Blue","floor":14,"gold_loss":0},{"damage_healed":0,"gold_gain":0,"player_choice":"Trade","damage_taken":0,"relics_obtained":["CultistMask"],"max_hp_gain":0,"max_hp_loss":0,"event_name":"FaceTrader","floor":24,"gold_loss":0},{"damage_healed":0,"gold_gain":0,"player_choice":"Gave Potion","damage_taken":0,"relics_obtained":["Mango"],"max_hp_gain":0,"max_hp_loss":0,"event_name":"WeMeetAgain","floor":36,"gold_loss":0}],"is_beta":false,"boss_relics":[{"not_picked":["Fusion Hammer","Inserter"],"picked":"SlaversCollar"},{"not_picked":["Runic Dome","Runic Pyramid"],"picked":"SacredBark"}],"items_purged_floors":[],"is_endless":false,"potions_floor_spawned":[1,2,4,5,8,16,22,27,30,31,35,40,46,48],"ascension_level":0}}