{"host":"xpgmdkzynapqiwc4","time":1614274761,"event":{"mods":["BaseMod","Colored Map","Hubris","Minty Spire (QoL Compilation)","StSLib"],"gold_per_floor":[117,129,142,67,17,45,45,72,97,97,97,113,124,152,152,251,251,264,264,264,164,178,207,222,296,320,348,77,94,119,146,146,241,241,254,254,254,274,120,151,151,161,161,161,188,216,249,268,268,268],"floor_reached":51,"language":"ENG","playtime":2307,"items_purged":["Strike_R","Strike_R+1","Strike_R+1"],"score":1168,"play_id":"3a9fe6a2-7c5a-4599-a09b-82e66331de16","local_time":"20210225113921","is_ascension_mode":true,"campfire_choices":[{"data":"Shockwave","floor":7.0,"key":"SMITH"},{"floor":11.0,"key":"REST"},{"data":"Pummel","floor":15.0,"key":"SMITH"},{"data":"Demon Form","floor":32,"key":"SMITH"},{"data":"Limit Break","floor":41,"key":"SMITH"},{"floor":49,"key":"REST"}],"circlet_count":0,"master_deck":["Strike_R+1","Defend_R+1","Defend_R+1","Defend_R+1","Defend_R+1","Bash","Twin Strike+1","Second Wind+1","Shrug It Off+1","Shockwave+1","Spot Weakness","Disarm","Pummel+1","Offering+1","Double Tap","Heavy Blade+1","Ghostly Armor+1","Fire Breathing+1","Battle Trance+1","Demon Form+1","Limit Break+1","Disarm+1"],"relics":["Black Blood","NeowsBlessing","Darkstone Periapt","Whetstone","Omamori","WarpedTongs","Pear","Sozu","War Paint","Bag of Marbles","hubris:SphereOfDissonance","MealTicket","hubris:GlazedTorus","Lee\u0027s Waffle","WingedGreaves","hubris:MysteriousPyramids","hubris:Towel","Juzu Bracelet","Vajra","hubris:Reverence","Toy Ornithopter","FossilizedHelix","Orichalcum"],"acts_visited":["Exordium","TheCity","TheBeyond"],"potions_floor_usage":[50],"damage_taken":[{"damage":0.0,"enemies":"Cultist","floor":1.0,"turns":1.0},{"damage":0.0,"enemies":"2 Louse","floor":2.0,"turns":1.0},{"damage":0.0,"enemies":"Small Slimes","floor":3.0,"turns":1.0},{"damage":51.0,"enemies":"3 Sentries","floor":6.0,"turns":16.0},{"damage":14.0,"enemies":"Gremlin Nob","floor":8.0,"turns":4.0},{"damage":6.0,"enemies":"Gremlin Gang","floor":12.0,"turns":6.0},{"damage":4.0,"enemies":"Looter","floor":13.0,"turns":4.0},{"damage":12.0,"enemies":"Lagavulin","floor":14.0,"turns":4.0},{"damage":31,"enemies":"Slime Boss","floor":16,"turns":9},{"damage":0,"enemies":"Spheric Guardian","floor":18,"turns":2},{"damage":8,"enemies":"2 Thieves","floor":22,"turns":3},{"damage":26,"enemies":"Gremlin Leader","floor":23,"turns":5},{"damage":25,"enemies":"Centurion and Healer","floor":24,"turns":4},{"damage":25,"enemies":"Slavers","floor":27,"turns":5},{"damage":6,"enemies":"3 Cultists","floor":29,"turns":3},{"damage":8,"enemies":"Gremlin Leader","floor":30,"turns":3},{"damage":21,"enemies":"Book of Stabbing","floor":31,"turns":3},{"damage":29,"enemies":"hubris:MusketHawk","floor":33,"turns":5},{"damage":6,"enemies":"3 Shapes","floor":35,"turns":4},{"damage":7,"enemies":"3 Darklings","floor":38,"turns":3},{"damage":19,"enemies":"Reptomancer","floor":40,"turns":3},{"damage":26,"enemies":"Jaw Worm Horde","floor":42,"turns":4},{"damage":38,"enemies":"Nemesis","floor":45,"turns":3},{"damage":29,"enemies":"Reptomancer","floor":46,"turns":5},{"damage":0,"enemies":"Giant Head","floor":47,"turns":6},{"damage":0,"enemies":"Spire Growth","floor":48,"turns":3},{"damage":28,"enemies":"Donu and Deca","floor":50,"turns":5}],"seed_played":"-3265858573885646013","potions_obtained":[{"floor":2.0,"key":"Ancient Potion"},{"floor":6.0,"key":"HeartOfIron"},{"floor":8.0,"key":"Fruit Juice"},{"floor":12.0,"key":"Weak Potion"},{"floor":13.0,"key":"Strength Potion"}],"is_trial":false,"path_per_floor":["M","M","M","$","?","E","R","E","T","?","R","M","M","E","R","B",null,"M","?","?","$","M","E","M","T","T","E","$","M","E","E","R","B",null,"M","?","?","M","$","E","R","M","T","?","E","E","E","M","R","B",null],"character_chosen":"IRONCLAD","items_purchased":["Lee\u0027s Waffle","Juzu Bracelet"],"campfire_rested":2,"item_purchase_floors":[28,39],"current_hp_per_floor":[80,80,80,80,80,35,35,32,32,32,57,57,59,63,63,38,95,95,95,95,95,93,73,54,54,54,35,102,102,100,85,85,62,102,102,102,102,102,102,95,95,81,81,84,58,41,53,65,95,84],"gold":268,"neow_bonus":"THREE_ENEMY_KILL","is_daily":false,"chose_seed":false,"campfire_upgraded":4,"win_rate":0.0,"timestamp":1614274761,"path_taken":["M","M","M","$","?","E","R","E","T","?","R","M","?","E","R","BOSS","M","?","?","$","M","E","?","?","T","E","$","M","E","E","R","BOSS","M","?","?","M","$","E","R","M","T","?","E","E","E","M","R","BOSS"],"items_purchased_type":["Relic","Relic"],"build_version":"2020-12-22","purchased_purges":3,"victory":true,"max_hp_per_floor":[80,80,80,80,80,80,80,85,85,85,85,85,85,95,95,95,95,95,95,95,95,95,95,95,95,95,95,102,102,102,102,102,102,102,102,102,102,102,102,102,102,102,102,102,102,102,102,102,102,102],"card_choices":[{"not_picked":["Clothesline","Sword Boomerang"],"picked":"Twin Strike","floor":1.0},{"not_picked":["Iron Wave","Cleave"],"picked":"Second Wind","floor":2.0},{"not_picked":["Reckless Charge","hubris:SharpeningStone"],"picked":"Shrug It Off","floor":3.0},{"not_picked":["Intimidate","Rampage"],"picked":"Shockwave","floor":6.0},{"not_picked":["Entrench","Wild Strike"],"picked":"Spot Weakness","floor":8.0},{"not_picked":["Whirlwind","Inflame"],"picked":"Disarm","floor":12.0},{"not_picked":["Perfected Strike","Entrench"],"picked":"Pummel","floor":13.0},{"not_picked":["Warcry","Perfected Strike"],"picked":"Offering","floor":14.0},{"not_picked":["Juggernaut","Offering"],"picked":"Double Tap","floor":16},{"not_picked":["Metallicize","Headbutt"],"picked":"Heavy Blade+1","floor":18},{"not_picked":["Power Through","Second Wind","True Grit"],"picked":"SKIP","floor":22},{"not_picked":["Thunderclap","Sword Boomerang+1","Rage+1"],"picked":"SKIP","floor":23},{"not_picked":["Pommel Strike","Fire Breathing","Anger"],"picked":"SKIP","floor":24},{"not_picked":["Rage+1","Evolve"],"picked":"Ghostly Armor+1","floor":27},{"not_picked":["Searing Blow+1","Uppercut"],"picked":"Fire Breathing+1","floor":29},{"not_picked":["Pommel Strike","Twin Strike"],"picked":"Battle Trance","floor":30},{"not_picked":["Sentinel","Seeing Red"],"picked":"Demon Form","floor":31},{"not_picked":["Immolate","Barricade"],"picked":"Limit Break","floor":33},{"not_picked":["Havoc","Clothesline+1","Rampage+1"],"picked":"SKIP","floor":35},{"not_picked":["Infernal Blade+1","Carnage+1","Pommel Strike+1"],"picked":"SKIP","floor":38},{"not_picked":["Heavy Blade+1","Rage+1","Iron Wave"],"picked":"SKIP","floor":40},{"not_picked":["Headbutt+1","Perfected Strike","Power Through"],"picked":"SKIP","floor":42},{"not_picked":["Havoc","Uppercut+1","Rupture"],"picked":"SKIP","floor":45},{"not_picked":["Infernal Blade","Spot Weakness+1","Clash"],"picked":"SKIP","floor":46},{"not_picked":["Headbutt+1","Flex"],"picked":"Disarm+1","floor":47},{"not_picked":["Twin Strike","Anger","Hemokinesis"],"picked":"SKIP","floor":48}],"player_experience":25035,"relics_obtained":[{"floor":6.0,"key":"Darkstone Periapt"},{"floor":8.0,"key":"Whetstone"},{"floor":9.0,"key":"Omamori"},{"floor":14.0,"key":"Pear"},{"floor":20,"key":"War Paint"},{"floor":23,"key":"Bag of Marbles"},{"floor":25,"key":"hubris:SphereOfDissonance"},{"floor":26,"key":"MealTicket"},{"floor":27,"key":"hubris:GlazedTorus"},{"floor":30,"key":"WingedGreaves"},{"floor":31,"key":"hubris:MysteriousPyramids"},{"floor":40,"key":"Vajra"},{"floor":43,"key":"hubris:Reverence"},{"floor":45,"key":"Toy Ornithopter"},{"floor":46,"key":"FossilizedHelix"},{"floor":47,"key":"Orichalcum"}],"event_choices":[{"cards_removed":["Strike_R"],"damage_healed":0.0,"max_hp_gain":0.0,"max_hp_loss":0.0,"gold_gain":0.0,"event_name":"The Cleric","player_choice":"Card Removal","floor":5.0,"gold_loss":50.0,"damage_taken":0.0},{"damage_healed":0.0,"max_hp_gain":0.0,"max_hp_loss":0.0,"gold_gain":0.0,"event_name":"Accursed Blacksmith","player_choice":"Rummage","floor":10.0,"gold_loss":0.0,"damage_taken":0.0,"relics_obtained":["WarpedTongs"],"cards_obtained":["Pain"]},{"damage_healed":0,"gold_gain":0,"player_choice":"Simplicity","damage_taken":0,"max_hp_gain":0,"max_hp_loss":0,"event_name":"Back to Basics","floor":19,"gold_loss":0,"cards_upgraded":["Strike_R","Strike_R","Defend_R","Defend_R","Defend_R","Defend_R"]},{"damage_healed":0,"gold_gain":0,"player_choice":"Relic","damage_taken":0,"max_hp_gain":0,"max_hp_loss":0,"event_name":"Wheel of Change","floor":20,"gold_loss":0},{"damage_healed":0,"gold_gain":0,"player_choice":"Upgraded","damage_taken":0,"max_hp_gain":0,"max_hp_loss":0,"event_name":"Upgrade Shrine","floor":44,"gold_loss":0,"cards_upgraded":["Battle Trance"]}],"is_beta":false,"boss_relics":[{"not_picked":["hubris:HollowSoul","SlaversCollar"],"picked":"Sozu"},{"not_picked":["Empty Cage","Philosopher\u0027s Stone"],"picked":"Black Blood"}],"items_purged_floors":[4,21,28],"is_endless":false,"potions_floor_spawned":[2,6,8,12,13,18,24,31,42,45,48],"ascension_level":4}}