{"host":"lsq35p0sdkx2xifo","time":1614234186,"event":{"mods":["AchievementEnabler","BaseMod","Highlight Path","Minty Spire (QoL Compilation)","StSLib","The Senshi"],"gold_per_floor":[109,109,34,34,11,49,49,68,146,146,186,186,210,229,229,352,352,377,377,476,501,525,525,525,525],"floor_reached":24,"language":"ENG","playtime":701,"items_purged":[],"score":306,"play_id":"3c06507d-5db9-4b79-80fb-34858c0d594a","local_time":"20210224222306","is_ascension_mode":true,"campfire_choices":[{"data":"Defragment","floor":7,"key":"SMITH"},{"floor":10,"key":"REST"},{"data":"Fusion","floor":12,"key":"SMITH"},{"floor":15,"key":"REST"},{"floor":23,"key":"REST"}],"circlet_count":0,"master_deck":["AscendersBane","Strike_B+1","Strike_B+1","Strike_B+1","Strike_B+1","Defend_B+1","Defend_B+1","Defend_B+1","Defend_B+1","Zap","Dualcast","FTL","Defragment+1","Cold Snap","FTL","Fusion+1","Ball Lightning","Lockon","Meteor Strike","CurseOfTheBell","Static Discharge+1","Tempest","Self Repair"],"relics":["Cracked Core","Smiling Mask","Golden Idol","Bronze Scales","Gremlin Horn","Matryoshka","Calling Bell","Bag of Marbles","Ornamental Fan","Shovel"],"acts_visited":["Exordium","TheCity"],"potions_floor_usage":[11,16,24],"damage_taken":[{"damage":4,"enemies":"Jaw Worm","floor":1,"turns":3},{"damage":20,"enemies":"Lagavulin","floor":6,"turns":7},{"damage":0,"enemies":"Small Slimes","floor":8,"turns":3},{"damage":29,"enemies":"Gremlin Nob","floor":11,"turns":3},{"damage":3,"enemies":"2 Louse","floor":13,"turns":2},{"damage":12,"enemies":"Looter","floor":14,"turns":3},{"damage":24,"enemies":"Hexaghost","floor":16,"turns":8},{"damage":23,"enemies":"Spheric Guardian","floor":18,"turns":5},{"damage":12,"enemies":"Chosen","floor":21,"turns":2},{"damage":27,"enemies":"Centurion and Healer","floor":22,"turns":5},{"damage":28,"enemies":"Slavers","floor":24,"turns":2}],"seed_played":"-5961219942572584258","potions_obtained":[{"floor":8,"key":"DistilledChaos"},{"floor":13,"key":"Regen Potion"},{"floor":18,"key":"EssenceOfSteel"},{"floor":22,"key":"CultistPotion"}],"is_trial":false,"path_per_floor":["M","?","$","?","?","E","R","M","T","R","E","R","M","M","R","B",null,"M","?","?","M","M","R","E"],"character_chosen":"DEFECT","items_purchased":["Defragment"],"campfire_rested":3,"item_purchase_floors":[3],"current_hp_per_floor":[71,68,68,68,68,48,48,48,48,70,41,41,38,26,48,39,67,44,44,44,32,5,27,0,0],"gold":525,"neow_bonus":"TEN_PERCENT_HP_BONUS","is_daily":false,"chose_seed":false,"campfire_upgraded":2,"win_rate":0.0,"timestamp":1614234186,"path_taken":["M","?","$","?","?","E","R","M","T","R","E","R","M","M","R","BOSS","M","?","?","M","M","R","E"],"items_purchased_type":["Card"],"build_version":"2020-12-22","purchased_purges":0,"victory":false,"max_hp_per_floor":[82,82,82,76,76,76,76,76,76,76,76,76,76,76,76,76,76,76,76,76,76,76,76,76,76],"card_choices":[{"not_picked":["Compile Driver","Recycle"],"picked":"FTL","floor":1},{"not_picked":["Ball Lightning","Sunder"],"picked":"Cold Snap","floor":6},{"not_picked":["Lockon","Ball Lightning"],"picked":"FTL","floor":8},{"not_picked":["Chaos","Stack"],"picked":"Fusion","floor":11},{"not_picked":["White Noise","Multi-Cast"],"picked":"Ball Lightning","floor":13},{"not_picked":["Hologram","Sweeping Beam"],"picked":"Lockon","floor":14},{"not_picked":["Hyperbeam","Reboot"],"picked":"Meteor Strike","floor":16},{"not_picked":["Turbo","Streamline"],"picked":"Static Discharge+1","floor":18},{"not_picked":["Rip and Tear","Doom and Gloom+1"],"picked":"Tempest","floor":21},{"not_picked":["Rebound","FTL"],"picked":"Self Repair","floor":22}],"player_experience":1437119,"relics_obtained":[{"floor":6,"key":"Bronze Scales"},{"floor":9,"key":"Gremlin Horn"},{"floor":11,"key":"Matryoshka"},{"floor":17,"key":"Bag of Marbles"},{"floor":17,"key":"Ornamental Fan"},{"floor":17,"key":"Shovel"}],"event_choices":[{"damage_healed":0,"gold_gain":0,"player_choice":"Success","damage_taken":3,"relics_obtained":["Smiling Mask"],"max_hp_gain":0,"max_hp_loss":0,"event_name":"Scrap Ooze","floor":2,"gold_loss":0},{"damage_healed":0,"gold_gain":0,"player_choice":"Lose Max HP","damage_taken":0,"relics_obtained":["Golden Idol"],"max_hp_gain":0,"max_hp_loss":6,"event_name":"Golden Idol","floor":4,"gold_loss":0},{"damage_healed":0,"gold_gain":0,"player_choice":"Left Gold","damage_taken":0,"max_hp_gain":0,"max_hp_loss":0,"event_name":"World of Goop","floor":5,"gold_loss":23},{"damage_healed":0,"gold_gain":0,"player_choice":"Simplicity","damage_taken":0,"max_hp_gain":0,"max_hp_loss":0,"event_name":"Back to Basics","floor":19,"gold_loss":0,"cards_upgraded":["Strike_B","Strike_B","Strike_B","Strike_B","Defend_B","Defend_B","Defend_B","Defend_B"]},{"damage_healed":0,"gold_gain":99,"player_choice":"Stole From Cult","damage_taken":0,"max_hp_gain":0,"max_hp_loss":0,"event_name":"Nest","floor":20,"gold_loss":0}],"is_beta":false,"boss_relics":[{"not_picked":["Fusion Hammer","Snecko Eye"],"picked":"Calling Bell"}],"items_purged_floors":[],"is_endless":false,"potions_floor_spawned":[8,13,18,22],"killed_by":"Slavers","ascension_level":10}}