{"host":"gcjbq24aew6ut89u","time":1614247468,"event":{"mods":["BaseMod","Colored Powertips","Highlight Path","KomeijiMod","Lobotomy","Marisa£®ÏF”Í°°ƒß¿Ì…≥£©","Minty Spire (QoL Compilation)","Replay The Spire","Shop Mod","StSLib","The Jungle","Waifu the Spire"],"gold_per_floor":[111,122,47,47,57,57,83,83,138,148,148,162,173,173,173,278,278,298,315,315,315,333,333,333,178,227,72,12,38,38,38,38,141,141,153,169,169,215,230,262,5,32,32,82,82,82,94,94,94,94,94,94,18,44,44,44],"floor_reached":55,"language":"ZHS","playtime":2789,"items_purged":["Strike_G","Defend_G"],"score":1013,"play_id":"498af886-8e95-434b-8764-5d7246509187","local_time":"20210225180428","is_ascension_mode":true,"campfire_choices":[{"data":"Neutralize","floor":6.0,"key":"SMITH"},{"floor":8.0,"key":"REST"},{"floor":15.0,"key":"REST"},{"floor":23.0,"key":"REST"},{"data":"Blade Dance","floor":32.0,"key":"SMITH"},{"floor":45.0,"key":"RECALL"},{"floor":49.0,"key":"REST"},{"data":"Replay:Bag of Tricks","floor":52.0,"key":"SMITH"}],"circlet_count":0,"master_deck":["Strike_G+1","Defend_G+1","Defend_G+1","Defend_G","Survivor","Neutralize+1","Choke+1","Backflip","Blade Dance+1","Hidden Blade","Accuracy+1","Replay:Bag of Tricks+1","Finisher+1","Blade Dance+1","Storm of Steel"],"relics":["Ring of the Snake","Gremlin Food","Replay:Wax Seal","Bag of Preparation","Ring of Panic","Busted Crown","Juzu Bracelet","Anchor","Blood Vial","ReplayTheSpireMod:Ninjato","Replay:Drink Me","Pocketwatch","Iron Hammer","Onion Ring","Tingsha","Ninja Scroll"],"acts_visited":["Exordium","TheCity","TheBeyond","TheEnding"],"potions_floor_usage":[55,55,55],"damage_taken":[{"damage":1.0,"enemies":"Cultist","floor":1.0,"turns":4.0},{"damage":2.0,"enemies":"Small Slimes","floor":2.0,"turns":4.0},{"damage":2.0,"enemies":"Jaw Worm","floor":5.0,"turns":6.0},{"damage":32.0,"enemies":"3 Sentries","floor":7.0,"turns":18.0},{"damage":1.0,"enemies":"Blue Slaver","floor":10.0,"turns":4.0},{"damage":11.0,"enemies":"Large Slime","floor":12.0,"turns":8.0},{"damage":1.0,"enemies":"2 Fungi Beasts","floor":13.0,"turns":3.0},{"damage":41.0,"enemies":"Slime Boss","floor":16.0,"turns":16.0},{"damage":0.0,"enemies":"Shell Parasite","floor":18.0,"turns":2.0},{"damage":0.0,"enemies":"Chosen","floor":19.0,"turns":3.0},{"damage":9.0,"enemies":"Snake Plant","floor":22.0,"turns":3.0},{"damage":10.0,"enemies":"Book of Stabbing","floor":29.0,"turns":4.0},{"damage":49.0,"enemies":"Pondfish","floor":33.0,"turns":9.0},{"damage":0.0,"enemies":"Orb Walker","floor":35.0,"turns":2.0},{"damage":0.0,"enemies":"3 Shapes","floor":36.0,"turns":4.0},{"damage":0.0,"enemies":"2 Orb Walkers","floor":38.0,"turns":3.0},{"damage":0.0,"enemies":"3 Darklings","floor":39.0,"turns":2.0},{"damage":5.0,"enemies":"R_Hoarder","floor":40.0,"turns":6.0},{"damage":8.0,"enemies":"Reptomancer","floor":42.0,"turns":2.0},{"damage":0.0,"enemies":"Mind Bloom Boss Battle","floor":44.0,"turns":1.0},{"damage":0.0,"enemies":"Jaw Worm Horde","floor":47.0,"turns":2.0},{"damage":47.0,"enemies":"Awakened One","floor":50.0,"turns":8.0},{"damage":0.0,"enemies":"Shield and Spear","floor":54.0,"turns":2.0},{"damage":57,"enemies":"The Heart","floor":55,"turns":5}],"seed_played":"-5515972745017128366","potions_obtained":[{"floor":5.0,"key":"BlessingOfTheForge"},{"floor":10.0,"key":"Weak Potion"},{"floor":12.0,"key":"Energy Potion"},{"floor":18.0,"key":"Energy Potion"},{"floor":29.0,"key":"FearPotion"}],"is_trial":false,"path_per_floor":["M","M","$","?","M","R","E","R","T","M","?","M","M","?","R","B",null,"M","M","?","?","M","R","?","$","T","$","?","E","?","?","R","B",null,"M","M","?","?","M","E","$","E","T","?","R","?","M","?","R","B",null,"R","$","E","B"],"character_chosen":"THE_SILENT","items_purchased":["Juzu Bracelet","Blood Vial","Storm of Steel","GamblersBrew"],"campfire_rested":4,"item_purchase_floors":[25,27,41,53],"current_hp_per_floor":[69,67,67,60,58,58,26,47,47,46,46,35,34,34,55,14,70,70,70,57,57,48,70,75,75,75,75,75,65,65,65,65,18,57,57,57,57,57,57,52,52,46,46,48,48,48,50,50,57,10,57,57,57,57,0,0],"gold":44,"neow_bonus":"RANDOM_COMMON_RELIC","is_daily":false,"chose_seed":false,"campfire_upgraded":3,"win_rate":0.0,"timestamp":1614247468,"path_taken":["M","M","$","?","M","R","E","R","T","M","?","?","M","?","R","BOSS","M","M","?","?","M","R","?","?","T","$","?","E","?","?","R","BOSS","M","M","?","?","M","E","$","E","T","?","R","?","M","?","R","BOSS","R","$","E","BOSS"],"items_purchased_type":["Relic","Relic","Card","Potion"],"build_version":"2020-12-22","purchased_purges":2,"victory":false,"max_hp_per_floor":[70,70,70,70,70,70,70,70,70,70,70,70,70,70,70,70,70,70,70,75,75,75,75,75,75,75,75,75,75,75,75,75,75,57,57,57,57,57,57,57,57,57,57,57,57,57,57,57,57,57,57,57,57,57,57,57],"card_choices":[{"not_picked":["Outmaneuver","ReplayTheSpireMod:The Works","Slice"],"picked":"SKIP","floor":1.0},{"not_picked":["Poisoned Stab","PiercingWail","Flying Knee"],"picked":"SKIP","floor":2.0},{"not_picked":["Sucker Punch","Terror","Unload"],"picked":"SKIP","floor":5.0},{"not_picked":["ReplayTheSpireMod:Shiv Toss","Masterful Stab"],"picked":"Choke","floor":7.0},{"not_picked":["Bouncing Flask","Toxin Wave","Sucker Punch"],"picked":"SKIP","floor":10.0},{"not_picked":["Flying Knee","Bane","ReplayTheSpireMod:Speed Training"],"picked":"SKIP","floor":12.0},{"not_picked":["Underhanded Strike","Poisoned Stab"],"picked":"Backflip","floor":13.0},{"not_picked":["Doppelganger","Venomology"],"picked":"Glass Knife","floor":16.0},{"not_picked":["Slice"],"picked":"SKIP","floor":18.0},{"not_picked":["Dagger Throw+1"],"picked":"SKIP","floor":19.0},{"not_picked":[],"picked":"Hidden Blade","floor":22.0},{"not_picked":["Bullet Time"],"picked":"SKIP","floor":29.0},{"not_picked":[],"picked":"Replay:Bag of Tricks","floor":33.0},{"not_picked":["Flying Knee"],"picked":"SKIP","floor":35.0},{"not_picked":["Deflect"],"picked":"SKIP","floor":36.0},{"not_picked":[],"picked":"Finisher+1","floor":38.0},{"not_picked":[],"picked":"Blade Dance+1","floor":39.0},{"not_picked":["Predator+1"],"picked":"SKIP","floor":40.0},{"not_picked":["Riddle With Holes"],"picked":"SKIP","floor":42.0},{"not_picked":["Dagger Throw"],"picked":"SKIP","floor":47.0},{"not_picked":["Blade Dance+1"],"picked":"SKIP","floor":54.0}],"player_experience":73634,"relics_obtained":[{"floor":7.0,"key":"Replay:Wax Seal"},{"floor":9.0,"key":"Bag of Preparation"},{"floor":11.0,"key":"Ring of Panic"},{"floor":26.0,"key":"Anchor"},{"floor":29.0,"key":"ReplayTheSpireMod:Ninjato"},{"floor":38.0,"key":"Pocketwatch"},{"floor":40.0,"key":"Iron Hammer"},{"floor":42.0,"key":"Onion Ring"},{"floor":44.0,"key":"Tingsha"},{"floor":54.0,"key":"Ninja Scroll"}],"event_choices":[{"cards_removed":["Strike_G"],"damage_healed":0.0,"max_hp_gain":0.0,"max_hp_loss":0.0,"gold_gain":0.0,"event_name":"Golden Wing","player_choice":"Card Removal","floor":4.0,"gold_loss":0.0,"damage_taken":7.0},{"damage_healed":0.0,"max_hp_gain":0.0,"max_hp_loss":0.0,"gold_gain":0.0,"event_name":"Living Wall","player_choice":"Grow","floor":14.0,"gold_loss":0.0,"damage_taken":0.0,"cards_upgraded":["Choke"]},{"damage_healed":0.0,"max_hp_gain":5.0,"max_hp_loss":0.0,"gold_gain":0.0,"event_name":"Forgotten Altar","player_choice":"Shed Blood","floor":20.0,"gold_loss":0.0,"damage_taken":18.0},{"damage_healed":0.0,"max_hp_gain":0.0,"max_hp_loss":0.0,"gold_gain":0.0,"event_name":"The Library","player_choice":"Read","floor":21.0,"gold_loss":0.0,"damage_taken":0.0,"cards_obtained":["Blade Dance"]},{"damage_healed":0.0,"max_hp_gain":0.0,"max_hp_loss":0.0,"gold_gain":0.0,"cards_transformed":["Strike_G","Strike_G"],"event_name":"Drug Dealer","player_choice":"Became Test Subject","floor":30.0,"gold_loss":0.0,"damage_taken":0.0,"cards_obtained":["Accuracy","Expertise"]},{"damage_healed":0.0,"max_hp_gain":0.0,"max_hp_loss":0.0,"gold_gain":0.0,"event_name":"Tomb of Lord Red Mask","player_choice":"Ignored","floor":37.0,"gold_loss":0.0,"damage_taken":0.0},{"damage_healed":0.0,"max_hp_gain":0.0,"max_hp_loss":0.0,"gold_gain":0.0,"event_name":"Mysterious Sphere","player_choice":"Fight","floor":38.0,"gold_loss":0.0,"damage_taken":0.0},{"damage_healed":0.0,"max_hp_gain":0.0,"max_hp_loss":0.0,"gold_gain":0.0,"event_name":"MindBloom","player_choice":"Fight","floor":44.0,"gold_loss":0.0,"damage_taken":0.0},{"damage_healed":0.0,"max_hp_gain":0.0,"max_hp_loss":0.0,"gold_gain":0.0,"event_name":"SensoryStone","player_choice":"Memory 1","floor":48.0,"gold_loss":0.0,"damage_taken":0.0}],"is_beta":false,"boss_relics":[{"not_picked":["Honey Jar","HoveringKite"],"picked":"Busted Crown"},{"not_picked":["Velvet Choker","Replay:Ancient Bell"],"picked":"Replay:Drink Me"}],"items_purged_floors":[3,41],"is_endless":false,"potions_floor_spawned":[5,10,12,13,18,29,38,39,42],"killed_by":"The Heart","ascension_level":1}}