{"host":"r4aerl4ckfvw1dw3","time":1614236017,"event":{"mods":["BaseMod","BetterRewards","Minty Spire (QoL Compilation)","Quick Restart","StSLib"],"gold_per_floor":[11,11,31,31,51,51,65,65,65,94,21,21,47,60,60,157,157,169,24,49,139,150,150,178,190,190,205,232,232,3,23,23,23,23],"floor_reached":33,"language":"ENG","playtime":3399,"items_purged":[],"score":443,"play_id":"06a5aedf-3e4b-4f0e-8fe7-f63365666d80","local_time":"20210224225337","is_ascension_mode":true,"campfire_choices":[{"data":"Zap","floor":6.0,"key":"SMITH"},{"data":"Core Surge","floor":8.0,"key":"SMITH"},{"floor":12,"key":"REST"},{"floor":15,"key":"REST"},{"floor":23,"key":"REST"},{"floor":29,"key":"REST"},{"floor":32,"key":"REST"}],"circlet_count":0,"master_deck":["AscendersBane","Strike_B","Strike_B","Strike_B","Defend_B","Defend_B","Defend_B","Defend_B","Zap+1","Dualcast+1","Core Surge+1","BootSequence","Cold Snap","Cold Snap","Go for the Eyes","Ball Lightning","Steam","Coolheaded","Compile Driver","Meteor Strike","Turbo","Coolheaded","Steam","Compile Driver","Conserve Battery+1","Go for the Eyes+1","Doom and Gloom","Fusion","Capacitor","Seek","Creative AI","Glacier+1"],"relics":["Cracked Core","Letter Opener","Blue Candle","Turnip","Philosopher\u0027s Stone","Bag of Preparation","Red Mask","Kunai","Pen Nib","Dream Catcher"],"acts_visited":["Exordium","TheCity"],"potions_floor_usage":[20,24,28,28,28],"damage_taken":[{"damage":0.0,"enemies":"Cultist","floor":1.0,"turns":4.0},{"damage":0.0,"enemies":"Small Slimes","floor":3.0,"turns":4.0},{"damage":0.0,"enemies":"Jaw Worm","floor":5.0,"turns":3.0},{"damage":6.0,"enemies":"Lots of Slimes","floor":7.0,"turns":4.0},{"damage":14.0,"enemies":"Gremlin Nob","floor":10.0,"turns":5.0},{"damage":18,"enemies":"Lagavulin","floor":13,"turns":8},{"damage":0,"enemies":"Blue Slaver","floor":14,"turns":2},{"damage":40,"enemies":"Slime Boss","floor":16,"turns":12},{"damage":11,"enemies":"2 Thieves","floor":18,"turns":4},{"damage":26,"enemies":"Masked Bandits","floor":20,"turns":4},{"damage":1,"enemies":"Chosen","floor":22,"turns":4},{"damage":3,"enemies":"Slavers","floor":24,"turns":5},{"damage":1,"enemies":"Sentry and Sphere","floor":25,"turns":5},{"damage":0,"enemies":"Snake Plant","floor":27,"turns":5},{"damage":22,"enemies":"Gremlin Leader","floor":28,"turns":8},{"damage":8,"enemies":"Shelled Parasite and Fungi","floor":31,"turns":4},{"damage":46,"enemies":"Automaton","floor":33,"turns":6}],"seed_played":"-7857435463730362784","potions_obtained":[{"floor":1.0,"key":"Weak Potion"},{"floor":13,"key":"Weak Potion"},{"floor":16,"key":"SteroidPotion"},{"floor":20,"key":"Weak Potion"},{"floor":22,"key":"EssenceOfSteel"},{"floor":24,"key":"DuplicationPotion"}],"is_trial":false,"path_per_floor":["M","?","M","?","M","R","M","R","T","E","$","R","E","M","R","B",null,"M","$","?","?","M","R","E","M","T","M","E","R","$","M","R","B"],"character_chosen":"DEFECT","items_purchased":["Ball Lightning","Steam","Bag of Preparation","Capacitor","Seek"],"campfire_rested":5,"item_purchase_floors":[11,11,19,30,30],"current_hp_per_floor":[68,68,68,61,61,61,55,55,55,41,41,63,45,45,67,27,63,52,52,26,14,13,35,32,31,31,31,9,31,31,23,45,0,0],"gold":23,"neow_bonus":"THREE_RARE_CARDS","is_daily":false,"chose_seed":false,"campfire_upgraded":2,"win_rate":0.0,"timestamp":1614236017,"path_taken":["M","?","M","?","M","R","M","R","T","E","$","R","E","M","R","BOSS","M","$","?","?","M","R","E","M","T","M","E","R","$","?","R","BOSS"],"items_purchased_type":["Card","Card","Relic","Card","Card"],"build_version":"2020-12-22","purchased_purges":0,"victory":false,"max_hp_per_floor":[75,75,75,75,75,75,75,75,75,75,75,75,75,75,75,75,75,75,75,75,75,75,75,75,75,75,75,75,75,75,75,75,75,75],"card_choices":[{"not_picked":["All For One","Buffer"],"picked":"Core Surge","floor":0.0},{"not_picked":["Fusion","Turbo"],"picked":"BootSequence","floor":1.0},{"not_picked":["Rip and Tear","Double Energy"],"picked":"Cold Snap","floor":3.0},{"not_picked":["Rip and Tear","Steam"],"picked":"Cold Snap","floor":5.0},{"not_picked":["Gash","Hologram"],"picked":"Go for the Eyes","floor":7.0},{"not_picked":["Lockon","Rebound","Reinforced Body"],"picked":"SKIP","floor":10.0},{"not_picked":["Rip and Tear","Go for the Eyes"],"picked":"Coolheaded","floor":13},{"not_picked":["Reboot","Static Discharge"],"picked":"Compile Driver","floor":14},{"not_picked":["Machine Learning","Creative AI"],"picked":"Meteor Strike","floor":16},{"not_picked":["Fusion","Redo+1"],"picked":"Turbo","floor":18},{"not_picked":["Gash","Reprogram"],"picked":"Coolheaded","floor":20},{"not_picked":["FTL","Amplify"],"picked":"Steam","floor":22},{"not_picked":["Force Field","Melter+1"],"picked":"Compile Driver","floor":24},{"not_picked":["Beam Cell+1","Steam+1"],"picked":"Conserve Battery+1","floor":25},{"not_picked":["BootSequence","Static Discharge"],"picked":"Go for the Eyes+1","floor":27},{"not_picked":["Compile Driver","Streamline"],"picked":"Doom and Gloom","floor":28},{"not_picked":["White Noise+1","Double Energy"],"picked":"Fusion","floor":29},{"not_picked":["Redo","Conserve Battery"],"picked":"Creative AI","floor":31},{"not_picked":["Beam Cell","Rebound"],"picked":"Glacier+1","floor":32}],"player_experience":722467,"relics_obtained":[{"floor":9.0,"key":"Letter Opener"},{"floor":10.0,"key":"Blue Candle"},{"floor":13,"key":"Turnip"},{"floor":20,"key":"Red Mask"},{"floor":24,"key":"Kunai"},{"floor":26,"key":"Pen Nib"},{"floor":28,"key":"Dream Catcher"}],"event_choices":[{"damage_healed":0.0,"max_hp_gain":0.0,"max_hp_loss":0.0,"gold_gain":0.0,"event_name":"Living Wall","player_choice":"Grow","floor":2.0,"gold_loss":0.0,"damage_taken":0.0,"cards_upgraded":["Dualcast"]},{"cards_removed":["Strike_B"],"damage_healed":0.0,"max_hp_gain":0.0,"max_hp_loss":0.0,"gold_gain":0.0,"event_name":"Golden Wing","player_choice":"Card Removal","floor":4.0,"gold_loss":0.0,"damage_taken":7.0},{"damage_healed":0,"gold_gain":0,"player_choice":"Fought Bandits","damage_taken":0,"max_hp_gain":0,"max_hp_loss":0,"event_name":"Masked Bandits","floor":20,"gold_loss":0},{"damage_healed":0,"gold_gain":90,"player_choice":"GOLD ","damage_taken":12,"max_hp_gain":0,"max_hp_loss":0,"event_name":"Knowing Skull","floor":21,"potions_obtained":[],"gold_loss":0,"cards_obtained":[]}],"is_beta":false,"boss_relics":[{"not_picked":["Ectoplasm","Velvet Choker"],"picked":"Philosopher\u0027s Stone"}],"items_purged_floors":[],"is_endless":false,"potions_floor_spawned":[1,13,16,20,22,24],"killed_by":"Automaton","ascension_level":10}}