{"host":"npubv26u89aif4fa","time":1614231236,"event":{"mods":["Astrologer","BaseMod","Better Vampires","Better-Laid Plans","CapriCore","Colored Powertips","GifTheSpireLib","GungeonMod","HornydragonMod","Hubris","Jedi Mod","Minty Spire (QoL Compilation)","Potionbrewer","Quick Restart","Remilia（蕾米莉亚）","Replay The Spire","StSLib","The Administrix","The Alterego","The Blackbeard","The Bug Knight","The Cursed","The Immortal","The Marked","The Runesmith","The Showman","Yuri Mod","残留之物"],"gold_per_floor":[117,135,12,12,30,57,57,157,157,183,199,213,213,228,228,323,323,340,328,361,374,274,300,300,334,334,366,97,111,146,158,158,255,255,270,270,28,43,61,95,95,110,179,229,254,267,3,16,16,16,16,16,16,48,48],"floor_reached":56,"language":"ZHS","playtime":8180,"items_purged":["theShowman:BasicStrike","theShowman:VanishingStrike","theShowman:BasicStrike","theShowman:VanishingStrike","theShowman:BasicDefend"],"score":1649,"play_id":"d14bc8e4-7ce2-403f-8d74-95ea3eb5558a","local_time":"20210225133356","is_ascension_mode":false,"campfire_choices":[{"floor":7.0,"key":"RECALL"},{"data":"theShowman:ImpromptuFlourish","floor":15.0,"key":"SMITH"},{"floor":24.0,"key":"REST"},{"floor":32.0,"key":"REST"},{"floor":49.0,"key":"DIG"},{"data":"theShowman:CardPickup52","floor":52.0,"key":"SMITH"}],"circlet_count":0,"master_deck":["theShowman:VanishingDefend","theShowman:CardPickup52+1","theShowman:StageHook","theShowman:ExtraWideSleeves","theShowman:FullHouse+1","theShowman:ImpromptuFlourish+1","theShowman:ParlorTrick","Pot Of Greed","Pot Of Greed","theShowman:AGrossDisplay+1","theShowman:ExtraWideSleeves+1","theShowman:SecondAct","theShowman:HareBrainedScheme","theShowman:WildFlourish+1","theShowman:StrongArm","theShowman:BafflingShuffle+1","theShowman:UpMySleeve+1","jedi:forcepush"],"relics":["theShowman:ThirdTimeCharm","Orichalcum","Grinning Jar","SacredBark","Red Mask","Sundial","ReplayFunnel","hubris:DisguiseKit","jedi:bottledfury","Anchor","theShowman:Millstone","hubris:HollowSoul","BargainBundle","hubris:64BitClover","Replay:Ringing Soul","DemoMod:Relodestone","DemoMod:GlassGuonStoneRelic","Akabeko","hubris:Metronome","potionbrewer:ToyAutogyro"],"acts_visited":["Exordium","TheCity","TheBeyond","TheEnding"],"potions_floor_usage":[55,55,55],"damage_taken":[{"damage":0.0,"enemies":"Jaw Worm","floor":1.0,"turns":3.0},{"damage":0.0,"enemies":"Cultist","floor":2.0,"turns":4.0},{"damage":0.0,"enemies":"Small Slimes","floor":5.0,"turns":2.0},{"damage":0.0,"enemies":"3 Sentries","floor":6.0,"turns":9.0},{"damage":0.0,"enemies":"HollowMod:MossKnight","floor":10.0,"turns":8.0},{"damage":0.0,"enemies":"2 Fungi Beasts","floor":11.0,"turns":3.0},{"damage":0.0,"enemies":"Exordium Wildlife","floor":12.0,"turns":3.0},{"damage":0.0,"enemies":"Exordium Thugs","floor":14.0,"turns":2.0},{"damage":16.0,"enemies":"Fading Forest","floor":16.0,"turns":11.0},{"damage":0.0,"enemies":"Spheric Guardian","floor":18.0,"turns":4.0},{"damage":3.0,"enemies":"2 Thieves","floor":19.0,"turns":4.0},{"damage":30.0,"enemies":"Masked Bandits","floor":20.0,"turns":4.0},{"damage":0.0,"enemies":"Centurion and Healer","floor":21.0,"turns":4.0},{"damage":47.0,"enemies":"Book of Stabbing","floor":23.0,"turns":10.0},{"damage":0.0,"enemies":"HollowMod:Nosk","floor":25.0,"turns":9.0},{"damage":0.0,"enemies":"Book of Stabbing","floor":27.0,"turns":5.0},{"damage":0.0,"enemies":"Snake Plant","floor":29.0,"turns":2.0},{"damage":2.0,"enemies":"Slavers","floor":30.0,"turns":7.0},{"damage":3.0,"enemies":"Sentry and Sphere","floor":31.0,"turns":3.0},{"damage":29.0,"enemies":"hubris:MusketHawk","floor":33.0,"turns":10.0},{"damage":4.0,"enemies":"Orb Walker","floor":35.0,"turns":4.0},{"damage":0.0,"enemies":"3 Darklings","floor":38.0,"turns":5.0},{"damage":0.0,"enemies":"4 Shapes","floor":39.0,"turns":2.0},{"damage":0.0,"enemies":"Giant Head","floor":40.0,"turns":3.0},{"damage":0.0,"enemies":"Jaw Worm Horde","floor":42.0,"turns":2.0},{"damage":17.0,"enemies":"Mind Bloom Boss Battle","floor":44.0,"turns":3.0},{"damage":0.0,"enemies":"Reptomancer","floor":45.0,"turns":3.0},{"damage":0.0,"enemies":"Maw","floor":46.0,"turns":6.0},{"damage":11.0,"enemies":"4 Shapes","floor":48.0,"turns":6.0},{"damage":0.0,"enemies":"hubris:GrandSnecko","floor":50.0,"turns":4.0},{"damage":0.0,"enemies":"Shield and Spear","floor":54.0,"turns":5.0},{"damage":0,"enemies":"The Heart","floor":55,"turns":6}],"seed_played":"-6056023456109956222","potions_obtained":[{"floor":1.0,"key":"DuplicationPotion"},{"floor":2.0,"key":"jedi:StrikingPotion"},{"floor":10.0,"key":"Adrenaline Potion"},{"floor":14.0,"key":"Block Potion"},{"floor":16.0,"key":"potionbrewer:FreezingPotion"},{"floor":19.0,"key":"potionbrewer:ToxicPotion"},{"floor":21.0,"key":"potionbrewer:AcidPotion"},{"floor":23.0,"key":"Fire Potion"},{"floor":27.0,"key":"potionbrewer:BarricadePotion"},{"floor":30.0,"key":"Reflective Coating"},{"floor":31.0,"key":"Swift Potion"},{"floor":38.0,"key":"Languid Potion"},{"floor":48.0,"key":"DistilledChaos"}],"is_trial":false,"path_per_floor":["M","M","$","?","M","E","R","?","T","E","M","M","?","M","R","B",null,"M","M","?","M","$","E","R","E","T","E","$","M","E","M","R","B",null,"M","?","$","M","M","E","?","M","T","?","E","M","$","M","R","B",null,"R","$","E","B",null],"character_chosen":"THE_SHOWMAN","items_purchased":["theShowman:FullHouse","Anchor","BargainBundle","theShowman:StrongArm","jedi:StrikingPotion","jedi:forcepush"],"campfire_rested":2,"item_purchase_floors":[3,28,37,37,37,47],"current_hp_per_floor":[82,82,82,82,82,82,82,82,82,82,82,82,82,82,82,66,82,82,79,49,49,49,2,26,26,26,26,26,26,24,21,45,16,82,78,78,78,78,78,78,78,78,78,64,64,64,67,56,56,56,88,88,88,88,88],"gold":48,"neow_bonus":"TEN_PERCENT_HP_BONUS","is_daily":false,"chose_seed":false,"campfire_upgraded":2,"win_rate":0.0,"timestamp":1614231236,"path_taken":["M","M","$","?","M","E","R","?","T","E","?","M","?","?","R","BOSS","M","?","?","M","?","E","R","E","T","E","$","M","E","M","R","BOSS","M","?","?","M","M","E","?","M","T","?","E","M","$","?","R","BOSS","R","$","E","BOSS"],"items_purchased_type":["Card","Relic","Relic","Card","Potion","Card"],"build_version":"2020-12-22","purchased_purges":5,"victory":true,"max_hp_per_floor":[82,82,82,82,82,82,82,82,82,82,82,82,82,82,82,82,82,82,82,82,82,82,82,82,82,82,82,82,82,82,82,82,82,82,82,82,82,82,82,82,82,82,82,85,85,85,88,88,88,88,88,88,88,88,88],"card_choices":[{"not_picked":["theShowman:BafflingShuffle","theShowman:OneUp"],"picked":"theShowman:ExtraWideSleeves","floor":1.0},{"not_picked":["theShowman:MirrorMirror","theShowman:Toro","theShowman:SleeveStash"],"picked":"SKIP","floor":2.0},{"not_picked":["theShowman:MirrorMirror","theShowman:Toro","theShowman:SleeveStash"],"picked":"SKIP","floor":2.0},{"not_picked":["theShowman:KnockThePile","theShowman:CrashingLights"],"picked":"theShowman:ImpromptuFlourish","floor":5.0},{"not_picked":["theShowman:GotYourNose","theShowman:OpenTheCurtain","theShowman:ForMyNextTrick"],"picked":"SKIP","floor":6.0},{"not_picked":["theShowman:BafflingShuffle","theShowman:Prestidigitation"],"picked":"theShowman:ParlorTrick","floor":10.0},{"not_picked":["theShowman:OneUp","theShowman:Toro"],"picked":"theShowman:AGrossDisplay","floor":11.0},{"not_picked":["theShowman:ShowOfStrength","theShowman:ExtraWideSleeves","theShowman:KnockThePile"],"picked":"SKIP","floor":12.0},{"not_picked":["theShowman:StackTheDeck","theShowman:StartlingShowmanship","theShowman:WardrobeWarding"],"picked":"SKIP","floor":14.0},{"not_picked":["theShowman:Prestidigitation","theShowman:OpenTheCurtain+1","theShowman:StartlingShowmanship"],"picked":"SKIP","floor":18.0},{"not_picked":["theShowman:DisembodiedHand","theShowman:NowYouSeeMe","theShowman:HatTrick"],"picked":"SKIP","floor":19.0},{"not_picked":["theShowman:Prestidigitation","theShowman:ThespianForm"],"picked":"theShowman:ExtraWideSleeves+1","floor":20.0},{"not_picked":["theShowman:WhirlingDervish","theShowman:SybilFlourish","theShowman:SleeveAces"],"picked":"SKIP","floor":21.0},{"not_picked":["theShowman:WildFlourish","theShowman:RazzleDazzle","theShowman:ExtraWideSleeves"],"picked":"SKIP","floor":23.0},{"not_picked":["theShowman:SleightedFlourish","theShowman:Ventriloquism"],"picked":"theShowman:SecondAct","floor":25.0},{"not_picked":["theShowman:Prestidigitation+1","theShowman:StartlingShowmanship","DemoMod:Casey"],"picked":"theShowman:HareBrainedScheme","floor":27.0},{"not_picked":["theShowman:SecondAct","theShowman:SleeveAces","theShowman:CrashingLights","DemoMod:AbyssalTentacle"],"picked":"SKIP","floor":29.0},{"not_picked":["theShowman:MischiefManaged","theShowman:HatTrick+1","theShowman:NowYouDont","DemoMod:BoxingGlove"],"picked":"SKIP","floor":30.0},{"not_picked":["theShowman:ForMyNextTrick+1","theShowman:NowYouDont","theShowman:FlashyFlourish","DemoMod:JK47"],"picked":"SKIP","floor":31.0},{"not_picked":["theShowman:HareBrainedScheme","theShowman:IsThisYourCard","DemoMod:Elimentaler"],"picked":"theShowman:VanishingAct","floor":33.0},{"not_picked":["theShowman:MaximumDistraction+1","theShowman:ExtraWideSleeves+1","DemoMod:SAA"],"picked":"theShowman:WildFlourish+1","floor":35.0},{"not_picked":["theShowman:NowYouSeeMe","theShowman:OneUp+1","DemoMod:HardPowerCard"],"picked":"theShowman:BafflingShuffle+1","floor":38.0},{"not_picked":["theShowman:BafflingShuffle","theShowman:StartlingShowmanship","theShowman:SleightedFlourish+1","DemoMod:FeignSurrender"],"picked":"SKIP","floor":39.0},{"not_picked":["theShowman:SybilFlourish","theShowman:GrandGambit+1","theShowman:Columbify","DemoMod:GunstockTap"],"picked":"SKIP","floor":40.0},{"not_picked":["theShowman:NowYouSeeMe+1","theShowman:ExtraWideSleeves+1","theShowman:WildFlourish+1","DemoMod:Polaris"],"picked":"SKIP","floor":42.0},{"not_picked":["theShowman:SleeveStash","theShowman:MaximumDistraction","DemoMod:MachoBrace"],"picked":"theShowman:UpMySleeve+1","floor":44.0},{"not_picked":["theShowman:NowYouDont","theShowman:MaximumDistraction+1","theShowman:Prestidigitation","DemoMod:Polaris"],"picked":"SKIP","floor":45.0},{"not_picked":["theShowman:NowYouDont+1","theShowman:GotYourNose","theShowman:FlashyFlourish","DemoMod:MegaHand"],"picked":"SKIP","floor":46.0},{"not_picked":["theShowman:CrashingLights+1","theShowman:TroublingTrope","theShowman:OneUp+1","DemoMod:AWP"],"picked":"SKIP","floor":48.0},{"not_picked":["theShowman:Prestidigitation","theShowman:ParadigmPerformance","theShowman:WildFlourish","DemoMod:Unmoved"],"picked":"SKIP","floor":54.0}],"player_experience":396487,"relics_obtained":[{"floor":6.0,"key":"Orichalcum"},{"floor":10.0,"key":"Grinning Jar"},{"floor":20.0,"key":"Red Mask"},{"floor":23.0,"key":"Sundial"},{"floor":25.0,"key":"ReplayFunnel"},{"floor":26.0,"key":"hubris:DisguiseKit"},{"floor":27.0,"key":"jedi:bottledfury"},{"floor":30.0,"key":"theShowman:Millstone"},{"floor":40.0,"key":"hubris:64BitClover"},{"floor":43.0,"key":"Replay:Ringing Soul"},{"floor":44.0,"key":"DemoMod:Relodestone"},{"floor":45.0,"key":"Akabeko"},{"floor":49.0,"key":"hubris:Metronome"},{"floor":54.0,"key":"potionbrewer:ToyAutogyro"}],"event_choices":[{"damage_healed":0.0,"max_hp_gain":0.0,"max_hp_loss":0.0,"gold_gain":100.0,"event_name":"Golden Shrine","player_choice":"Pray","floor":8.0,"gold_loss":0.0,"damage_taken":0.0},{"damage_healed":0.0,"max_hp_gain":0.0,"max_hp_loss":0.0,"gold_gain":0.0,"event_name":"Upgrade Shrine","player_choice":"Upgraded","floor":13.0,"gold_loss":0.0,"damage_taken":0.0,"cards_upgraded":["theShowman:AGrossDisplay"]},{"damage_healed":0.0,"max_hp_gain":0.0,"max_hp_loss":0.0,"gold_gain":0.0,"event_name":"Masked Bandits","player_choice":"Fought Bandits","floor":20.0,"gold_loss":0.0,"damage_taken":0.0},{"cards_removed":["theShowman:BasicDefend"],"damage_healed":0.0,"max_hp_gain":0.0,"max_hp_loss":0.0,"gold_gain":0.0,"event_name":"Falling","player_choice":"Removed Skill","floor":36.0,"gold_loss":0.0,"damage_taken":0.0},{"damage_healed":0.0,"max_hp_gain":0.0,"max_hp_loss":0.0,"gold_gain":0.0,"event_name":"MindBloom","player_choice":"Fight","floor":44.0,"gold_loss":0.0,"damage_taken":0.0}],"is_beta":false,"boss_relics":[{"not_picked":["Replay:Ancient Bell","Runesmith:UraniumAnvil"],"picked":"SacredBark"},{"not_picked":["jedi:paperlyon","Pandora\u0027s Box"],"picked":"hubris:HollowSoul"}],"items_purged_floors":[3,22,28,37,47],"is_endless":false,"potions_floor_spawned":[1,2,10,14,16,19,21,23,27,29,30,31,38,42,46,48],"ascension_level":0}}