{"host":"9tdhussg6z28ni1x","time":1614241791,"event":{"mods":["2.2 Compatiblity","BaseMod","CapriCore","KOR Keyword Fix","Minty Spire (QoL Compilation)","Relic Stats","StSLib","SuperFastMode"],"gold_per_floor":[109,109,59,59,59,92,92,112,112,125,154,154,186,205,205,310,310,294,393,393,470,207,207,282,307,307,307,323,343,343,161,161,262,262,276,1275,768,768,391,416,431,431,431,743,755,800,829,841,853,865],"floor_reached":51,"language":"KOR","playtime":1209,"items_purged":["Strike_R","Decay","Normality","Normality"],"score":1086,"play_id":"4d04e598-3cc9-4294-aecf-863f5c9d5af7","local_time":"20210225172951","is_ascension_mode":true,"campfire_choices":[{"data":"Bash","floor":7,"key":"SMITH"},{"floor":15,"key":"REST"},{"data":"Flex","floor":23,"key":"SMITH"},{"floor":27,"key":"REST"},{"data":"Fire Breathing","floor":32,"key":"SMITH"},{"floor":42,"key":"REST"},{"data":"Evolve","floor":45,"key":"SMITH"},{"floor":49,"key":"REST"}],"circlet_count":0,"master_deck":["Strike_R","Strike_R+1","Defend_R+1","Defend_R","Defend_R","Bash+1","Flex+1","Intimidate","Feed","Wild Strike","Power Through","Fire Breathing+1","Battle Trance","Offering","Fire Breathing+1","Evolve+1","Offering"],"relics":["Burning Blood","NeowsBlessing","Blue Candle","Happy Flower","Mercury Hourglass","Question Card","PreservedInsect","Thread and Needle","Mark of Pain","Mummified Hand","Bronze Scales","Torii","Toy Ornithopter","Empty Cage","Blood Vial","Lantern","Membership Card","Pocketwatch","Akabeko","MawBank","Bottled Lightning"],"acts_visited":["Exordium","TheCity","TheBeyond"],"potions_floor_usage":[16,29,33,33,48,50,50],"damage_taken":[{"damage":0,"enemies":"Cultist","floor":1,"turns":1},{"damage":0,"enemies":"Gremlin Nob","floor":6,"turns":1},{"damage":0,"enemies":"2 Louse","floor":8,"turns":1},{"damage":8,"enemies":"Small Slimes","floor":10,"turns":2},{"damage":30,"enemies":"Lagavulin","floor":11,"turns":6},{"damage":1,"enemies":"Gremlin Nob","floor":13,"turns":3},{"damage":12,"enemies":"Exordium Wildlife","floor":14,"turns":4},{"damage":25,"enemies":"Slime Boss","floor":16,"turns":13},{"damage":10,"enemies":"2 Thieves","floor":18,"turns":4},{"damage":32,"enemies":"Gremlin Leader","floor":25,"turns":6},{"damage":12,"enemies":"Spheric Guardian","floor":28,"turns":5},{"damage":9,"enemies":"Shelled Parasite and Fungi","floor":29,"turns":4},{"damage":59,"enemies":"Champ","floor":33,"turns":11},{"damage":6,"enemies":"3 Shapes","floor":35,"turns":3},{"damage":26,"enemies":"Reptomancer","floor":40,"turns":4},{"damage":17,"enemies":"3 Darklings","floor":41,"turns":3},{"damage":13,"enemies":"Giant Head","floor":46,"turns":5},{"damage":18,"enemies":"Sphere and 2 Shapes","floor":47,"turns":2},{"damage":12,"enemies":"Maw","floor":48,"turns":2},{"damage":55,"enemies":"Time Eater","floor":50,"turns":7}],"seed_played":"3066588084018225137","potions_obtained":[{"floor":8,"key":"ColorlessPotion"},{"floor":11,"key":"HeartOfIron"},{"floor":14,"key":"SpeedPotion"},{"floor":28,"key":"SteroidPotion"},{"floor":33,"key":"ColorlessPotion"},{"floor":40,"key":"BlessingOfTheForge"},{"floor":41,"key":"SmokeBomb"}],"is_trial":false,"path_per_floor":["M","?","?","?","?","E","R","M","T","M","E","?","E","M","R","B",null,"M","?","?","T","$","R","?","E","T","R","M","M","?","$","R","B",null,"M","?","$","?","$","E","M","R","T","?","R","E","M","M","R","B",null],"character_chosen":"IRONCLAD","items_purchased":["Power Through","Bronze Scales","Battle Trance","Fire Breathing","Blood Vial","Lantern","Membership Card","Pocketwatch"],"campfire_rested":4,"item_purchase_floors":[22,22,31,37,37,37,39,39],"current_hp_per_floor":[78,78,78,75,68,74,74,80,80,78,54,38,43,37,61,46,75,74,74,74,74,74,74,66,40,40,66,63,68,68,68,68,25,76,76,76,76,76,76,58,49,76,76,76,76,71,61,62,89,52],"gold":877,"neow_bonus":"THREE_ENEMY_KILL","is_daily":false,"chose_seed":false,"campfire_upgraded":4,"win_rate":0.0,"timestamp":1614241791,"path_taken":["M","?","?","?","?","E","R","?","T","?","E","?","E","M","R","BOSS","M","?","?","?","$","R","?","E","T","R","M","?","?","$","R","BOSS","M","?","$","?","$","E","?","R","T","?","R","E","?","M","R","BOSS"],"items_purchased_type":["Card","Relic","Card","Card","Relic","Relic","Relic","Relic"],"build_version":"2020-12-22","purchased_purges":4,"victory":true,"max_hp_per_floor":[80,80,80,80,80,80,80,80,80,80,80,80,80,80,80,84,84,87,87,87,87,87,87,87,87,87,87,90,93,93,93,93,93,93,93,93,93,93,93,93,93,93,93,93,93,93,93,93,93,93],"relic_stats":{"Happy Flower":[28],"Torii":16,"counters":[20,87],"Blue Candle":[0],"PreservedInsect":251,"Question Card":15,"MawBank":96,"Burning Blood":120,"Mercury Hourglass":[302],"Blood Vial":12,"Mummified Hand":[21],"Bronze Scales":[109],"obtain_stats":[{"Lantern":37,"NeowsBlessing":0,"Happy Flower":4,"Torii":25,"Blue Candle":2,"Thread and Needle":13,"PreservedInsect":11,"Question Card":9,"Empty Cage":34,"MawBank":43,"Burning Blood":0,"Akabeko":40,"Mercury Hourglass":6,"Blood Vial":37,"Mummified Hand":21,"Bronze Scales":22,"Mark of Pain":17,"Membership Card":39,"Bottled Lightning":46,"Toy Ornithopter":26,"Pocketwatch":39},{"Lantern":14,"NeowsBlessing":0,"Happy Flower":1,"Torii":10,"Blue Candle":1,"Thread and Needle":6,"PreservedInsect":5,"Question Card":3,"Empty Cage":13,"MawBank":16,"Burning Blood":0,"Akabeko":15,"Mercury Hourglass":2,"Blood Vial":14,"Mummified Hand":9,"Bronze Scales":9,"Mark of Pain":8,"Membership Card":14,"Bottled Lightning":17,"Toy Ornithopter":10,"Pocketwatch":14},{"Lantern":64,"NeowsBlessing":0,"Happy Flower":1,"Torii":41,"Blue Candle":1,"Thread and Needle":14,"PreservedInsect":11,"Question Card":3,"Empty Cage":61,"MawBank":71,"Burning Blood":0,"Akabeko":68,"Mercury Hourglass":2,"Blood Vial":64,"Mummified Hand":35,"Bronze Scales":35,"Mark of Pain":31,"Membership Card":64,"Bottled Lightning":76,"Toy Ornithopter":41,"Pocketwatch":64}],"Toy Ornithopter":30,"Pocketwatch":[6]},"card_choices":[{"not_picked":["Headbutt","Clothesline","Armaments"],"picked":"SKIP","floor":1},{"not_picked":["Flex","Sever Soul","Warcry"],"picked":"SKIP","floor":6},{"not_picked":["Shrug It Off","Havoc","Armaments"],"picked":"SKIP","floor":8},{"not_picked":["Burning Pact","Entrench","Brutality"],"picked":"Flex","floor":10},{"not_picked":["Seeing Red","Whirlwind","Searing Blow","Infernal Blade"],"picked":"SKIP","floor":11},{"not_picked":["Searing Blow","Entrench","Cleave"],"picked":"Intimidate","floor":13},{"not_picked":["Blood for Blood","Pommel Strike","Clash"],"picked":"Feed","floor":14},{"not_picked":["Hemokinesis","Sentinel","Havoc"],"picked":"Wild Strike","floor":18},{"not_picked":["Whirlwind","Second Wind","Iron Wave","Sword Boomerang"],"picked":"SKIP","floor":25},{"not_picked":["Anger","Blood for Blood","Feed","Clothesline"],"picked":"SKIP","floor":28},{"not_picked":["Body Slam+1","Armaments+1","Havoc"],"picked":"Fire Breathing","floor":29},{"not_picked":["Demon Form","Double Tap","Barricade"],"picked":"Offering","floor":33},{"not_picked":["Warcry+1","Clash","Anger","Clothesline+1"],"picked":"SKIP","floor":35},{"not_picked":["Heavy Blade+1","Shrug It Off+1","Intimidate+1"],"picked":"Evolve","floor":40},{"not_picked":["Body Slam+1","Perfected Strike","Rampage+1"],"picked":"Offering","floor":41},{"not_picked":["Twin Strike","Armaments","Heavy Blade","Pommel Strike+1"],"picked":"SKIP","floor":46},{"not_picked":["Flex+1","Havoc","Pummel+1","Wild Strike+1"],"picked":"SKIP","floor":47}],"player_experience":266820,"relics_obtained":[{"floor":6,"key":"Mercury Hourglass"},{"floor":9,"key":"Question Card"},{"floor":11,"key":"PreservedInsect"},{"floor":13,"key":"Thread and Needle"},{"floor":21,"key":"Mummified Hand"},{"floor":25,"key":"Torii"},{"floor":26,"key":"Toy Ornithopter"},{"floor":40,"key":"Akabeko"},{"floor":43,"key":"MawBank"},{"floor":46,"key":"Bottled Lightning"}],"event_choices":[{"damage_healed":0,"gold_gain":0,"player_choice":"Box","damage_taken":0,"relics_obtained":["Blue Candle"],"max_hp_gain":0,"max_hp_loss":0,"event_name":"Big Fish","floor":2,"gold_loss":0,"cards_obtained":["Regret"]},{"cards_removed":["Regret"],"damage_healed":0,"gold_gain":0,"player_choice":"Card Removal","damage_taken":0,"max_hp_gain":0,"max_hp_loss":0,"event_name":"The Cleric","floor":3,"gold_loss":50},{"damage_healed":0,"gold_gain":0,"player_choice":"Success","damage_taken":3,"relics_obtained":["Happy Flower"],"max_hp_gain":0,"max_hp_loss":0,"event_name":"Scrap Ooze","floor":4,"gold_loss":0},{"cards_removed":["Strike_R"],"damage_healed":0,"gold_gain":0,"player_choice":"Card Removal","damage_taken":7,"max_hp_gain":0,"max_hp_loss":0,"event_name":"Golden Wing","floor":5,"gold_loss":0},{"damage_healed":0,"gold_gain":0,"player_choice":"Entered Light","damage_taken":16,"max_hp_gain":0,"max_hp_loss":0,"event_name":"Shining Light","floor":12,"gold_loss":0,"cards_upgraded":["Defend_R","Strike_R"]},{"damage_healed":0,"gold_gain":99,"player_choice":"Stole From Cult","damage_taken":0,"max_hp_gain":0,"max_hp_loss":0,"event_name":"Nest","floor":19,"gold_loss":0},{"damage_healed":0,"gold_gain":0,"player_choice":"Ignored","damage_taken":0,"max_hp_gain":0,"max_hp_loss":0,"event_name":"Ghosts","floor":20,"gold_loss":0},{"damage_healed":0,"gold_gain":75,"player_choice":"Touch","damage_taken":8,"max_hp_gain":0,"max_hp_loss":0,"event_name":"FaceTrader","floor":24,"gold_loss":0},{"damage_healed":0,"gold_gain":0,"player_choice":"Smashed Altar","damage_taken":0,"max_hp_gain":0,"max_hp_loss":0,"event_name":"Forgotten Altar","floor":30,"gold_loss":0,"cards_obtained":["Decay"]},{"damage_healed":0,"gold_gain":999,"player_choice":"Gold","damage_taken":0,"max_hp_gain":0,"max_hp_loss":0,"event_name":"MindBloom","floor":36,"gold_loss":0,"cards_obtained":["Normality","Normality"]},{"damage_healed":0,"gold_gain":0,"player_choice":"Upgraded","damage_taken":0,"max_hp_gain":0,"max_hp_loss":0,"event_name":"Upgrade Shrine","floor":38,"gold_loss":0,"cards_upgraded":["Fire Breathing"]},{"damage_healed":0,"gold_gain":300,"player_choice":"Gold","damage_taken":0,"max_hp_gain":0,"max_hp_loss":0,"event_name":"Wheel of Change","floor":44,"gold_loss":0}],"is_beta":false,"boss_relics":[{"not_picked":["Calling Bell","Black Blood"],"picked":"Mark of Pain"},{"not_picked":["Pandora\u0027s Box","Philosopher\u0027s Stone"],"picked":"Empty Cage"}],"items_purged_floors":[22,31,37,39],"is_endless":false,"potions_floor_spawned":[8,11,14,28,33,40,41,48],"ascension_level":7}}