{"host":"9pm4ffml2aj85aj7","time":1614250268,"event":{"mods":["Act Like it!","BaseMod","BetterRewards","Bossed Relics","Gensokyo","GifTheSpireLib","Library of Ruina","Library of Ruina Extra","Lobotomy","LobotomyExtend","Minty Spire (QoL Compilation)","Relic Filter Mod","Remilia£®¿Ÿ√◊¿Ú—«£©","Replay The Spire","Shop Mod","StSLib","The Jungle","Wide Potions"],"gold_per_floor":[115,131,150,150,7,7,7,41,66,66,75,75,75,0,0,103,103,116,322,43,62,71,71,113,113,140,140,15,15,32,43,43,150,150,167,167,182,197,47,72,101,145,145,145,145,157,2,18,18,18,18],"floor_reached":52,"language":"ZHS","playtime":2214,"items_purged":["Diversion","Laceration+1","Shame","Metamorphosis+1"],"score":1129,"play_id":"b4baac9b-efdb-43da-80f7-94b03a322a5c","local_time":"20210225185108","daily_mods":["SealedDeck","Vintage","Time Dilation","Flight","Lethality"],"is_ascension_mode":false,"campfire_choices":[{"data":"VioletBlade","floor":6.0,"key":"SMITH"},{"data":"Laceration","floor":7.0,"key":"SMITH"},{"data":"PreemptiveStrike","floor":13.0,"key":"SMITH"},{"floor":15.0,"key":"REST"},{"floor":23,"key":"REST"},{"data":"Clone+1","floor":45,"key":"PURGE"},{"floor":49,"key":"DIG"}],"circlet_count":0,"master_deck":["UnavoidableGaze+1","PreemptiveStrike+1","UpbeatPerformance+1","VioletBlade+1","DaringDecision+1","QuickSuppression+1","Reload+1","BoundaryOfDeath+1","ShrineToMusic+1"],"relics":["PageOfLibrarian","Anchor","LetterFromLob","War Paint","Toxic Egg 2","HandDrill","CeramicFish","Akabeko","Astrolabe","PageOfWrath","PageOfTheQueenOfHatred","theJungle:SneckoAutograph","PageOfTheKnightOfDespair","PageOfGreed","PageOfSpiderBud","Medical Kit","PageOfNihil","Regal Pillow","Bronze Scales","Tiny House","Whetstone","PreservedInsect","Art of War","Iron Hammer","PageOfJudgementBird","Replay:Multitool","PageOfSingingMachine","Omamori","Toy Ornithopter","Replay:PocketPolymizer","Orichalcum"],"acts_visited":["Exordium","theJungle:Jungle","TheBeyond"],"potions_floor_usage":[30,30,38,38,38,51],"damage_taken":[{"damage":0.0,"enemies":"2 Louse","floor":1.0,"turns":2.0},{"damage":0.0,"enemies":"Cultist","floor":2.0,"turns":2.0},{"damage":0.0,"enemies":"Small Slimes","floor":3.0,"turns":2.0},{"damage":0.0,"enemies":"Lagavulin","floor":8.0,"turns":1.0},{"damage":0.0,"enemies":"Slime Boss","floor":16.0,"turns":3.0},{"damage":0.0,"enemies":"theJungle:MUSHROOMGANG","floor":18.0,"turns":1.0},{"damage":0,"enemies":"theJungle:Flameango_and_Byrd","floor":21,"turns":1},{"damage":0,"enemies":"theJungle:MamaSnecko","floor":24,"turns":1},{"damage":16,"enemies":"theJungle:2_Phrogs","floor":30,"turns":5},{"damage":0,"enemies":"theJungle:JungleHuntersEncounter","floor":31,"turns":2},{"damage":3,"enemies":"theJungle:FunGuy","floor":33,"turns":3},{"damage":0,"enemies":"Orb Walker","floor":35,"turns":1},{"damage":6,"enemies":"3 Shapes","floor":37,"turns":2},{"damage":7,"enemies":"Maw","floor":38,"turns":3},{"damage":0,"enemies":"R_Hoarder","floor":40,"turns":1},{"damage":0,"enemies":"Reptomancer","floor":41,"turns":2},{"damage":0,"enemies":"R_Hoarder","floor":42,"turns":3},{"damage":0,"enemies":"Transient","floor":46,"turns":5},{"damage":0,"enemies":"Spire Growth","floor":48,"turns":1},{"damage":22,"enemies":"Donu and Deca","floor":50,"turns":5},{"damage":62,"enemies":"Donu and Deca","floor":51,"turns":6}],"seed_played":"-1322729761433366487","potions_obtained":[{"floor":1.0,"key":"ColorlessPotion"},{"floor":2.0,"key":"Weak Potion"},{"floor":3.0,"key":"SmokeBomb"},{"floor":21,"key":"Swift Potion"},{"floor":31,"key":"Energy Potion"},{"floor":33,"key":"LifebloodPotion"},{"floor":37,"key":"ColorlessPotion"},{"floor":40,"key":"Dexterity Potion"},{"floor":42,"key":"SteroidPotion"}],"is_trial":true,"path_per_floor":["M","M","M","WH","$","R","R","E","T","WH","WH","?","R","$","R","B",null,"M","?","$","M","?","R","E","T","T","?","$","?","E","M","R","B",null,"M","?","M","M","$","E","E","E","T","R","R","M","$","M","R","B",null,null],"character_chosen":"Librarian","items_purchased":["HandDrill","Metamorphosis+1","Toy Ornithopter"],"campfire_rested":2,"item_purchase_floors":[5,20,47],"current_hp_per_floor":[60,61,61,61,61,61,61,61,61,57,57,46,46,46,57,57,57,57,57,57,57,57,57,57,57,57,57,57,57,41,41,80,77,81,81,77,71,64,64,64,64,64,64,77,77,77,77,77,77,55,3],"gold":18,"neow_bonus":"RANDOM_EVENT","is_daily":false,"chose_seed":false,"campfire_upgraded":3,"win_rate":0.0,"timestamp":1614250268,"path_taken":["M","M","M","WH","$","R","R","E","T","WH","WH","?","R","$","R","BOSS","M","WH","$","M","?","R","E","?","T","?","?","?","E","?","R","BOSS","M","?","M","M","$","E","E","E","T","R","R","M","$","M","R","BOSS"],"items_purchased_type":["Relic","Card","Relic"],"build_version":"2020-12-22","purchased_purges":4,"victory":true,"max_hp_per_floor":[74,62,65,65,65,65,65,63,63,57,57,57,57,57,57,57,57,73,73,73,57,57,57,57,57,57,57,57,57,81,81,81,81,81,81,77,77,77,77,77,77,77,77,77,77,77,77,77,77,77,77],"card_choices":[{"not_picked":["FieryDragonSlash","MultiHit","TendonChords","CumulusWall+1","SnakesPrey","Multislash","EnergyStrike","RatsGuideToSurvival+1","SinglePointStab"],"picked":"SKIP","floor":8.0},{"not_picked":["StructuralAnalysis+1","FlashingStrike","MultiHit","SharpSwipe","Thrust","EnergyShield+1","ElectricShock","Collision+1"],"picked":"Reload+1","floor":24},{"not_picked":["MirageStorm","Commandeering+1"],"picked":"BoundaryOfDeath","floor":33},{"not_picked":["RushDown","Collision+1","Decapitation","SinglePointStab+1","EnergyStrike+1","MultiBlock+1","Concentration+1","Multislash","Diversion"],"picked":"SKIP","floor":40},{"not_picked":["Punishment","BackAttack+1","TasteMyFlamingBat","SuanNi+1","Faith+1","StructuralAnalysis+1","GuidanceOfTheGears+1","IronWall+1","SpearedSweep"],"picked":"SKIP","floor":41},{"not_picked":["Punishment","BackAttack+1","TasteMyFlamingBat","SuanNi+1","Faith+1","StructuralAnalysis+1","GuidanceOfTheGears+1","IronWall+1","SpearedSweep"],"picked":"SKIP","floor":41},{"not_picked":["GatherIntel+1","Pound+1","InnerArdor+1","FlashOfSunup+1","AlloutWar+1","Quickness+1","SinglePointStab","EnergyBeam"],"picked":"ShrineToMusic+1","floor":42}],"player_experience":63880,"relics_obtained":[{"floor":1.0,"key":"Anchor"},{"floor":1.0,"key":"LetterFromLob"},{"floor":2.0,"key":"War Paint"},{"floor":3.0,"key":"Toxic Egg 2"},{"floor":8.0,"key":"CeramicFish"},{"floor":9.0,"key":"Akabeko"},{"floor":18.0,"key":"PageOfWrath"},{"floor":21,"key":"PageOfTheQueenOfHatred"},{"floor":24,"key":"PageOfTheKnightOfDespair"},{"floor":25,"key":"PageOfGreed"},{"floor":26,"key":"PageOfSpiderBud"},{"floor":30,"key":"PageOfNihil"},{"floor":30,"key":"Regal Pillow"},{"floor":31,"key":"Bronze Scales"},{"floor":35,"key":"Whetstone"},{"floor":37,"key":"PreservedInsect"},{"floor":38,"key":"Art of War"},{"floor":40,"key":"Iron Hammer"},{"floor":41,"key":"PageOfJudgementBird"},{"floor":42,"key":"Replay:Multitool"},{"floor":43,"key":"PageOfSingingMachine"},{"floor":46,"key":"Omamori"},{"floor":48,"key":"Replay:PocketPolymizer"},{"floor":49,"key":"Orichalcum"}],"event_choices":[{"damage_healed":0.0,"max_hp_gain":0.0,"max_hp_loss":0.0,"gold_gain":0.0,"event_name":"Shining Light","player_choice":"Entered Light","floor":12.0,"gold_loss":0.0,"damage_taken":11.0,"cards_upgraded":["UpbeatPerformance","DaringDecision"]},{"damage_healed":0,"gold_gain":0,"player_choice":"Max HP","damage_taken":0,"max_hp_gain":0,"max_hp_loss":4,"event_name":"Winding Halls","floor":36,"gold_loss":0}],"is_beta":false,"boss_relics":[{"not_picked":["ChewingGum","Replay:Wanted Poster"],"picked":"Astrolabe"},{"not_picked":["Painkiller Herb","Replay:Ancient Bell"],"picked":"Tiny House"}],"items_purged_floors":[14,20,28,39],"is_endless":false,"potions_floor_spawned":[1,2,3,21,31,33,35,37,40,42],"ascension_level":0}}