{"host":"oznsyg6emn3rt4qs","time":1614216850,"event":{"mods":["AchievementEnabler","BaseMod","Better Altar","Better Match","Better Note","Better Sensory Stone","Better Skull","Better Third Choice","Colored Map","Colored Powertips","Highlight Path","Minty Spire (QoL Compilation)","Permanent Neow","StSLib","Synergy Search"],"gold_per_floor":[115,115,134,15,28,28,1,1,1,1,76,101,117,1,1,101,101,119,18,38,38,38,70,89,289,289,289,289,321,321,9,9,114,114,131,131,131,131,151,151,181,181,181,232,232,15,15,27,27,27],"floor_reached":51,"language":"ENG","playtime":4164,"items_purged":["Regret"],"score":720,"play_id":"1e8ba71d-9e64-4164-a857-36cd76200fd1","local_time":"20210224193410","is_ascension_mode":false,"campfire_choices":[{"data":"Gash","floor":6,"key":"SMITH"},{"data":"Conserve Battery","floor":8,"key":"SMITH"},{"floor":15,"key":"REST"},{"floor":28,"key":"REST"},{"floor":30,"key":"REST"},{"floor":32,"key":"REST"},{"floor":40,"key":"REST"},{"floor":42,"key":"REST"},{"floor":47,"key":"REST"},{"floor":49,"key":"REST"}],"circlet_count":0,"master_deck":["Strike_B","Strike_B","Strike_B","Strike_B","Defend_B+1","Defend_B","Defend_B","Defend_B","Zap","Dualcast","Panache+1","Redo","Ball Lightning","Heatsinks","Gash+1","Heatsinks","Conserve Battery+1","BootSequence","Sunder","Hello World","Machine Learning","Streamline+1","Turbo","Barrage","Hello World","Barrage","Hologram+1","RitualDagger","Biased Cognition","Impatience","CurseOfTheBell","Turbo+1","Madness","Madness","AscendersBane","Strike_B+1","Chill","Steam Power+1","Redo+1","Pain","Meteor Strike","Hello World+1"],"relics":["Cracked Core","InkBottle","Lantern","Busted Crown","Anchor","Bag of Marbles","Pocketwatch","Lizard Tail","Ancient Tea Set","Calling Bell","War Paint","Mummified Hand","Thread and Needle","Symbiotic Virus","Gremlin Horn","Ginger","WarpedTongs","Regal Pillow"],"acts_visited":["Exordium","TheCity","TheBeyond"],"potions_floor_usage":[33,41,41,41,48],"damage_taken":[{"damage":3,"enemies":"Jaw Worm","floor":1,"turns":3},{"damage":1,"enemies":"Cultist","floor":3,"turns":3},{"damage":10,"enemies":"Small Slimes","floor":5,"turns":3},{"damage":14,"enemies":"Blue Slaver","floor":13,"turns":3},{"damage":33,"enemies":"Slime Boss","floor":16,"turns":8},{"damage":8,"enemies":"Shell Parasite","floor":18,"turns":4},{"damage":0,"enemies":"Chosen","floor":20,"turns":3},{"damage":5,"enemies":"Gremlin Leader","floor":23,"turns":6},{"damage":16,"enemies":"Centurion and Healer","floor":24,"turns":4},{"damage":36,"enemies":"Slavers","floor":29,"turns":4},{"damage":50,"enemies":"Champ","floor":33,"turns":9},{"damage":11,"enemies":"Orb Walker","floor":35,"turns":4},{"damage":34,"enemies":"3 Darklings","floor":39,"turns":5},{"damage":36,"enemies":"Giant Head","floor":41,"turns":9},{"damage":17,"enemies":"2 Orb Walkers","floor":44,"turns":4},{"damage":18,"enemies":"Sphere and 2 Shapes","floor":48,"turns":4},{"damage":32,"enemies":"Donu and Deca","floor":50,"turns":8}],"seed_played":"4711138359778056490","potions_obtained":[{"floor":16,"key":"LiquidMemories"},{"floor":20,"key":"GamblersBrew"},{"floor":23,"key":"Explosive Potion"},{"floor":35,"key":"Weak Potion"},{"floor":44,"key":"LiquidBronze"}],"is_trial":false,"path_per_floor":["M","?","M","$","M","R","$","R","T","$","?","T","M","$","R","B",null,"M","$","M","?","?","E","M","?","T","?","R","E","R","$","R","B",null,"M","?","?","?","M","R","E","R","T","?","?","$","R","M","R","B",null],"character_chosen":"DEFECT","items_purchased":["Heatsinks","Gash","Conserve Battery","Sunder","Hello World","Turbo","Barrage","Ancient Tea Set","Impatience","Regal Pillow","Meteor Strike"],"campfire_rested":8,"item_purchase_floors":[4,4,7,14,14,19,19,31,31,46,46],"current_hp_per_floor":[72,72,71,71,61,61,61,61,61,61,50,50,36,36,58,25,75,67,67,67,67,67,62,46,46,46,40,62,26,48,48,70,20,75,64,64,55,55,21,43,7,29,29,12,12,12,49,31,68,36],"gold":27,"neow_bonus":"RANDOM_COLORLESS_2","is_daily":false,"chose_seed":false,"campfire_upgraded":2,"win_rate":0.0,"timestamp":1614216850,"path_taken":["M","?","M","?","M","R","$","R","T","$","?","?","?","?","R","BOSS","M","$","M","?","?","E","?","?","T","?","R","E","R","$","R","BOSS","M","?","?","?","?","R","E","R","T","?","?","$","R","?","R","BOSS"],"items_purchased_type":["Card","Card","Card","Card","Card","Card","Card","Relic","Card","Relic","Card"],"build_version":"2020-12-22","purchased_purges":1,"victory":true,"max_hp_per_floor":[75,75,75,75,75,75,75,75,75,75,75,75,75,75,75,75,75,75,75,75,75,75,75,75,75,75,75,75,75,75,75,75,75,75,75,75,75,75,75,75,75,75,75,75,75,75,75,75,75,75],"card_choices":[{"not_picked":["Magnetism","Secret Technique"],"picked":"Panache","floor":0},{"not_picked":["Darkness","Streamline"],"picked":"Redo","floor":1},{"not_picked":["Go for the Eyes","Compile Driver"],"picked":"Ball Lightning","floor":3},{"not_picked":["Leap","Go for the Eyes"],"picked":"Heatsinks","floor":5},{"not_picked":["Reinforced Body","Barrage"],"picked":"BootSequence","floor":13},{"not_picked":["Multi-Cast","Rainbow"],"picked":"Machine Learning","floor":16},{"not_picked":[],"picked":"Streamline+1","floor":18},{"not_picked":[],"picked":"FTL","floor":20},{"not_picked":[],"picked":"Barrage","floor":23},{"not_picked":[],"picked":"Hologram","floor":24},{"not_picked":[],"picked":"Biased Cognition","floor":29},{"not_picked":[],"picked":"Reboot","floor":33},{"not_picked":[],"picked":"Turbo+1","floor":35},{"not_picked":[],"picked":"Chill","floor":39},{"not_picked":[],"picked":"Steam Power+1","floor":41},{"not_picked":[],"picked":"Redo+1","floor":44},{"not_picked":[],"picked":"Hello World+1","floor":48}],"player_experience":78846,"relics_obtained":[{"floor":9,"key":"InkBottle"},{"floor":12,"key":"Lantern"},{"floor":23,"key":"Bag of Marbles"},{"floor":26,"key":"Pocketwatch"},{"floor":29,"key":"Lizard Tail"},{"floor":34,"key":"War Paint"},{"floor":34,"key":"Mummified Hand"},{"floor":34,"key":"Thread and Needle"},{"floor":41,"key":"Symbiotic Virus"},{"floor":43,"key":"Gremlin Horn"},{"floor":44,"key":"Ginger"}],"event_choices":[{"damage_healed":0,"gold_gain":0,"player_choice":"Upgraded","damage_taken":0,"max_hp_gain":0,"max_hp_loss":0,"event_name":"Upgrade Shrine","floor":2,"gold_loss":0,"cards_upgraded":["Panache"]},{"damage_healed":0,"gold_gain":75,"player_choice":"Gold","damage_taken":11,"max_hp_gain":0,"max_hp_loss":0,"event_name":"betterThird:BetterGoop","floor":11,"gold_loss":0},{"damage_healed":0,"gold_gain":0,"player_choice":"Copied","damage_taken":0,"max_hp_gain":0,"max_hp_loss":0,"event_name":"Duplicator","floor":21,"gold_loss":0,"cards_obtained":["Hello World"]},{"cards_removed":["FTL"],"damage_healed":0,"gold_gain":0,"player_choice":"Gave Card","damage_taken":0,"relics_obtained":["Anchor"],"max_hp_gain":0,"max_hp_loss":0,"event_name":"WeMeetAgain","floor":22,"gold_loss":0},{"damage_healed":0,"gold_gain":250,"player_choice":"Bet on Owner","damage_taken":0,"max_hp_gain":0,"max_hp_loss":0,"event_name":"The Joust","floor":25,"gold_loss":50},{"damage_healed":0,"gold_gain":0,"player_choice":"Dagger","damage_taken":6,"max_hp_gain":0,"max_hp_loss":0,"event_name":"betterThird:BetterNest","floor":27,"gold_loss":0,"cards_obtained":["RitualDagger"]},{"cards_removed":["Reboot"],"damage_healed":0,"gold_gain":0,"player_choice":"Removed Skill","damage_taken":0,"max_hp_gain":0,"max_hp_loss":0,"event_name":"Falling","floor":36,"gold_loss":0},{"damage_healed":0,"gold_gain":0,"player_choice":"Embrace Madness","damage_taken":9,"max_hp_gain":0,"max_hp_loss":0,"event_name":"Winding Halls","floor":37,"gold_loss":0,"cards_obtained":["Madness","Madness"]},{"damage_healed":0,"gold_gain":3,"player_choice":"3","damage_taken":0,"max_hp_gain":0,"max_hp_loss":0,"event_name":"betterStone:BetterStone","floor":38,"gold_loss":0,"cards_obtained":["Strike_B"]},{"damage_healed":0,"gold_gain":0,"player_choice":"Fight","damage_taken":0,"max_hp_gain":0,"max_hp_loss":0,"event_name":"Mysterious Sphere","floor":44,"gold_loss":0},{"damage_healed":0,"gold_gain":0,"player_choice":"Rummage","damage_taken":0,"relics_obtained":["WarpedTongs"],"max_hp_gain":0,"max_hp_loss":0,"event_name":"Accursed Blacksmith","floor":45,"gold_loss":0,"cards_obtained":["Pain"]}],"is_beta":false,"boss_relics":[{"not_picked":["Ectoplasm","Black Star"],"picked":"Busted Crown"},{"not_picked":["FrozenCore","Philosopher\u0027s Stone"],"picked":"Calling Bell"}],"items_purged_floors":[31],"is_endless":false,"potions_floor_spawned":[16,20,23,35,44],"ascension_level":0}}