{"host":"2hz3p8f82lqex3pd","time":1614280777,"event":{"mods":["AchievementEnabler","BaseMod","Better Third Choice","Colored Powertips","Minty Spire (QoL Compilation)","StSLib"],"gold_per_floor":[117,78,94,19,32,32,59,73,126,126,226,28,45,65,65,165,165,176,189,41,51,51,51],"floor_reached":22,"language":"ENG","playtime":1163,"items_purged":["Parasite"],"score":216,"play_id":"bbbc599e-3d36-405c-af0b-4055b978fe7d","local_time":"20210225141937","is_ascension_mode":true,"campfire_choices":[{"data":"Body Slam","floor":6,"key":"SMITH"},{"data":"Juggernaut","floor":10,"key":"SMITH"},{"floor":15,"key":"REST"}],"circlet_count":0,"master_deck":["Strike_R","Strike_R","Strike_R","Strike_R","Strike_R","Defend_R","Defend_R","Defend_R","Defend_R","Bash","Body Slam+1","Juggernaut+1","Rampage","Entrench","Reaper","Body Slam+1"],"relics":["Burning Blood","Torii","betterThird:SlimedRelic","Singing Bowl","Oddly Smooth Stone","Runic Pyramid","TheAbacus"],"acts_visited":["Exordium","TheCity"],"potions_floor_usage":[8,16,22],"damage_taken":[{"damage":2,"enemies":"2 Louse","floor":1,"turns":3},{"damage":6,"enemies":"Cultist","floor":3,"turns":3},{"damage":1,"enemies":"Small Slimes","floor":5,"turns":4},{"damage":40,"enemies":"Gremlin Nob","floor":7,"turns":5},{"damage":16,"enemies":"3 Louse","floor":8,"turns":5},{"damage":0,"enemies":"Exordium Wildlife","floor":13,"turns":3},{"damage":14,"enemies":"Lots of Slimes","floor":14,"turns":6},{"damage":20,"enemies":"The Guardian","floor":16,"turns":9},{"damage":18,"enemies":"Chosen","floor":18,"turns":7},{"damage":30,"enemies":"Shell Parasite","floor":19,"turns":8},{"damage":17,"enemies":"Snake Plant","floor":21,"turns":6},{"damage":52,"enemies":"Centurion and Healer","floor":22,"turns":8}],"seed_played":"5315474735037135638","potions_obtained":[{"floor":1,"key":"SkillPotion"},{"floor":3,"key":"Swift Potion"},{"floor":14,"key":"ColorlessPotion"},{"floor":21,"key":"Fire Potion"}],"is_trial":false,"path_per_floor":["M","?","M","$","M","R","E","M","T","R","?","$","M","M","R","B",null,"M","M","$","M","M"],"character_chosen":"IRONCLAD","items_purchased":["Oddly Smooth Stone","Rampage","TheAbacus"],"campfire_rested":1,"item_purchase_floors":[12,12,20],"current_hp_per_floor":[80,69,69,69,74,74,42,32,32,32,32,32,40,32,56,42,81,69,47,47,41,0,0],"gold":51,"neow_bonus":"ONE_RARE_RELIC","is_daily":false,"chose_seed":false,"campfire_upgraded":2,"win_rate":0.0,"timestamp":1614280777,"path_taken":["M","?","M","$","M","R","E","M","T","R","?","$","M","M","R","BOSS","M","?","?","?","?"],"items_purchased_type":["Relic","Card","Relic"],"build_version":"2020-12-22","purchased_purges":1,"victory":false,"max_hp_per_floor":[80,80,80,77,77,77,79,79,79,79,79,79,81,81,81,81,81,81,83,83,85,85,85],"card_choices":[{"not_picked":["Havoc","Dropkick","Clothesline"],"picked":"SKIP","floor":1},{"not_picked":["Perfected Strike","Pommel Strike"],"picked":"Body Slam","floor":3},{"not_picked":["Armaments","Cleave","Flex"],"picked":"SKIP","floor":5},{"not_picked":["Twin Strike","Wild Strike","Seeing Red"],"picked":"Singing Bowl","floor":7},{"not_picked":["Dark Embrace","Havoc"],"picked":"Juggernaut","floor":8},{"not_picked":["Body Slam","Sword Boomerang","Havoc"],"picked":"Singing Bowl","floor":13},{"not_picked":["Pommel Strike","Bloodletting"],"picked":"Entrench","floor":14},{"not_picked":["Bludgeon","Exhume"],"picked":"Reaper","floor":16},{"not_picked":["Warcry+1","Intimidate"],"picked":"Body Slam+1","floor":18},{"not_picked":["Shrug It Off","Dropkick+1","Heavy Blade"],"picked":"Singing Bowl","floor":19},{"not_picked":["Warcry","Body Slam","Twin Strike"],"picked":"Singing Bowl","floor":21}],"player_experience":214400,"relics_obtained":[{"floor":7,"key":"Singing Bowl"}],"event_choices":[{"damage_healed":0,"gold_gain":0,"player_choice":"Slimed","damage_taken":11,"max_hp_gain":0,"max_hp_loss":0,"event_name":"betterThird:BetterGoop","floor":2,"gold_loss":39},{"damage_healed":0,"gold_gain":100,"player_choice":"Pray","damage_taken":0,"max_hp_gain":0,"max_hp_loss":0,"event_name":"Golden Shrine","floor":11,"gold_loss":0}],"is_beta":false,"boss_relics":[{"not_picked":["Sozu","Snecko Eye"],"picked":"Runic Pyramid"}],"items_purged_floors":[4],"is_endless":false,"potions_floor_spawned":[1,3,14,21],"killed_by":"Centurion and Healer","ascension_level":3}}