{"host":"13o02hya6v6rzuva","time":1614237036,"event":{"mods":["BaseMod","Minty Spire (QoL Compilation)","Relic Stats"],"gold_per_floor":[114,133,133,143,153,153,184,184,184,149,36,48,76,92,92,188,188,207,207,227,242,21,50,66,66,90,90,103,103,103,203,203,203,203],"floor_reached":33,"language":"ENG","playtime":1533,"items_purged":["Strike_G"],"score":446,"play_id":"cbe5d013-d1a3-4a73-a62d-3d5b7033c243","local_time":"20210225081036","is_ascension_mode":true,"campfire_choices":[{"data":"Terror","floor":6.0,"key":"SMITH"},{"floor":8.0,"key":"REST"},{"floor":15.0,"key":"REST"},{"floor":25.0,"key":"RECALL"},{"floor":27.0,"key":"REST"},{"data":"Dash","floor":29.0,"key":"SMITH"},{"floor":32.0,"key":"REST"}],"circlet_count":0,"master_deck":["AscendersBane","Strike_G","Strike_G","Strike_G","Strike_G","Defend_G","Defend_G","Defend_G","Defend_G","Defend_G","Survivor","Neutralize+1","Sucker Punch","Terror+1","Poisoned Stab","Backflip","Poisoned Stab","Dash+1","Escape Plan","Burst","Dash+1","Backflip","Noxious Fumes","Injury","PiercingWail+1"],"relics":["Ring of the Snake","Ginger","Du-Vu Doll","StoneCalendar","Cursed Key","Lee\u0027s Waffle","Regal Pillow","Gambling Chip","Bottled Flame"],"acts_visited":["Exordium","TheCity"],"potions_floor_usage":[33],"damage_taken":[{"damage":0.0,"enemies":"2 Louse","floor":1.0,"turns":4.0},{"damage":0.0,"enemies":"Small Slimes","floor":2.0,"turns":3.0},{"damage":0.0,"enemies":"Jaw Worm","floor":4.0,"turns":3.0},{"damage":0.0,"enemies":"Exordium Wildlife","floor":5.0,"turns":3.0},{"damage":55.0,"enemies":"3 Sentries","floor":7.0,"turns":16.0},{"damage":6.0,"enemies":"Looter","floor":12.0,"turns":3.0},{"damage":22.0,"enemies":"Lagavulin","floor":13.0,"turns":5.0},{"damage":0.0,"enemies":"2 Fungi Beasts","floor":14.0,"turns":4.0},{"damage":23.0,"enemies":"Slime Boss","floor":16.0,"turns":7.0},{"damage":8.0,"enemies":"Shell Parasite","floor":18.0,"turns":5.0},{"damage":7.0,"enemies":"Spheric Guardian","floor":20.0,"turns":5.0},{"damage":0.0,"enemies":"Snecko","floor":21.0,"turns":5.0},{"damage":33.0,"enemies":"Gremlin Leader","floor":23.0,"turns":8.0},{"damage":7.0,"enemies":"Snake Plant","floor":24.0,"turns":5.0},{"damage":0.0,"enemies":"Centurion and Healer","floor":28.0,"turns":7.0},{"damage":6.0,"enemies":"Sentry and Sphere","floor":30.0,"turns":3.0},{"damage":5.0,"enemies":"Colosseum Slavers","floor":31.0,"turns":4.0},{"damage":36.0,"enemies":"Colosseum Nobs","floor":31.0,"turns":7.0},{"damage":75,"enemies":"Automaton","floor":33,"turns":10}],"seed_played":"7227618536337654068","potions_obtained":[{"floor":1.0,"key":"DuplicationPotion"},{"floor":12.0,"key":"SmokeBomb"},{"floor":13.0,"key":"GamblersBrew"},{"floor":18.0,"key":"GhostInAJar"},{"floor":24.0,"key":"SpeedPotion"},{"floor":31.0,"key":"SteroidPotion"}],"is_trial":false,"path_per_floor":["M","M","?","M","M","R","E","R","T","?","$","M","E","M","R","B",null,"M","?","M","M","$","E","M","R","T","R","M","R","M","?","R","B"],"character_chosen":"THE_SILENT","items_purchased":["Dash","Lee\u0027s Waffle","Noxious Fumes"],"campfire_rested":4,"item_purchase_floors":[11,22,22],"current_hp_per_floor":[63,63,68,68,68,68,13,35,35,53,53,47,25,25,47,24,62,54,54,47,47,82,49,42,42,42,81,81,81,75,34,73,0,0],"gold":203,"neow_bonus":"UPGRADE_CARD","is_daily":false,"chose_seed":false,"campfire_upgraded":2,"win_rate":0.0,"timestamp":1614237036,"path_taken":["M","M","?","M","M","R","E","R","T","?","$","M","E","M","R","BOSS","M","?","M","M","$","E","M","R","T","R","M","R","M","?","R","BOSS"],"items_purchased_type":["Card","Relic","Card"],"build_version":"2020-12-22","purchased_purges":1,"victory":false,"max_hp_per_floor":[70,70,75,75,75,75,75,75,75,75,75,75,75,75,75,75,75,75,75,75,75,82,82,82,82,82,82,82,82,82,82,82,82,82],"relic_stats":{"Lee\u0027s Waffle":35,"Regal Pillow":30,"counters":[19,107],"Gambling Chip":[6],"StoneCalendar":[332],"Ginger":[6],"Cursed Key":1,"obtain_stats":[{"Du-Vu Doll":9,"Lee\u0027s Waffle":22,"Regal Pillow":23,"Bottled Flame":31,"Gambling Chip":31,"StoneCalendar":13,"Ginger":7,"Cursed Key":17,"Ring of the Snake":0},{"Du-Vu Doll":5,"Lee\u0027s Waffle":12,"Regal Pillow":13,"Bottled Flame":18,"Gambling Chip":18,"StoneCalendar":7,"Ginger":5,"Cursed Key":9,"Ring of the Snake":0},{"Du-Vu Doll":29,"Lee\u0027s Waffle":63,"Regal Pillow":71,"Bottled Flame":97,"Gambling Chip":97,"StoneCalendar":37,"Ginger":29,"Cursed Key":48,"Ring of the Snake":0}],"Ring of the Snake":[38]},"card_choices":[{"not_picked":["Slice","Underhanded Strike"],"picked":"Sucker Punch","floor":1.0},{"not_picked":["Flying Knee","Cloak And Dagger"],"picked":"Terror","floor":2.0},{"not_picked":["Bane","Dagger Throw"],"picked":"Poisoned Stab","floor":4.0},{"not_picked":["Dagger Throw","Accuracy"],"picked":"Backflip","floor":5.0},{"not_picked":["Outmaneuver","Dagger Throw"],"picked":"Poisoned Stab","floor":7.0},{"not_picked":["Infinite Blades","Deadly Poison"],"picked":"Escape Plan","floor":12.0},{"not_picked":["Expertise","Setup","Unload"],"picked":"SKIP","floor":13.0},{"not_picked":["Underhanded Strike","Slice","Prepared"],"picked":"SKIP","floor":14.0},{"not_picked":["Doppelganger","Venomology"],"picked":"Burst","floor":16.0},{"not_picked":["Dodge and Roll","Reflex"],"picked":"Dash+1","floor":18.0},{"not_picked":["Deadly Poison","Phantasmal Killer"],"picked":"Backflip","floor":20.0},{"not_picked":["Concentrate","Acrobatics","Well Laid Plans"],"picked":"SKIP","floor":21.0},{"not_picked":["Acrobatics+1","Deflect","Calculated Gamble+1"],"picked":"SKIP","floor":23.0},{"not_picked":["Catalyst","Outmaneuver+1","Finisher"],"picked":"SKIP","floor":24.0},{"not_picked":["Expertise+1","Endless Agony","Deadly Poison"],"picked":"SKIP","floor":28.0},{"not_picked":["Backflip","Cloak And Dagger"],"picked":"PiercingWail+1","floor":31.0}],"player_experience":1264288,"relics_obtained":[{"floor":7.0,"key":"Ginger"},{"floor":9.0,"key":"Du-Vu Doll"},{"floor":13.0,"key":"StoneCalendar"},{"floor":23.0,"key":"Regal Pillow"},{"floor":31.0,"key":"Gambling Chip"},{"floor":31.0,"key":"Bottled Flame"}],"event_choices":[{"damage_healed":0.0,"max_hp_gain":5.0,"max_hp_loss":0.0,"gold_gain":0.0,"event_name":"Big Fish","player_choice":"Donut","floor":3.0,"gold_loss":0.0,"damage_taken":0.0},{"damage_healed":18.0,"max_hp_gain":0.0,"max_hp_loss":0.0,"gold_gain":0.0,"event_name":"The Cleric","player_choice":"Healed","floor":10.0,"gold_loss":35.0,"damage_taken":0.0},{"damage_healed":0.0,"max_hp_gain":0.0,"max_hp_loss":0.0,"gold_gain":0.0,"event_name":"Ghosts","player_choice":"Ignored","floor":19.0,"gold_loss":0.0,"damage_taken":0.0},{"damage_healed":0.0,"max_hp_gain":0.0,"max_hp_loss":0.0,"gold_gain":0.0,"event_name":"Colosseum","player_choice":"Fight","floor":31.0,"gold_loss":0.0,"damage_taken":0.0},{"damage_healed":0.0,"max_hp_gain":0.0,"max_hp_loss":0.0,"gold_gain":0.0,"event_name":"Colosseum","player_choice":"Fought Nobs","floor":31.0,"gold_loss":0.0,"damage_taken":0.0}],"is_beta":false,"boss_relics":[{"not_picked":["Velvet Choker","Snecko Eye"],"picked":"Cursed Key"}],"items_purged_floors":[11],"is_endless":false,"potions_floor_spawned":[1,12,13,14,18,24,31,31],"killed_by":"Automaton","ascension_level":12}}