{"host":"24vdok87ydm8sokm","time":1614257368,"event":{"mods":["AchievementEnabler","BaseMod","Colored Map","Colored Powertips","Minty Spire (QoL Compilation)","StSLib"],"gold_per_floor":[111,111,81,99,99,129,149,161,161,179,199,232,232,263,263,365,365,347,362,373,373,373],"floor_reached":21,"language":"ENG","playtime":1832,"items_purged":[],"score":239,"play_id":"2d16c92a-43ff-421e-a779-7e52b944b72f","local_time":"20210225064928","is_ascension_mode":true,"campfire_choices":[{"floor":15,"key":"REST"}],"circlet_count":0,"master_deck":["Strike_G","Strike_G","Strike_G+1","Strike_G","Strike_G","Defend_G","Defend_G","Defend_G","Defend_G+1","Defend_G","Survivor","Neutralize","Dagger Throw","Dodge and Roll","Poisoned Stab","Deadly Poison","Glass Knife","PiercingWail","Blur","Envenom","Backflip+1","Catalyst","Poisoned Stab"],"relics":["Ring of the Snake","NeowsBlessing","Snake Skull","Singing Bowl","Happy Flower","Blue Candle","PreservedInsect","Sundial","SlaversCollar"],"acts_visited":["Exordium","TheCity"],"potions_floor_usage":[8,11,12,14,20,21,21,21],"damage_taken":[{"damage":0,"enemies":"2 Louse","floor":1,"turns":1},{"damage":0,"enemies":"Cultist","floor":4,"turns":1},{"damage":0,"enemies":"Gremlin Nob","floor":6,"turns":1},{"damage":0,"enemies":"Jaw Worm","floor":7,"turns":3},{"damage":2,"enemies":"Looter","floor":8,"turns":3},{"damage":0,"enemies":"Blue Slaver","floor":10,"turns":3},{"damage":9,"enemies":"2 Fungi Beasts","floor":11,"turns":3},{"damage":16,"enemies":"3 Sentries","floor":12,"turns":7},{"damage":14,"enemies":"Lagavulin","floor":14,"turns":5},{"damage":11,"enemies":"The Guardian","floor":16,"turns":13},{"damage":15,"enemies":"2 Thieves","floor":18,"turns":4},{"damage":24,"enemies":"Chosen","floor":19,"turns":5},{"damage":32,"enemies":"Shelled Parasite and Fungi","floor":20,"turns":7},{"damage":6,"enemies":"3 Cultists","floor":21,"turns":3}],"seed_played":"3512266915565443319","potions_obtained":[{"floor":1,"key":"Regen Potion"},{"floor":3,"key":"Strength Potion"},{"floor":3,"key":"Regen Potion"},{"floor":10,"key":"GamblersBrew"},{"floor":12,"key":"EssenceOfSteel"},{"floor":20,"key":"EntropicBrew"}],"is_trial":false,"path_per_floor":["M","?","?","M","?","E","M","M","T","M","M","E","?","E","R","B",null,"M","M","M","M"],"character_chosen":"THE_SILENT","items_purchased":[],"campfire_rested":1,"item_purchase_floors":[],"current_hp_per_floor":[70,56,56,56,53,55,55,62,62,62,62,46,46,34,56,45,74,59,35,3,0,0],"gold":373,"neow_bonus":"THREE_ENEMY_KILL","is_daily":false,"chose_seed":false,"campfire_upgraded":0,"win_rate":0.0,"timestamp":1614257368,"path_taken":["M","?","?","?","?","E","M","M","T","M","M","E","?","E","R","BOSS","M","M","M","?"],"items_purchased_type":[],"build_version":"2020-12-22","purchased_purges":0,"victory":false,"max_hp_per_floor":[70,70,70,70,70,72,72,72,72,72,72,72,72,74,74,74,74,74,74,74,74,74],"card_choices":[{"not_picked":["Tactician","Flechettes"],"picked":"Dagger Throw","floor":1},{"not_picked":["Dagger Spray","Deadly Poison"],"picked":"Dodge and Roll","floor":4},{"not_picked":["Underhanded Strike","Bane","Distraction"],"picked":"Singing Bowl","floor":6},{"not_picked":["Flying Knee","Distraction"],"picked":"Poisoned Stab","floor":7},{"not_picked":["Blade Dance","Heel Hook"],"picked":"Deadly Poison","floor":8},{"not_picked":["Flying Knee","Finisher"],"picked":"Glass Knife","floor":10},{"not_picked":["Skewer","Dash"],"picked":"PiercingWail","floor":11},{"not_picked":["Calculated Gamble","Prepared"],"picked":"Blur","floor":12},{"not_picked":["Eviscerate","Terror","Poisoned Stab"],"picked":"Singing Bowl","floor":14},{"not_picked":["Storm of Steel","Glass Knife"],"picked":"Envenom","floor":16},{"not_picked":["Underhanded Strike","Deflect+1"],"picked":"Backflip+1","floor":18},{"not_picked":["Well Laid Plans","PiercingWail"],"picked":"Catalyst","floor":19},{"not_picked":["Blade Dance","Underhanded Strike"],"picked":"Poisoned Stab","floor":20}],"player_experience":124379,"relics_obtained":[{"floor":6,"key":"Singing Bowl"},{"floor":9,"key":"Happy Flower"},{"floor":12,"key":"Blue Candle"},{"floor":14,"key":"Sundial"}],"event_choices":[{"damage_healed":0,"gold_gain":0,"player_choice":"Entered Light","damage_taken":14,"max_hp_gain":0,"max_hp_loss":0,"event_name":"Shining Light","floor":2,"gold_loss":0,"cards_upgraded":["Strike_G","Defend_G"]},{"damage_healed":0,"gold_gain":0,"player_choice":"Bought 2 Potions","damage_taken":0,"max_hp_gain":0,"max_hp_loss":0,"event_name":"The Woman in Blue","floor":3,"gold_loss":0},{"damage_healed":0,"gold_gain":0,"player_choice":"Success","damage_taken":3,"relics_obtained":["Snake Skull"],"max_hp_gain":0,"max_hp_loss":0,"event_name":"Scrap Ooze","floor":5,"gold_loss":0},{"damage_healed":0,"gold_gain":0,"player_choice":"Gave Potion","damage_taken":0,"relics_obtained":["PreservedInsect"],"max_hp_gain":0,"max_hp_loss":0,"event_name":"WeMeetAgain","floor":13,"gold_loss":0}],"is_beta":false,"boss_relics":[{"not_picked":["Sozu","Tiny House"],"picked":"SlaversCollar"}],"items_purged_floors":[],"is_endless":false,"potions_floor_spawned":[1,10,12,20],"killed_by":"3 Cultists","ascension_level":1}}