{"host":"5n1fl7z5i1vf7jan","time":1614227420,"event":{"mods":["BaseMod","Minty Spire (QoL Compilation)","Quick Restart","Relic Stats"],"gold_per_floor":[111,126,141,156,2,2,15,15,15,15,15],"floor_reached":10,"language":"ENG","playtime":136,"items_purged":["Strike_B"],"score":120,"play_id":"e7417e97-77f2-423f-a634-101f33e31074","local_time":"20210224203020","is_ascension_mode":true,"campfire_choices":[{"data":"Defragment","floor":6.0,"key":"SMITH"},{"data":"Defragment","floor":8.0,"key":"SMITH"}],"circlet_count":0,"master_deck":["AscendersBane","Strike_B","Strike_B","Strike_B","Defend_B","Defend_B","Defend_B","Defend_B","Zap","Dualcast","Streamline","Compile Driver","Sweeping Beam","Defragment+1","Defragment+1","Go for the Eyes"],"relics":["Cracked Core","NeowsBlessing","White Beast Statue"],"acts_visited":["Exordium"],"potions_floor_usage":[],"damage_taken":[{"damage":0.0,"enemies":"Cultist","floor":1.0,"turns":1.0},{"damage":0.0,"enemies":"2 Louse","floor":2.0,"turns":1.0},{"damage":0.0,"enemies":"Small Slimes","floor":3.0,"turns":1.0},{"damage":16.0,"enemies":"Exordium Wildlife","floor":4.0,"turns":4.0},{"damage":14.0,"enemies":"Red Slaver","floor":7.0,"turns":4.0},{"damage":0,"enemies":"3 Sentries","floor":10,"turns":1}],"seed_played":"8579262655720005509","potions_obtained":[{"floor":7.0,"key":"SpeedPotion"}],"is_trial":false,"path_per_floor":["M","M","M","M","$","R","M","R","T","E"],"character_chosen":"DEFECT","items_purchased":["Defragment"],"campfire_rested":0,"item_purchase_floors":[5],"current_hp_per_floor":[64,64,64,48,48,48,34,34,34,34,34],"gold":15,"neow_bonus":"THREE_ENEMY_KILL","is_daily":false,"chose_seed":false,"campfire_upgraded":2,"win_rate":0.0,"timestamp":1614227420,"path_taken":["M","M","?","M","$","R","M","R","T","E"],"items_purchased_type":["Card"],"build_version":"2020-12-22","purchased_purges":1,"victory":false,"max_hp_per_floor":[71,71,71,71,71,71,71,71,71,71,71],"relic_stats":{"counters":[6,11],"obtain_stats":[{"NeowsBlessing":0,"Cracked Core":0,"White Beast Statue":9},{"NeowsBlessing":0,"Cracked Core":0,"White Beast Statue":5},{"NeowsBlessing":0,"Cracked Core":0,"White Beast Statue":11}]},"card_choices":[{"not_picked":["Hologram","Heatsinks"],"picked":"Streamline","floor":1.0},{"not_picked":["Leap","Force Field"],"picked":"Compile Driver","floor":2.0},{"not_picked":["Undo","Scrape"],"picked":"Sweeping Beam","floor":3.0},{"not_picked":["Ball Lightning","Conserve Battery"],"picked":"Defragment","floor":4.0},{"not_picked":["Redo","Storm"],"picked":"Go for the Eyes","floor":7.0}],"player_experience":415901,"relics_obtained":[{"floor":9.0,"key":"White Beast Statue"}],"event_choices":[],"is_beta":false,"boss_relics":[],"items_purged_floors":[5],"is_endless":false,"potions_floor_spawned":[7],"killed_by":"3 Sentries","ascension_level":20}}