{"host":"lsar2779b552p7jm","time":1614290387,"event":{"mods":["Act Like it!","BaseMod","Colored Powertips","Conspire","Curses Come First","Downfall","Friendly Minions","Hermit","Infinite Spire","Lobotomy","MarisaÅiñ∂âJÅ@ñÇóùçπÅj","Minty Spire (QoL Compilation)","Reliquary","Replay The Spire","Robot Space Explorer","StSLib","The Construct","The Cursed","The Disciple","The Marked","The Mystic"],"gold_per_floor":[114,128,143,143,157,157,157],"floor_reached":6,"language":"ENG","playtime":732,"items_purged":[],"score":38,"play_id":"c50d4146-c02b-42ee-920c-0873d0b3f9a0","local_time":"20210225225947","is_ascension_mode":false,"campfire_choices":[],"circlet_count":0,"master_deck":["hermit:Strike_Hermit","hermit:Strike_Hermit","hermit:Strike_Hermit","hermit:Strike_Hermit","hermit:Defend_Hermit","hermit:Defend_Hermit","hermit:Defend_Hermit","hermit:Snapshot","hermit:Covet","hermit:HoleUp","WallGazer","hermit:Midnight","UniverseFragment","hermit:Manifest","Scorched","hermit:Horror","hermit:Midnight","MeatLantern"],"relics":["hermit:Momento","CogitoBucket"],"acts_visited":["Exordium"],"potions_floor_usage":[],"damage_taken":[{"damage":19,"enemies":"infinitespire:Voidling","floor":1,"turns":4},{"damage":3,"enemies":"Cultist","floor":2,"turns":5},{"damage":6,"enemies":"conspire:RoseBush","floor":3,"turns":3},{"damage":0,"enemies":"3 Louse","floor":5,"turns":1},{"damage":48,"enemies":"3 Sentries","floor":6,"turns":15}],"seed_played":"-3414888254319159546","potions_obtained":[{"floor":2,"key":"ColorlessPotion"}],"is_trial":false,"path_per_floor":["M","M","M","?","M","E"],"character_chosen":"HERMIT","items_purchased":[],"campfire_rested":0,"item_purchase_floors":[],"current_hp_per_floor":[56,53,47,47,47,0,0],"gold":157,"neow_bonus":"","is_daily":false,"chose_seed":false,"campfire_upgraded":0,"win_rate":0.0,"timestamp":1614290387,"path_taken":["M","?","M","?","M","E"],"items_purchased_type":[],"build_version":"2020-12-22","purchased_purges":0,"victory":false,"max_hp_per_floor":[75,75,75,75,75,75,75],"card_choices":[{"not_picked":["hermit:Virtue","hermit:FlashPowder"],"picked":"hermit:HoleUp","floor":1},{"not_picked":["GalaxyChild","Scarecrow"],"picked":"WallGazer","floor":1},{"not_picked":["hermit:Glare","hermit:LuckOfTheDraw"],"picked":"hermit:Midnight","floor":2},{"not_picked":["Freischutz","VoidDream"],"picked":"UniverseFragment","floor":2},{"not_picked":["hermit:OverwhelmingPower","hermit:EyeOfTheStorm"],"picked":"hermit:Manifest","floor":3},{"not_picked":["MeatLantern","LittleHelper"],"picked":"Scorched","floor":3},{"not_picked":["hermit:LoneWolf","hermit:Coalescence"],"picked":"hermit:Midnight","floor":5},{"not_picked":["QueenBee","Bloodbath"],"picked":"MeatLantern","floor":5}],"player_experience":5479,"relics_obtained":[],"event_choices":[{"damage_healed":0,"gold_gain":0,"cards_transformed":["hermit:Defend_Hermit"],"player_choice":"Change","damage_taken":0,"max_hp_gain":0,"max_hp_loss":0,"event_name":"Living Wall","floor":4,"gold_loss":0,"cards_obtained":["hermit:Horror"]}],"is_beta":false,"boss_relics":[],"items_purged_floors":[],"is_endless":false,"potions_floor_spawned":[2],"killed_by":"3 Sentries","ascension_level":0}}