{"host":"3m32mriab3qyn2w0","time":1614292711,"event":{"mods":["AchievementEnabler","Aspiration","BaseMod","Beaked The Cultist","Better Altar","Better Match","Better Note","Better Sensory Stone","Better Skull","Better Third Choice","Better Vampires","Clawfect","Colored Map","Colored Powertips","Colorless Booster Pack","Conjunction","Conspire","Defuse TimeMaze Blight","Displayed Cursed Tome","Downfall","Emptier Cage","Energized Spire","Exacting","Friendly Minions","Glutton Mod","Halation","Hubris","Hyrulean Relics","Infinite Spire","Marisa????????","Mimic Mod","Minty Spire (QoL Compilation)","Mirrors Mod","Permanent Neow","Relic Sorter","Replay The Spire","Shop Mod","Spicy Shops","Spikes Relics","StSLib","SuperFastMode","The Blue Laboratory","The Bug Knight","The Cursed","Uncapped","Wandering Minibosses"],"gold_per_floor":[115,65,65,99,116,116,151,151,178,8,8,8,8,23,23,142,142,204,238,238,238,238,238,278,278,303,351,351,125,125,125,125,299,299,334,386,386,436,587,665,779,779],"floor_reached":41,"language":"ENG","playtime":2387,"items_purged":[],"score":682,"play_id":"9e7af54a-e58e-498c-bd0a-9c284597e6ab","local_time":"20210225223831","daily_mods":["Heirloom","Flight","Cursed Run"],"is_ascension_mode":false,"campfire_choices":[{"data":"TheCursedMod:CircleOfCorruption","floor":6,"key":"SMITH"},{"data":"TheCursedMod:WearCloak","floor":12,"key":"SMITH"},{"data":"TheCursedMod:CleanUpWorkshop","floor":15,"key":"SMITH"},{"data":"ReplayTheSpireMod:Book of Names","floor":23,"key":"SMITH"},{"floor":32,"key":"REST"}],"circlet_count":0,"master_deck":["hubris:Hubris","conspire:GhostlyStrike","conspire:GhostlyStrike","conspire:GhostlyStrike","conspire:GhostlyDefend","conspire:GhostlyDefend","conspire:GhostlyDefend","conspire:GhostlyDefend","TheCursedMod:CursedWand","TheCursedMod:CleanUpWorkshop+1","TheCursedMod:Dregs","TheCursedMod:WearCloak+1","TheCursedMod:CircleOfCorruption+1","TheCursedMod:Hemoplague+1","TheCursedMod:WearCloak","ReplayTheSpireMod:IOU","TheCursedMod:WearCloak","Combust","Corpse Explosion","TheCursedMod:Stigma","TheCursedMod:VoidForm","TheCursedMod:HellfireBreathing","Intolerance","ReplayTheSpireMod:Book of Names+1","hubris:EnhanceAbility","CloudedMind","Ghostly","Ghostly","Ghostly","Ghostly","Ghostly","TheCursedMod:SpitefulPlan","ReplayTheSpireMod:??????????????????????","infinitespire:Collect","hubris:Sloth","TheCursedMod:CollectTribute","TheCursedMod:RavingStaff+1","ReplayTheSpireMod:Splinters","Delirium","hubris:Envy","TheCursedMod:ReleasedStrength+1","TheCursedMod:Hemoplague+1","TheCursedMod:SoulReap+1","TheCursedMod:Dregs"],"relics":["Cursed Key","Darkstone Periapt","Du-Vu Doll","halation:SwordOfLegend","infinitespire:CheckeredPen","hubris:ToyBattleship","Omamori","hubris:Backtick","zeldaRelics:Boomerang","Nloth\u0027s Gift","zeldaRelics:CourageTriforce","hexamod:BolsterEngine","Chemical X","aspiration:SecretTechniqueScroll","FaceOfCleric","conspire:RoyalGoblet","Toxic Egg 2","Prayer Wheel","Replay:Bronze Core","Ring of Hypnosis","Ring of Greed","hubris:MobiusCoin","halation:IllGainedPizza","wanderingMiniBosses:AbyssPearl"],"acts_visited":["Exordium","TheCity","TheBeyond"],"potions_floor_usage":[19,19,19,35,39,40,41],"damage_taken":[{"damage":3,"enemies":"2 Louse","floor":1,"turns":3},{"damage":0,"enemies":"Jaw Worm","floor":4,"turns":6},{"damage":0,"enemies":"Cultist","floor":5,"turns":4},{"damage":8,"enemies":"3 Louse","floor":7,"turns":2},{"damage":4,"enemies":"Blue Slaver","floor":14,"turns":3},{"damage":22,"enemies":"Slime Boss","floor":16,"turns":6},{"damage":12,"enemies":"3 Byrds","floor":18,"turns":3},{"damage":48,"enemies":"Chosen","floor":19,"turns":6},{"damage":16,"enemies":"Snecko","floor":24,"turns":5},{"damage":17,"enemies":"Centurion and Healer","floor":27,"turns":4},{"damage":1,"enemies":"Collector","floor":33,"turns":5},{"damage":11,"enemies":"Orb Walker","floor":35,"turns":6},{"damage":13,"enemies":"3 Darklings","floor":39,"turns":7},{"damage":21,"enemies":"Nightmare","floor":40,"turns":9},{"damage":55,"enemies":"infinitespire:Three Voidlings","floor":41,"turns":3}],"seed_played":"1159167871584610902","potions_obtained":[{"floor":5,"key":"Slimebound:ThreeZeroPotion"},{"floor":7,"key":"PowerPotion"},{"floor":16,"key":"hexamod:SoulburnPotion"},{"floor":27,"key":"Explosive Potion"},{"floor":33,"key":"DistilledChaos"},{"floor":39,"key":"SteroidPotion"},{"floor":40,"key":"Conjunction:LightningMarble"}],"is_trial":true,"path_per_floor":["M","?","?","M","M","R","M","?","T","$","?","R","?","M","R","B",null,"M","M","?","?","?","R","M","?","T","M","?","$","AVR","?","R","B",null,"M","T","AVR","?","M","NM","?"],"character_chosen":"THE_CURSED","items_purchased":["infinitespire:CheckeredPen","TheCursedMod:WearCloak","TheCursedMod:SpitefulPlan","hexamod:BolsterEngine"],"campfire_rested":1,"item_purchase_floors":[10,10,29,29],"current_hp_per_floor":[72,72,72,72,75,75,67,67,73,73,73,73,46,42,45,35,81,69,21,21,27,27,36,20,20,26,9,9,9,9,9,25,31,53,43,49,49,55,52,32,0,0],"gold":779,"neow_bonus":"","is_daily":false,"chose_seed":false,"campfire_upgraded":4,"win_rate":0.0,"timestamp":1614292711,"path_taken":["M","?","?","M","?","R","?","?","T","$","?","R","?","M","R","BOSS","M","M","?","?","?","R","M","?","T","?","?","$","AVR","?","R","BOSS","M","?","AVR","?","?","NM","?"],"items_purchased_type":["Relic","Card","Card","Relic"],"build_version":"2020-12-22","purchased_purges":0,"victory":false,"max_hp_per_floor":[75,75,75,75,75,75,75,75,81,81,81,81,81,81,81,81,81,81,81,81,87,87,87,87,87,93,93,46,46,46,46,46,53,53,54,60,60,66,73,74,80,80],"card_choices":[{"not_picked":["TheCursedMod:HellsGateOpen","TheCursedMod:CircleOfFocus"],"picked":"TheCursedMod:WearCloak","floor":1},{"not_picked":["TheCursedMod:WearCloak","TheCursedMod:CursedBoomerang"],"picked":"TheCursedMod:CircleOfCorruption","floor":4},{"not_picked":["TheCursedMod:SmokeScreen","TheCursedMod:AshesToAshes"],"picked":"TheCursedMod:Hemoplague","floor":5},{"not_picked":["TheCursedMod:Stretching","TheCursedMod:CircleOfAmplification"],"picked":"TheCursedMod:WearCloak","floor":7},{"not_picked":["TheCursedMod:VitalStrike","TheCursedMod:SoulCrush"],"picked":"TheCursedMod:Stigma","floor":14},{"not_picked":["TheCursedMod:DemonSword","TheCursedMod:CircleOfAbyss"],"picked":"TheCursedMod:VoidForm","floor":16},{"not_picked":["TheCursedMod:TacticalStrike+1","TheCursedMod:Obscuration+1"],"picked":"TheCursedMod:HellfireBreathing","floor":18},{"not_picked":["TheCursedMod:CursedMace","TheCursedMod:Torture","TheCursedMod:Stigma"],"picked":"SKIP","floor":19},{"not_picked":["infinitespire:SealOfDarkness+","infinitespire:DeathsTouch"],"picked":"ReplayTheSpireMod:Book of Names","floor":21},{"not_picked":["CBP: ChaoticOffering","Sadistic Nature"],"picked":"hubris:EnhanceAbility","floor":22},{"not_picked":["TheCursedMod:Mangle","TheCursedMod:Stretching","TheCursedMod:HellfireBreathing"],"picked":"SKIP","floor":24},{"not_picked":["TheCursedMod:AshesToAshes","TheCursedMod:SpitefulStrike","TheCursedMod:VitalStrike"],"picked":"SKIP","floor":27},{"not_picked":["TheCursedMod:UltimatePain","TheCursedMod:Neurasthenia"],"picked":"TheCursedMod:CollectTribute","floor":33},{"not_picked":["TheCursedMod:SmokeScreen+1","TheCursedMod:CursedMace"],"picked":"TheCursedMod:RavingStaff+1","floor":35},{"not_picked":["TheCursedMod:CircleOfFlame+1","TheCursedMod:RavingStaff+1"],"picked":"TheCursedMod:ReleasedStrength+1","floor":39},{"not_picked":["TheCursedMod:CursedMace","TheCursedMod:SpitefulPlan"],"picked":"TheCursedMod:Hemoplague+1","floor":39},{"not_picked":["TheCursedMod:ManaBullet","TheCursedMod:FuryStrike"],"picked":"TheCursedMod:SoulReap+1","floor":40}],"player_experience":369425,"relics_obtained":[{"floor":9,"key":"zeldaRelics:CouragePiece"},{"floor":26,"key":"zeldaRelics:CouragePiece"},{"floor":35,"key":"Toxic Egg 2"},{"floor":36,"key":"zeldaRelics:CouragePiece"},{"floor":38,"key":"Ring of Hypnosis"},{"floor":38,"key":"Ring of Greed"},{"floor":38,"key":"hubris:MobiusCoin"},{"floor":38,"key":"halation:IllGainedPizza"},{"floor":39,"key":"wanderingMiniBosses:AbyssPearl"},{"floor":40,"key":"zeldaRelics:CouragePiece"}],"event_choices":[{"cards_removed":["TheCursedMod:Strike_TheCursed"],"damage_healed":0,"gold_gain":0,"player_choice":"Card Removal","damage_taken":0,"max_hp_gain":0,"max_hp_loss":0,"event_name":"The Cleric","floor":2,"gold_loss":50},{"damage_healed":0,"gold_gain":0,"player_choice":"Agree","damage_taken":0,"max_hp_gain":0,"max_hp_loss":0,"event_name":"conspire:LoneGhost","floor":8,"gold_loss":0},{"damage_healed":0,"gold_gain":0,"player_choice":"Grow","damage_taken":0,"max_hp_gain":0,"max_hp_loss":0,"event_name":"Living Wall","floor":11,"gold_loss":0,"cards_upgraded":["TheCursedMod:Hemoplague"]},{"damage_healed":0,"gold_gain":0,"player_choice":"Ignored","damage_taken":0,"max_hp_gain":0,"max_hp_loss":0,"event_name":"betterNote:BetterNote","floor":20,"gold_loss":0,"cards_obtained":["Pot Of Greed"]},{"damage_healed":0,"gold_gain":2,"player_choice":"1","damage_taken":0,"max_hp_gain":0,"max_hp_loss":0,"event_name":"betterStone:BetterStone","floor":22,"gold_loss":0},{"damage_healed":0,"gold_gain":0,"player_choice":"Traded Relic","damage_taken":0,"relics_obtained":["Nloth\u0027s Gift"],"max_hp_gain":0,"max_hp_loss":0,"event_name":"N\u0027loth","floor":25,"relics_lost":["zeldaRelics:CouragePiece"],"gold_loss":0},{"damage_healed":0,"gold_gain":0,"player_choice":"Became a Ghost","damage_taken":0,"max_hp_gain":0,"max_hp_loss":47,"event_name":"Ghosts","floor":28,"gold_loss":0,"cards_obtained":["Ghostly","Ghostly","Ghostly","Ghostly","Ghostly"]},{"damage_healed":0,"gold_gain":0,"player_choice":"Trade","damage_taken":0,"relics_obtained":["FaceOfCleric"],"max_hp_gain":0,"max_hp_loss":0,"event_name":"FaceTrader","floor":31,"gold_loss":0}],"is_beta":false,"boss_relics":[{"not_picked":["beaked:MawFillet","hubris:HollowSoul"],"picked":"hubris:Backtick"},{"not_picked":["aspiration:RunicSpoon","Snecko Heart"],"picked":"conspire:RoyalGoblet"}],"items_purged_floors":[],"is_endless":true,"potions_floor_spawned":[5,7,16,27,33,39,40],"killed_by":"infinitespire:Three Voidlings","ascension_level":0}}