{"host":"ya062ahhhuj9au1o","time":1614214858,"event":{"mods":["BaseMod","Better Third Choice","Downfall","Filter the Spire","Hermit","Minty Spire (QoL Compilation)","Random Character Button","Robot Space Explorer","Somnambulant","StSLib","The Bug Knight","The Cursed","The Marked","The Servant 0.9.4"],"gold_per_floor":[114,114,1,20,20,20,0,0,51,51,1,21,21,39,39,144,144,164,164,164,179,79,79,79,79,106,120,120,143,182,182,182,182,182],"floor_reached":33,"language":"ENG","playtime":2573,"items_purged":["Defend_P","downfall:Malfunctioning"],"score":311,"play_id":"b239051a-09ef-4e21-99ea-14cced2bd526","local_time":"20210224200058","is_ascension_mode":true,"campfire_choices":[{"data":"Eruption","floor":6.0,"key":"SMITH"},{"data":"MentalFortress","floor":8.0,"key":"SMITH"},{"data":"Vigilance","floor":10.0,"key":"SMITH"},{"data":"Strike_P","floor":13.0,"key":"SMITH"},{"data":"EmptyBody","floor":15.0,"key":"SMITH"},{"data":"Ragnarok","floor":23,"key":"SMITH"},{"data":"Enlightenment","floor":25,"key":"SMITH"},{"data":"Crescendo","floor":28,"key":"SMITH"},{"data":"Pray","floor":32,"key":"SMITH"}],"circlet_count":0,"master_deck":["Strike_P+1","Strike_P","Strike_P+1","Strike_P","Defend_P","Defend_P","Eruption+1","Vigilance+1","EmptyBody+1","MentalFortress+1","FearNoEvil+1","Enlightenment+1","Pray+1","Crescendo+1","Ragnarok+1","FlurryOfBlows","Tantrum","Writhe","TheCursedMod:Dregs","FlurryOfBlows+1"],"relics":["Cursed Key","HollowMod:PaleOreRelic","SlaversCollar","StrikeDummy","Happy Flower","Oddly Smooth Stone","CeramicFish"],"acts_visited":["Exordium","TheCity"],"potions_floor_usage":[30,30],"damage_taken":[{"damage":0.0,"enemies":"Small Slimes","floor":1.0,"turns":2.0},{"damage":0.0,"enemies":"Cultist","floor":4.0,"turns":2.0},{"damage":0.0,"enemies":"2 Louse","floor":12.0,"turns":2.0},{"damage":0.0,"enemies":"Looter","floor":14.0,"turns":2.0},{"damage":6.0,"enemies":"The Guardian","floor":16.0,"turns":10.0},{"damage":0.0,"enemies":"Spheric Guardian","floor":18.0,"turns":2.0},{"damage":8,"enemies":"Shell Parasite","floor":21,"turns":3},{"damage":6,"enemies":"Snecko","floor":27,"turns":3},{"damage":26,"enemies":"Book of Stabbing","floor":30,"turns":4},{"damage":62,"enemies":"Automaton","floor":33,"turns":4}],"seed_played":"3968432538439122902","potions_obtained":[{"floor":12.0,"key":"BottledMiracle"},{"floor":16.0,"key":"Regen Potion"},{"floor":18.0,"key":"sneckomod:MuddlingPotion"},{"floor":27,"key":"ColorlessPotion"}],"is_trial":false,"path_per_floor":["M","?","$","M","?","R","?","R","T","R","?","M","R","M","R","B",null,"M","?","T","M","$","R","?","R","T","M","R","T","E","?","R","B"],"character_chosen":"WATCHER","items_purchased":["MentalFortress"],"campfire_rested":0,"item_purchase_floors":[3],"current_hp_per_floor":[72,72,72,72,58,58,64,64,64,64,64,64,64,64,64,58,73,73,73,73,65,65,65,50,50,50,44,44,44,30,57,57,0,0],"gold":182,"neow_bonus":"BOSS_RELIC","is_daily":false,"chose_seed":false,"campfire_upgraded":9,"win_rate":0.0,"timestamp":1614214858,"path_taken":["M","?","$","?","?","R","?","R","T","R","?","M","R","M","R","BOSS","M","?","?","?","$","R","?","R","T","M","R","?","E","?","R","BOSS"],"items_purchased_type":["Card"],"build_version":"2020-12-22","purchased_purges":2,"victory":false,"max_hp_per_floor":[72,72,72,72,72,72,78,78,78,78,78,78,78,78,78,78,78,78,78,78,78,78,78,83,83,83,83,83,83,83,83,83,83,83],"card_choices":[{"not_picked":["ThirdEye","Protect"],"picked":"EmptyBody","floor":1.0},{"not_picked":["Protect","CrushJoints"],"picked":"FearNoEvil","floor":4.0},{"not_picked":["BowlingBash","CrushJoints"],"picked":"Pray","floor":12.0},{"not_picked":["BowlingBash","CrushJoints"],"picked":"Crescendo","floor":14.0},{"not_picked":["DevaForm","LessonLearned"],"picked":"Ragnarok","floor":16.0},{"not_picked":["CrushJoints","FearNoEvil"],"picked":"FlurryOfBlows","floor":18.0},{"not_picked":["CrushJoints","PathToVictory"],"picked":"Tantrum","floor":21},{"not_picked":["CrushJoints","EmptyFist","SignatureMove"],"picked":"SKIP","floor":27},{"not_picked":["Prostrate","Devotion"],"picked":"FlurryOfBlows+1","floor":30}],"player_experience":1835383,"relics_obtained":[{"floor":9.0,"key":"HollowMod:PaleOreRelic"},{"floor":20.0,"key":"StrikeDummy"},{"floor":26,"key":"Happy Flower"},{"floor":29,"key":"Oddly Smooth Stone"},{"floor":30,"key":"CeramicFish"}],"event_choices":[{"cards_removed":["Defend_P"],"damage_healed":0.0,"max_hp_gain":0.0,"max_hp_loss":0.0,"gold_gain":0.0,"event_name":"Purifier","player_choice":"Purged","floor":2.0,"gold_loss":0.0,"damage_taken":0.0},{"damage_healed":72.0,"max_hp_gain":0.0,"max_hp_loss":72.0,"gold_gain":0.0,"event_name":"betterThird:BetterShining","player_choice":"Upgrade","floor":5.0,"gold_loss":0.0,"damage_taken":14.0,"cards_upgraded":["Strike_P","FearNoEvil"]},{"damage_healed":0.0,"max_hp_gain":0.0,"max_hp_loss":0.0,"gold_gain":0.0,"event_name":"betterThird:BetterSerpent","player_choice":"RENOUNCE","floor":7.0,"gold_loss":20.0,"damage_taken":20.0,"cards_obtained":["Enlightenment"]},{"cards_removed":["Normality"],"damage_healed":0.0,"max_hp_gain":0.0,"max_hp_loss":0.0,"gold_gain":0.0,"event_name":"The Cleric","player_choice":"Card Removal","floor":11.0,"gold_loss":50.0,"damage_taken":0.0},{"damage_healed":0.0,"max_hp_gain":0.0,"max_hp_loss":0.0,"gold_gain":0.0,"event_name":"Ghosts","player_choice":"Ignored","floor":19.0,"gold_loss":0.0,"damage_taken":0.0},{"damage_healed":0,"gold_gain":0,"player_choice":"Shed Blood","damage_taken":20,"max_hp_gain":5,"max_hp_loss":0,"event_name":"Forgotten Altar","floor":24,"gold_loss":0},{"damage_healed":27,"gold_gain":0,"player_choice":"Heal","damage_taken":0,"max_hp_gain":0,"max_hp_loss":0,"event_name":"The Library","floor":31,"gold_loss":0}],"is_beta":false,"boss_relics":[{"not_picked":["Busted Crown","Astrolabe"],"picked":"SlaversCollar"}],"items_purged_floors":[3,22],"is_endless":false,"potions_floor_spawned":[12,16,18,27],"killed_by":"Automaton","ascension_level":5}}