{"host":"dyzdf8svqmiivg97","time":1614269403,"event":{"mods":["AchievementEnabler","BaseMod","Colored Map","DeckTracker","Minty Spire (QoL Compilation)","Quick Restart","Rare Cards Sparkle","SuperFastMode"],"gold_per_floor":[116,116,130,150,165,165,183,212,212,240,251,261,261,186,186,186,186],"floor_reached":16,"language":"KOR","playtime":4097,"items_purged":["Parasite"],"score":194,"play_id":"4c54898f-51ad-4c46-b79c-047a1a32b0d0","local_time":"20210226011003","is_ascension_mode":true,"campfire_choices":[{"data":"Eruption","floor":6,"key":"SMITH"},{"data":"CrushJoints","floor":15,"key":"SMITH"}],"circlet_count":0,"master_deck":["AscendersBane","Strike_P","Strike_P","Strike_P","Strike_P","Defend_P","Defend_P","Defend_P","Defend_P","Eruption+1","Vigilance","FollowUp","EmptyFist","CrushJoints+1","Meditate","WheelKick","InnerPeace"],"relics":["PureWater","NeowsBlessing","Meat on the Bone","Blue Candle"],"acts_visited":["Exordium"],"potions_floor_usage":[7,8,16],"damage_taken":[{"damage":0,"enemies":"2 Louse","floor":1,"turns":1},{"damage":0,"enemies":"Cultist","floor":3,"turns":1},{"damage":0,"enemies":"Small Slimes","floor":4,"turns":2},{"damage":8,"enemies":"2 Fungi Beasts","floor":5,"turns":4},{"damage":6,"enemies":"Exordium Wildlife","floor":7,"turns":3},{"damage":12,"enemies":"3 Sentries","floor":8,"turns":6},{"damage":12,"enemies":"Gremlin Nob","floor":10,"turns":3},{"damage":0,"enemies":"3 Louse","floor":11,"turns":3},{"damage":22,"enemies":"Exordium Thugs","floor":12,"turns":5},{"damage":34,"enemies":"The Guardian","floor":16,"turns":7}],"seed_played":"8161120746585938662","potions_obtained":[{"floor":2,"key":"CultistPotion"},{"floor":2,"key":"LiquidBronze"},{"floor":2,"key":"LiquidMemories"},{"floor":7,"key":"CultistPotion"},{"floor":8,"key":"Fire Potion"}],"is_trial":false,"path_per_floor":["M","?","M","M","M","R","M","E","T","E","M","M","?","$","R","B"],"character_chosen":"WATCHER","items_purchased":[],"campfire_rested":0,"item_purchase_floors":[],"current_hp_per_floor":[61,61,61,61,53,53,47,35,35,35,35,25,42,42,42,8,8],"gold":186,"neow_bonus":"THREE_ENEMY_KILL","is_daily":false,"chose_seed":false,"campfire_upgraded":2,"win_rate":0.0,"timestamp":1614269403,"path_taken":["M","?","M","?","M","R","M","E","T","E","M","M","?","$","R","BOSS"],"items_purchased_type":[],"build_version":"2020-12-22","purchased_purges":1,"victory":false,"max_hp_per_floor":[68,68,68,68,68,68,68,68,68,68,68,68,68,65,65,65,65],"card_choices":[{"not_picked":["EmptyBody","CrushJoints"],"picked":"FollowUp","floor":1},{"not_picked":["Worship","Wireheading","ClearTheMind"],"picked":"SKIP","floor":3},{"not_picked":["FlurryOfBlows","Evaluate"],"picked":"EmptyFist","floor":4},{"not_picked":["FlurryOfBlows","SashWhip"],"picked":"CrushJoints","floor":5},{"not_picked":["Conclude","WindmillStrike"],"picked":"Meditate","floor":7},{"not_picked":["Sanctity","FollowUp","ThirdEye"],"picked":"SKIP","floor":8},{"not_picked":["Consecrate","Nirvana"],"picked":"WheelKick","floor":10},{"not_picked":["FlurryOfBlows","SashWhip"],"picked":"InnerPeace","floor":11},{"not_picked":["CarveReality","FlurryOfBlows","Wireheading"],"picked":"SKIP","floor":12}],"player_experience":607507,"relics_obtained":[{"floor":9,"key":"Meat on the Bone"},{"floor":10,"key":"Blue Candle"}],"event_choices":[{"damage_healed":0,"gold_gain":0,"player_choice":"Got Potions","damage_taken":0,"max_hp_gain":0,"max_hp_loss":0,"event_name":"Lab","floor":2,"gold_loss":0},{"damage_healed":17,"gold_gain":0,"player_choice":"Healed and dodged fight","damage_taken":0,"max_hp_gain":0,"max_hp_loss":0,"event_name":"Mushrooms","floor":13,"gold_loss":0,"cards_obtained":["Parasite"]}],"is_beta":false,"boss_relics":[],"items_purged_floors":[14],"is_endless":false,"potions_floor_spawned":[3,5,7,8],"killed_by":"The Guardian","ascension_level":14}}