{"host":"mtqc4a62lmlvqbqj","time":1614296583,"event":{"mods":["AchievementEnabler","BaseMod","Better Third Choice","BetterRewards","Conspire","Minty Spire (QoL Compilation)","Spicy Shops","StSLib"],"gold_per_floor":[117,135,149,48,64,89,89,113,195,9,0,18,37,37,37,166,166,182,205,228,30,45,144,44,60,60,60,60,76,76,90,90,215,215,230,0,14,14,14,14,30,46,46,46,71,94,94,94,94,94,94],"floor_reached":50,"language":"ENG","playtime":3073,"items_purged":["Strike_R","Strike_R"],"score":525,"play_id":"f86079d0-5b59-4093-a8a8-045712fd1eee","local_time":"20210226004303","is_ascension_mode":false,"campfire_choices":[{"floor":15,"key":"REST"},{"floor":27,"key":"REST"},{"floor":32,"key":"REST"},{"data":"Limit Break","floor":40,"key":"SMITH"},{"data":"Heavy Blade","floor":44,"key":"SMITH"},{"floor":49,"key":"REST"}],"circlet_count":0,"master_deck":["Strike_R","Strike_R","Strike_R","Defend_R","Defend_R","Defend_R","Bash","Rupture","Whirlwind","Sword Boomerang","Flex","Sword Boomerang","Heavy Blade+1","Offering","Spot Weakness","Hemokinesis","Battle Trance","Brutality","Flex","Combust","Cleave","Limit Break+1","Heavy Blade","Flex+1","Heavy Blade+1","conspire:Blindness"],"relics":["Black Blood","Magic Flower","Golden Idol","Letter Opener","Dream Catcher","Cursed Key","Brimstone","Nilry\u0027s Codex","Red Mask","Mango","Frozen Egg 2"],"acts_visited":["Exordium","TheCity","TheBeyond"],"potions_floor_usage":[6,6,13,13,20,33,37,41,50],"damage_taken":[{"damage":3,"enemies":"Cultist","floor":1,"turns":5},{"damage":5,"enemies":"Jaw Worm","floor":2,"turns":4},{"damage":7,"enemies":"2 Louse","floor":3,"turns":3},{"damage":11,"enemies":"Large Slime","floor":5,"turns":4},{"damage":34,"enemies":"Lagavulin","floor":6,"turns":8},{"damage":16,"enemies":"Blue Slaver","floor":8,"turns":4},{"damage":27,"enemies":"conspire:2 RoseBushes","floor":12,"turns":4},{"damage":16,"enemies":"Red Slaver","floor":13,"turns":5},{"damage":10,"enemies":"Slime Boss","floor":16,"turns":6},{"damage":29,"enemies":"conspire:FuzzyDice","floor":18,"turns":4},{"damage":10,"enemies":"Shell Parasite","floor":19,"turns":3},{"damage":14,"enemies":"Snake Plant","floor":20,"turns":3},{"damage":20,"enemies":"3 Cultists","floor":22,"turns":3},{"damage":6,"enemies":"conspire:HollyBat","floor":25,"turns":4},{"damage":19,"enemies":"Snecko","floor":29,"turns":3},{"damage":12,"enemies":"Centurion and Healer","floor":31,"turns":2},{"damage":45,"enemies":"Automaton","floor":33,"turns":5},{"damage":33,"enemies":"3 Shapes","floor":35,"turns":3},{"damage":7,"enemies":"Orb Walker","floor":37,"turns":3},{"damage":42,"enemies":"Jaw Worm Horde","floor":41,"turns":3},{"damage":18,"enemies":"3 Darklings","floor":42,"turns":3},{"damage":10,"enemies":"Transient","floor":45,"turns":5},{"damage":24,"enemies":"Spire Growth","floor":46,"turns":3},{"damage":106,"enemies":"conspire:OrnateMirror","floor":50,"turns":3}],"seed_played":"-6519826992212799681","potions_obtained":[{"floor":1,"key":"Dexterity Potion"},{"floor":2,"key":"SpeedPotion"},{"floor":6,"key":"SpeedPotion"},{"floor":12,"key":"BloodPotion"},{"floor":18,"key":"Block Potion"},{"floor":29,"key":"SkillPotion"},{"floor":33,"key":"DuplicationPotion"},{"floor":35,"key":"SpeedPotion"},{"floor":37,"key":"DistilledChaos"},{"floor":41,"key":"LiquidMemories"}],"is_trial":false,"path_per_floor":["M","M","M","$","M","E","?","M","T","$","?","M","M","$","R","B",null,"M","M","M","$","M","?","$","M","T","R","$","M","?","M","R","B",null,"M","?","M","$","?","R","M","M","T","R","M","M","?","?","R","B"],"character_chosen":"IRONCLAD","items_purchased":["Rupture","Flex","Sword Boomerang","Spot Weakness","Hemokinesis","Dream Catcher","Flex","Brimstone"],"campfire_rested":4,"item_purchase_floors":[0,4,4,10,10,10,21,21],"current_hp_per_floor":[80,80,79,79,74,46,46,39,39,39,39,21,35,35,57,56,74,54,53,48,48,37,37,37,40,40,62,62,52,36,33,55,19,74,59,59,70,70,84,84,60,60,60,60,68,62,62,62,88,0,0],"gold":94,"neow_bonus":"","is_daily":false,"chose_seed":false,"campfire_upgraded":2,"win_rate":0.0,"timestamp":1614296583,"path_taken":["M","M","?","$","M","E","?","M","T","$","?","M","M","$","R","BOSS","M","M","M","$","M","?","$","M","T","R","$","M","?","M","R","BOSS","M","?","M","$","?","R","?","M","T","R","M","M","?","?","R","BOSS"],"items_purchased_type":["Card","Card","Card","Card","Card","Relic","Card","Relic"],"build_version":"2020-12-22","purchased_purges":2,"victory":false,"max_hp_per_floor":[80,80,80,80,80,80,74,74,74,74,74,74,74,74,74,74,74,74,74,74,74,74,74,74,74,74,74,74,74,74,74,74,74,74,74,74,74,74,88,88,88,88,88,88,88,88,88,88,88,88,88],"card_choices":[{"not_picked":["True Grit","Sever Soul"],"picked":"Whirlwind","floor":1},{"not_picked":["Clothesline","Anger"],"picked":"Sword Boomerang","floor":2},{"not_picked":["Infernal Blade","Uppercut","Ghostly Armor"],"picked":"SKIP","floor":3},{"not_picked":["Warcry","Iron Wave"],"picked":"Heavy Blade","floor":5},{"not_picked":["Whirlwind","Thunderclap"],"picked":"Offering","floor":6},{"not_picked":["Dual Wield","Pommel Strike","Dropkick"],"picked":"SKIP","floor":8},{"not_picked":["Clash","Metallicize","Power Through"],"picked":"SKIP","floor":12},{"not_picked":["Shrug It Off","Pommel Strike"],"picked":"Battle Trance","floor":13},{"not_picked":["Juggernaut","Corruption"],"picked":"Brutality","floor":16},{"not_picked":["Thunderclap","Twin Strike","Burning Pact"],"picked":"SKIP","floor":18},{"not_picked":["Sword Boomerang","Infernal Blade","Pommel Strike"],"picked":"SKIP","floor":19},{"not_picked":["Sever Soul","Anger","Battle Trance"],"picked":"SKIP","floor":20},{"not_picked":["Perfected Strike","Flame Barrier+1"],"picked":"Combust","floor":22},{"not_picked":["Clothesline","Battle Trance","Warcry"],"picked":"SKIP","floor":25},{"not_picked":["Intimidate","Bloodletting"],"picked":"Cleave","floor":29},{"not_picked":["Dark Embrace+1","Shockwave","Blood for Blood"],"picked":"SKIP","floor":31},{"not_picked":["Corruption","conspire:Purge"],"picked":"Limit Break","floor":33},{"not_picked":["Disarm+1","Metallicize"],"picked":"Heavy Blade","floor":35},{"not_picked":["Anger+1","True Grit+1"],"picked":"Flex+1","floor":37},{"not_picked":["Warcry","Intimidate+1","Headbutt+1"],"picked":"SKIP","floor":41},{"not_picked":["Rage+1","Cleave"],"picked":"Heavy Blade+1","floor":42},{"not_picked":["Ghostly Armor+1","True Grit","Dark Embrace+1"],"picked":"SKIP","floor":45},{"not_picked":["Thunderclap","Clash","Body Slam+1"],"picked":"SKIP","floor":46}],"player_experience":36318,"relics_obtained":[{"floor":6,"key":"Magic Flower"},{"floor":9,"key":"Letter Opener"},{"floor":30,"key":"Nilry\u0027s Codex"},{"floor":43,"key":"Frozen Egg 2"}],"event_choices":[{"damage_healed":0,"gold_gain":0,"player_choice":"Lose Max HP","damage_taken":0,"relics_obtained":["Golden Idol"],"max_hp_gain":0,"max_hp_loss":6,"event_name":"Golden Idol","floor":7,"gold_loss":0},{"damage_healed":0,"gold_gain":0,"player_choice":"Left","damage_taken":0,"max_hp_gain":0,"max_hp_loss":0,"event_name":"betterThird:BetterGoop","floor":11,"gold_loss":9},{"damage_healed":0,"gold_gain":99,"player_choice":"Steal","damage_taken":0,"max_hp_gain":0,"max_hp_loss":0,"event_name":"betterThird:BetterNest","floor":23,"gold_loss":0},{"damage_healed":0,"gold_gain":0,"player_choice":"Obtained Book","damage_taken":16,"max_hp_gain":0,"max_hp_loss":0,"event_name":"Cursed Tome","floor":30,"gold_loss":0},{"damage_healed":0,"gold_gain":0,"player_choice":"Paid","damage_taken":0,"relics_obtained":["Red Mask"],"max_hp_gain":0,"max_hp_loss":0,"event_name":"Tomb of Lord Red Mask","floor":36,"gold_loss":230},{"damage_healed":0,"gold_gain":0,"player_choice":"Gave Potion","damage_taken":0,"relics_obtained":["Mango"],"max_hp_gain":0,"max_hp_loss":0,"event_name":"WeMeetAgain","floor":39,"gold_loss":0},{"cards_removed":["Defend_R"],"damage_healed":0,"gold_gain":0,"player_choice":"Removed Skill","damage_taken":0,"max_hp_gain":0,"max_hp_loss":0,"event_name":"Falling","floor":47,"gold_loss":0},{"damage_healed":0,"gold_gain":0,"player_choice":"Leave","damage_taken":0,"max_hp_gain":0,"max_hp_loss":0,"event_name":"conspire:Investor","floor":48,"gold_loss":0}],"is_beta":false,"boss_relics":[{"not_picked":["SlaversCollar","conspire:SeveredTorchhead"],"picked":"Cursed Key"},{"not_picked":["Busted Crown","Mark of Pain"],"picked":"Black Blood"}],"items_purged_floors":[0,24],"is_endless":false,"potions_floor_spawned":[1,2,6,12,18,29,33,35,37,41],"killed_by":"conspire:OrnateMirror","ascension_level":0}}