{"host":"vbnedsupt3437a3r","time":1614274675,"event":{"mods":["BaseMod","Minty Spire (QoL Compilation)"],"gold_per_floor":[118,37,37,57,57,85,160,189,214,16,16,31,31,60,60,156,156,168,180,197,215,140,140,140],"floor_reached":23,"language":"ENG","playtime":1625,"items_purged":["Defend_B"],"score":246,"play_id":"5957afb3-a497-4442-b85a-e160464ad69b","local_time":"20210225093755","is_ascension_mode":true,"campfire_choices":[{"data":"Loop","floor":11,"key":"SMITH"},{"data":"Capacitor","floor":13,"key":"SMITH"},{"data":"Conserve Battery","floor":15,"key":"SMITH"}],"circlet_count":0,"master_deck":["Strike_B","Strike_B","Defend_B","Defend_B","Defend_B","Zap","Dualcast","Lockon","Sunder","Coolheaded","Loop+1","Coolheaded","Capacitor+1","Conserve Battery+1","Compile Driver","Defragment","Multi-Cast","Defragment","Redo"],"relics":["Cracked Core","NeowsBlessing","Regal Pillow","Centennial Puzzle","Lantern","Bottled Lightning","Busted Crown"],"acts_visited":["Exordium","TheCity"],"potions_floor_usage":[8,8,21,21],"damage_taken":[{"damage":0,"enemies":"Small Slimes","floor":1,"turns":1},{"damage":0,"enemies":"Cultist","floor":4,"turns":1},{"damage":0,"enemies":"Gremlin Nob","floor":6,"turns":1},{"damage":18,"enemies":"Lagavulin","floor":8,"turns":3},{"damage":0,"enemies":"2 Louse","floor":12,"turns":2},{"damage":27,"enemies":"3 Sentries","floor":14,"turns":7},{"damage":7,"enemies":"Hexaghost","floor":16,"turns":11},{"damage":22,"enemies":"2 Thieves","floor":18,"turns":4},{"damage":5,"enemies":"Shell Parasite","floor":19,"turns":5},{"damage":21,"enemies":"Snake Plant","floor":20,"turns":4},{"damage":13,"enemies":"3 Cultists","floor":21,"turns":4},{"damage":26,"enemies":"Gremlin Leader","floor":23,"turns":5}],"seed_played":"6307900241761071374","potions_obtained":[{"floor":1,"key":"PowerPotion"},{"floor":6,"key":"BlessingOfTheForge"},{"floor":8,"key":"CultistPotion"},{"floor":14,"key":"Dexterity Potion"},{"floor":19,"key":"Strength Potion"},{"floor":20,"key":"PowerPotion"}],"is_trial":false,"path_per_floor":["M","$","?","M","?","E","?","E","T","$","R","M","R","E","R","B",null,"M","M","M","M","?","E"],"character_chosen":"DEFECT","items_purchased":["Sunder","Capacitor","Conserve Battery"],"campfire_rested":0,"item_purchase_floors":[2,10,10],"current_hp_per_floor":[75,75,75,75,80,80,69,51,51,51,51,51,51,24,24,17,80,58,53,32,19,19,0,0],"gold":140,"neow_bonus":"THREE_ENEMY_KILL","is_daily":false,"chose_seed":false,"campfire_upgraded":3,"win_rate":0.0,"timestamp":1614274675,"path_taken":["M","$","?","?","?","E","?","E","T","$","R","M","R","E","R","BOSS","M","M","M","M","?","E"],"items_purchased_type":["Card","Card","Card"],"build_version":"2020-12-22","purchased_purges":1,"victory":false,"max_hp_per_floor":[75,75,75,75,80,80,80,80,80,80,80,80,80,80,80,80,80,80,80,80,80,80,80,80],"card_choices":[{"not_picked":["Doom and Gloom","Auto Shields"],"picked":"Lockon","floor":1},{"not_picked":["Compile Driver","Sweeping Beam"],"picked":"Coolheaded","floor":4},{"not_picked":["Darkness","Leap"],"picked":"Loop","floor":6},{"not_picked":["Steam","Turbo"],"picked":"Coolheaded","floor":8},{"not_picked":["Scrape","Conserve Battery"],"picked":"Compile Driver","floor":12},{"not_picked":["Compile Driver","Darkness"],"picked":"Defragment","floor":14},{"not_picked":["Buffer","Seek"],"picked":"Multi-Cast","floor":16},{"not_picked":["Turbo+1"],"picked":"SKIP","floor":18},{"not_picked":[],"picked":"Defragment","floor":19},{"not_picked":["Hello World"],"picked":"SKIP","floor":20},{"not_picked":[],"picked":"Redo","floor":21}],"player_experience":206822,"relics_obtained":[{"floor":6,"key":"Regal Pillow"},{"floor":8,"key":"Centennial Puzzle"},{"floor":9,"key":"Lantern"},{"floor":14,"key":"Bottled Lightning"}],"event_choices":[{"cards_removed":["Strike_B"],"damage_healed":0,"gold_gain":0,"player_choice":"Purged","damage_taken":0,"max_hp_gain":0,"max_hp_loss":0,"event_name":"Purifier","floor":3,"gold_loss":0},{"damage_healed":0,"gold_gain":0,"player_choice":"Donut","damage_taken":0,"max_hp_gain":5,"max_hp_loss":0,"event_name":"Big Fish","floor":5,"gold_loss":0},{"damage_healed":0,"gold_gain":75,"player_choice":"Gather Gold","damage_taken":11,"max_hp_gain":0,"max_hp_loss":0,"event_name":"World of Goop","floor":7,"gold_loss":0},{"cards_removed":["Strike_B"],"damage_healed":0,"gold_gain":0,"player_choice":"Gave Gold","damage_taken":0,"max_hp_gain":0,"max_hp_loss":0,"event_name":"Beggar","floor":22,"gold_loss":75}],"is_beta":false,"boss_relics":[{"not_picked":["Coffee Dripper","Velvet Choker"],"picked":"Busted Crown"}],"items_purged_floors":[10],"is_endless":false,"potions_floor_spawned":[1,6,8,14,19,20],"killed_by":"Gremlin Leader","ascension_level":1}}