{"host":"p4yrwepmrl4g8pul","time":1614242863,"event":{"mods":["Act Like it!","BaseMod","BetterRewards","Colored Map","Custom Start","Downfall","Gensokyo","Marisa£®ÏF”Í°°ƒß¿Ì…≥£©","Minty Spire (QoL Compilation)","Rare Cards Sparkle","Reimu£®≤©¿ˆ¡È√Œ£©","Remilia£®¿Ÿ√◊¿Ú—«£©","Remove Card Discount Mod","Shop Mod","StSLib","Thieving Mod"],"gold_per_floor":[109,125,125,96,246,229,303,328,351,384,429,341,353,405,417,524,536,561,587,899,911,1048,1060,1072,1084,801,801,0,19,39,74,74,167,230,254,279,404,486,150,183,183,217,217,17,44,83,83,124,124,124,124,165,55,55,55,55],"floor_reached":57,"language":"ZHS","playtime":4218,"items_purged":["Injury","Rampage","Power Through","Pummel","Body Slam","Warcry","Pummel","Doubt","Pride","Flex+1","Apotheosis+1","Perfected Strike+1","Shockwave+1","Greed_TH","Parasite","Bash","Bloodletting","Feed","Panacea","Intimidate","Rupture+1","Battle Trance+1"],"score":2946,"play_id":"1b63d96f-be03-43f5-9ec9-f6a92b67eaf7","local_time":"20210225164743","daily_mods":["SealedDeck","Flight"],"is_ascension_mode":true,"campfire_choices":[{"data":"Apotheosis","floor":12.0,"key":"SMITH"},{"data":"Rage","floor":13.0,"key":"SMITH"},{"data":"Flex","floor":15.0,"key":"SMITH"},{"data":"Sword Boomerang","floor":23.0,"key":"SMITH"},{"floor":27.0,"key":"RECALL"},{"data":"Rupture","floor":32.0,"key":"SMITH"},{"data":"Limit Break","floor":44,"key":"SMITH"},{"data":"Seeing Red","floor":47,"key":"SMITH"},{"data":"Shrug It Off","floor":49,"key":"SMITH"},{"floor":54,"key":"REST"}],"circlet_count":0,"master_deck":["AscendersBane","Rage+1","Sword Boomerang+1","Thunderclap+1","Offering+1","Spot Weakness+1","Whirlwind+1","Limit Break+1","Shrug It Off+1","Seeing Red+1"],"relics":["Burning Blood","Golden Idol","Singing Bowl","Anchor","MawBank","Nunchaku","downfall:HeartBlessingGreen","Tiny Chest","Astrolabe","Bag of Marbles","Guardian:GemstoneGun","bronze:DecasWashers","Bottled Lightning","Du-Vu Doll","War Paint","Chemical X","Slimebound:PreparedRelic","Bag of Preparation","Unceasing Top","Orrery","Pen Nib","Tiny House","downfall:GremlinSack","Shuriken","PureWhite:ReiMu","Orichalcum","StrikeDummy","downfall:HeartBlessingRed","downfall:HeartBlessingBlue","Oddly Smooth Stone","White Beast Statue","champ:DuelingGlove","Boot"],"acts_visited":["Exordium","TheCity","TheBeyond","TheEnding"],"potions_floor_usage":[50,56],"damage_taken":[{"damage":7.0,"enemies":"Jaw Worm","floor":1.0,"turns":2.0},{"damage":0.0,"enemies":"2 Louse","floor":2.0,"turns":3.0},{"damage":0.0,"enemies":"downfall:FleeingMerchant","floor":4.0,"turns":4.0},{"damage":10.0,"enemies":"downfall:FleeingMerchant","floor":6.0,"turns":4.0},{"damage":0.0,"enemies":"Small Slimes","floor":9.0,"turns":2.0},{"damage":18.0,"enemies":"3 Sentries","floor":10.0,"turns":6.0},{"damage":8.0,"enemies":"Lagavulin","floor":11.0,"turns":5.0},{"damage":0.0,"enemies":"Gremlin Nob","floor":14.0,"turns":3.0},{"damage":8.0,"enemies":"WA_ARCHETYPE_RETAIN","floor":16.0,"turns":5.0},{"damage":12.0,"enemies":"downfall:LooterAlt2","floor":18.0,"turns":2.0},{"damage":6.0,"enemies":"Chosen","floor":19.0,"turns":1.0},{"damage":18.0,"enemies":"Colosseum Nobs","floor":22.0,"turns":3.0},{"damage":16.0,"enemies":"downfall:FleeingMerchant","floor":26.0,"turns":3.0},{"damage":9.0,"enemies":"Centurion and Healer","floor":29.0,"turns":1.0},{"damage":3.0,"enemies":"Snake Plant","floor":30.0,"turns":1.0},{"damage":6.0,"enemies":"Slavers","floor":31.0,"turns":1.0},{"damage":9.0,"enemies":"SI_MIRROR_ARCHETYPE","floor":33.0,"turns":3.0},{"damage":0.0,"enemies":"3 Darklings","floor":35.0,"turns":1.0},{"damage":0.0,"enemies":"3 Shapes","floor":36.0,"turns":1.0},{"damage":3.0,"enemies":"3 Shapes","floor":37.0,"turns":1.0},{"damage":6,"enemies":"Reptomancer","floor":40,"turns":1},{"damage":0,"enemies":"Giant Head","floor":42,"turns":3},{"damage":6,"enemies":"Nemesis","floor":46,"turns":1},{"damage":6,"enemies":"Reptomancer","floor":48,"turns":1},{"damage":24,"enemies":"DF_ARCHETYPE_ORBS","floor":50,"turns":3},{"damage":6,"enemies":"downfall:CharBossMerchant","floor":52,"turns":2},{"damage":6,"enemies":"downfall:NeowBoss","floor":55,"turns":6},{"damage":157,"enemies":"downfall:NeowBossFinal","floor":56,"turns":7}],"seed_played":"5991437634729742950","potions_obtained":[{"floor":2.0,"key":"FairyPotion"},{"floor":9.0,"key":"Weak Potion"},{"floor":14.0,"key":"Regen Potion"},{"floor":16.0,"key":"ColorlessPotion"},{"floor":29.0,"key":"HeartOfIron"},{"floor":30.0,"key":"Swift Potion"},{"floor":33.0,"key":"DuplicationPotion"},{"floor":52,"key":"GamblersBrew"}],"is_trial":true,"path_per_floor":["M","M","?","$","?","$","T","T","M","E","E","R","R","E","R","B",null,"M","M","?","?","?","R","T","T","$","R","$","M","M","E","R","B",null,"M","M","?","T","$","E","T","E","$","R","T","E","R","E","R","B",null,"E","$","R","B","B",null],"character_chosen":"IRONCLAD","items_purchased":["War Paint","Chemical X","Slimebound:PreparedRelic","Bag of Preparation","Unceasing Top","Orrery","Rupture","Bloodletting","PureWhite:ReiMu","FairyPotion"],"campfire_rested":1,"item_purchase_floors":[26,26,26,28,28,28,28,28,39,53],"current_hp_per_floor":[67,73,73,75,75,71,71,71,75,65,65,65,65,73,73,80,81,75,77,77,77,67,67,67,67,24,24,28,27,32,34,34,31,91,99,107,112,112,111,113,113,115,115,125,125,125,125,127,127,109,123,125,125,129,129,18],"gold":55,"neow_bonus":"","is_daily":false,"chose_seed":false,"campfire_upgraded":8,"win_rate":0.0,"timestamp":1614242863,"path_taken":["M","M","?","$","?","?","T","?","?","E","E","R","R","E","R","BOSS","M","M","?","?","?","R","T","?","$","R","$","?","?","E","R","BOSS","M","M","?","?","$","E","T","E","$","R","?","E","R","E","R","BOSS","E","$","R","BOSS","BOSS"],"items_purchased_type":["Relic","Relic","Relic","Relic","Relic","Relic","Card","Card","Relic","Potion"],"build_version":"2020-12-22","purchased_purges":22,"victory":true,"max_hp_per_floor":[75,75,75,75,75,75,75,75,75,77,79,79,79,81,81,81,81,81,83,83,83,85,85,85,85,87,87,95,97,99,101,101,101,108,110,112,114,114,111,113,113,115,115,125,125,125,125,127,127,127,127,129,129,129,129,129],"card_choices":[{"not_picked":["Pummel","Twin Strike"],"picked":"Thunderclap","floor":1.0},{"not_picked":["True Grit","Perfected Strike"],"picked":"Iron Wave","floor":2.0},{"not_picked":["Feel No Pain","Cleave","Clash"],"picked":"SKIP","floor":4.0},{"not_picked":["Spot Weakness","Anger","Burning Pact"],"picked":"SKIP","floor":6.0},{"not_picked":["Armaments","Searing Blow"],"picked":"Flex","floor":9.0},{"not_picked":["Anger","Sword Boomerang","Ghostly Armor"],"picked":"Singing Bowl","floor":10.0},{"not_picked":["Berserk","Clothesline","Rupture"],"picked":"Singing Bowl","floor":11.0},{"not_picked":["Infernal Blade","Juggernaut","Sword Boomerang"],"picked":"Singing Bowl","floor":14.0},{"not_picked":["Immolate","Reaper"],"picked":"Offering","floor":16.0},{"not_picked":["Wild Strike","Body Slam+1"],"picked":"Spot Weakness","floor":18.0},{"not_picked":["Bloodletting+1","Wild Strike","Iron Wave"],"picked":"Singing Bowl","floor":19.0},{"not_picked":["Headbutt","Flex","Cleave+1"],"picked":"Singing Bowl","floor":22.0},{"not_picked":["Cleave","Flame Barrier","Fire Breathing"],"picked":"Singing Bowl","floor":26.0},{"not_picked":["Carnage","Pommel Strike","Pummel"],"picked":"Singing Bowl","floor":28.0},{"not_picked":["Power Through","Twin Strike"],"picked":"Whirlwind+1","floor":28.0},{"not_picked":["Shockwave","Iron Wave","Corruption"],"picked":"Singing Bowl","floor":28.0},{"not_picked":["Thunderclap+1","True Grit+1","Disarm"],"picked":"Singing Bowl","floor":28.0},{"not_picked":["Evolve","Pummel","Impervious"],"picked":"Singing Bowl","floor":28.0},{"not_picked":["Whirlwind","True Grit+1","Heavy Blade+1"],"picked":"Singing Bowl","floor":29.0},{"not_picked":["Armaments","Power Through","Thunderclap"],"picked":"Singing Bowl","floor":30.0},{"not_picked":["Rage","Feed","Double Tap"],"picked":"Singing Bowl","floor":31.0},{"not_picked":["Bludgeon","Corruption"],"picked":"Limit Break","floor":33.0},{"not_picked":["Flame Barrier","Sentinel","Feel No Pain"],"picked":"Singing Bowl","floor":34.0},{"not_picked":["Sentinel","Entrench","Spot Weakness"],"picked":"Singing Bowl","floor":35.0},{"not_picked":["Iron Wave","Flex","Power Through+1"],"picked":"Singing Bowl","floor":36.0},{"not_picked":["Headbutt","Shrug It Off","Pummel+1"],"picked":"Singing Bowl","floor":37.0},{"not_picked":["Thunderclap+1","Twin Strike+1","Clash"],"picked":"Singing Bowl","floor":40},{"not_picked":["Combust","Twin Strike","Heavy Blade"],"picked":"Singing Bowl","floor":42},{"not_picked":["Perfected Strike","Disarm"],"picked":"Seeing Red","floor":46},{"not_picked":["Shrug It Off","Clothesline","Thunderclap"],"picked":"Singing Bowl","floor":48},{"not_picked":["Rampage","Corruption","Armaments"],"picked":"Singing Bowl","floor":52}],"player_experience":833561,"relics_obtained":[{"floor":7.0,"key":"Singing Bowl"},{"floor":8.0,"key":"Anchor"},{"floor":10.0,"key":"MawBank"},{"floor":11.0,"key":"Nunchaku"},{"floor":14.0,"key":"Tiny Chest"},{"floor":22.0,"key":"Guardian:GemstoneGun"},{"floor":22.0,"key":"bronze:DecasWashers"},{"floor":24.0,"key":"Bottled Lightning"},{"floor":25.0,"key":"Du-Vu Doll"},{"floor":31.0,"key":"Pen Nib"},{"floor":37.0,"key":"downfall:GremlinSack"},{"floor":38.0,"key":"Shuriken"},{"floor":40,"key":"Orichalcum"},{"floor":42,"key":"StrikeDummy"},{"floor":45,"key":"Oddly Smooth Stone"},{"floor":46,"key":"White Beast Statue"},{"floor":48,"key":"champ:DuelingGlove"},{"floor":52,"key":"Boot"}],"event_choices":[{"damage_healed":0.0,"max_hp_gain":0.0,"max_hp_loss":0.0,"gold_gain":0.0,"event_name":"Golden Idol","player_choice":"Take Wound","floor":3.0,"gold_loss":0.0,"damage_taken":0.0,"relics_obtained":["Golden Idol"],"cards_obtained":["Injury"]},{"damage_healed":0.0,"max_hp_gain":0.0,"max_hp_loss":0.0,"gold_gain":150.0,"event_name":"Liars Game","player_choice":"AGREE","floor":5.0,"gold_loss":0.0,"damage_taken":0.0,"cards_obtained":["Doubt"]},{"damage_healed":0.0,"max_hp_gain":0.0,"max_hp_loss":0.0,"gold_gain":0.0,"event_name":"Addict","player_choice":"Stole Relic","floor":21.0,"gold_loss":0.0,"damage_taken":0.0,"relics_obtained":["Bag of Marbles"],"cards_obtained":["Pride"]}],"is_beta":false,"boss_relics":[{"not_picked":["Black Blood","Snecko Eye"],"picked":"Astrolabe"},{"not_picked":["Coffee Dripper","SacredBark"],"picked":"Tiny House"}],"items_purged_floors":[4,4,4,4,4,4,4,6,26,26,26,26,28,28,39,39,39,39,39,39,39,39],"is_endless":false,"potions_floor_spawned":[2,9,14,16,29,30,31,33,35,46,48,52],"ascension_level":20}}