{"host":"0tbecx6mc13icp35","time":1614292737,"event":{"mods":["AchievementEnabler","BaseMod","Colored Map","Colored Powertips","DeckTracker","Minty Spire (QoL Compilation)","Relic Stats","Synergy Search","slay the spire mod where everything is the same but ironclad has a cowboy hat"],"gold_per_floor":[119,119,132,151,2,32,32,56,56,85,85,115,115,134,134,236,236,246,256,166,178,195,195,195],"floor_reached":23,"language":"ENG","playtime":1333,"items_purged":[],"score":253,"play_id":"143eb081-e465-47e3-99c1-ee21315e53e9","local_time":"20210226013857","is_ascension_mode":true,"campfire_choices":[{"data":"Neutralize","floor":7,"key":"SMITH"},{"data":"Bouncing Flask","floor":11,"key":"SMITH"},{"data":"Setup","floor":13,"key":"SMITH"},{"data":"All Out Attack","floor":15,"key":"SMITH"}],"circlet_count":0,"master_deck":["Strike_G","Strike_G","Defend_G","Defend_G","Defend_G+1","Defend_G+1","Survivor+1","Neutralize+1","All Out Attack+1","Bouncing Flask+1","Backstab","Setup+1","Dagger Spray","Accuracy","Backflip","Venomology","Bouncing Flask+1","Quick Slash+1","Night Terror+1","Leg Sweep","Bane+1","Footwork","Crippling Poison"],"relics":["Ring of the Snake","NeowsBlessing","War Paint","Bronze Scales","Happy Flower","Shuriken","Smiling Mask","Ninja Scroll","Astrolabe"],"acts_visited":["Exordium","TheCity"],"potions_floor_usage":[6,12,16,19,21,22,23,23,23],"damage_taken":[{"damage":0,"enemies":"Jaw Worm","floor":1,"turns":1},{"damage":0,"enemies":"Small Slimes","floor":3,"turns":1},{"damage":0,"enemies":"Cultist","floor":4,"turns":1},{"damage":18,"enemies":"3 Sentries","floor":6,"turns":9},{"damage":2,"enemies":"Gremlin Nob","floor":10,"turns":3},{"damage":2,"enemies":"Lagavulin","floor":12,"turns":5},{"damage":0,"enemies":"3 Louse","floor":14,"turns":1},{"damage":18,"enemies":"Slime Boss","floor":16,"turns":10},{"damage":12,"enemies":"3 Byrds","floor":18,"turns":3},{"damage":0,"enemies":"Spheric Guardian","floor":19,"turns":3},{"damage":10,"enemies":"Snake Plant","floor":21,"turns":3},{"damage":12,"enemies":"Chosen and Byrds","floor":22,"turns":5},{"damage":43,"enemies":"Gremlin Leader","floor":23,"turns":4}],"seed_played":"1511660283708034898","potions_obtained":[{"floor":1,"key":"Swift Potion"},{"floor":3,"key":"Block Potion"},{"floor":12,"key":"FearPotion"},{"floor":14,"key":"SkillPotion"},{"floor":18,"key":"PowerPotion"},{"floor":21,"key":"Weak Potion"}],"is_trial":false,"path_per_floor":["M","?","M","M","$","E","R","T","T","E","R","E","R","M","R","B",null,"M","M","?","M","M","E"],"character_chosen":"THE_SILENT","items_purchased":["War Paint"],"campfire_rested":0,"item_purchase_floors":[5],"current_hp_per_floor":[70,75,75,75,75,57,57,57,57,55,55,53,53,53,53,35,75,63,63,63,53,41,0,0],"gold":195,"neow_bonus":"THREE_ENEMY_KILL","is_daily":false,"chose_seed":false,"campfire_upgraded":4,"win_rate":0.0,"timestamp":1614292737,"path_taken":["M","?","M","M","?","E","R","?","T","E","R","E","R","M","R","BOSS","M","M","?","M","M","E"],"items_purchased_type":["Relic"],"build_version":"2020-12-22","purchased_purges":0,"victory":false,"max_hp_per_floor":[70,75,75,75,75,75,75,75,75,75,75,75,75,75,75,75,75,75,75,75,75,75,75,75],"relic_stats":{"Happy Flower":[12],"counters":[13,49],"Shuriken":[20],"Bronze Scales":[71],"Astrolabe":["Bouncing Flask","Quick Slash","Night Terror"],"War Paint":["Defend_G","Defend_G"],"Smiling Mask":0,"obtain_stats":[{"NeowsBlessing":0,"Happy Flower":8,"Shuriken":9,"Ninja Scroll":12,"Bronze Scales":6,"Astrolabe":17,"War Paint":5,"Smiling Mask":10,"Ring of the Snake":0},{"NeowsBlessing":0,"Happy Flower":4,"Shuriken":4,"Ninja Scroll":6,"Bronze Scales":4,"Astrolabe":8,"War Paint":3,"Smiling Mask":5,"Ring of the Snake":0},{"NeowsBlessing":0,"Happy Flower":12,"Shuriken":12,"Ninja Scroll":20,"Bronze Scales":12,"Astrolabe":31,"War Paint":3,"Smiling Mask":15,"Ring of the Snake":0}],"Ring of the Snake":[26]},"card_choices":[{"not_picked":["Concentrate","Flying Knee"],"picked":"All Out Attack","floor":1},{"not_picked":["Masterful Stab","PiercingWail"],"picked":"Bouncing Flask","floor":3},{"not_picked":["Poisoned Stab","Infinite Blades"],"picked":"Backstab","floor":4},{"not_picked":["Underhanded Strike","Cloak And Dagger"],"picked":"Setup","floor":6},{"not_picked":["Caltrops","Flying Knee"],"picked":"Dagger Spray","floor":10},{"not_picked":["Sucker Punch","Terror"],"picked":"Accuracy","floor":12},{"not_picked":["Dagger Spray","Prepared"],"picked":"Backflip","floor":14},{"not_picked":["Unload","Burst"],"picked":"Venomology","floor":16},{"not_picked":["Accuracy","Skewer"],"picked":"Leg Sweep","floor":18},{"not_picked":["Cloak And Dagger+1","Backflip"],"picked":"Bane+1","floor":19},{"not_picked":["Finisher","Dodge and Roll"],"picked":"Footwork","floor":21},{"not_picked":["Outmaneuver","Tactician"],"picked":"Crippling Poison","floor":22}],"player_experience":91187,"relics_obtained":[{"floor":6,"key":"Bronze Scales"},{"floor":8,"key":"Happy Flower"},{"floor":9,"key":"Shuriken"},{"floor":10,"key":"Smiling Mask"},{"floor":12,"key":"Ninja Scroll"}],"event_choices":[{"damage_healed":0,"gold_gain":0,"player_choice":"Donut","damage_taken":0,"max_hp_gain":5,"max_hp_loss":0,"event_name":"Big Fish","floor":2,"gold_loss":0},{"cards_removed":["Strike_G"],"damage_healed":0,"gold_gain":0,"player_choice":"Upgrade and Remove","damage_taken":0,"max_hp_gain":0,"max_hp_loss":0,"event_name":"Designer","floor":20,"gold_loss":90,"cards_upgraded":["Survivor"]}],"is_beta":false,"boss_relics":[{"not_picked":["Snecko Eye","Fusion Hammer"],"picked":"Astrolabe"}],"items_purged_floors":[],"is_endless":false,"potions_floor_spawned":[1,3,12,14,18,21],"killed_by":"Gremlin Leader","ascension_level":4}}