{"host":"szp1d6dso4pv7ddl","time":1614227774,"event":{"mods":["AchievementEnabler","Alarm Clock","BaseMod","Bestiary","Block Reminder","Colored Map","Colored Powertips","Curses Come First","Dark Map","Displayed Cursed Tome","Highlight Path","Minty Spire (QoL Compilation)","Permanent Neow","Quick Restart","Relic Sorter","Relic Stats","StSLib","Synergy Search"],"gold_per_floor":[118,135,135,147,157,157,192,204,216,228,259,271,283,309,321,407,419,419,344,344,344,344],"floor_reached":21,"language":"ENG","playtime":1067,"items_purged":[],"score":362,"play_id":"b4db6648-46bb-48c5-89f9-afe4d6bcd7de","local_time":"20210224203614","is_ascension_mode":true,"campfire_choices":[{"data":"Searing Blow+1","floor":6.0,"key":"SMITH"},{"data":"Searing Blow+2","floor":12.0,"key":"SMITH"},{"data":"Searing Blow+3","floor":15.0,"key":"SMITH"}],"circlet_count":0,"master_deck":["AscendersBane","Strike_R","Strike_R","Strike_R","Strike_R","Defend_R","Defend_R","Defend_R","Defend_R","Bash","Impervious","Searing Blow+4","Havoc","Disarm","Armaments","Double Tap","Headbutt+1"],"relics":["Burning Blood","MawBank","Frozen Egg 2","Ectoplasm"],"acts_visited":["Exordium","TheCity"],"potions_floor_usage":[21],"damage_taken":[{"damage":19.0,"enemies":"Small Slimes","floor":1.0,"turns":4.0},{"damage":12.0,"enemies":"Cultist","floor":2.0,"turns":4.0},{"damage":7.0,"enemies":"Jaw Worm","floor":4.0,"turns":3.0},{"damage":9.0,"enemies":"3 Louse","floor":5.0,"turns":4.0},{"damage":9.0,"enemies":"Gremlin Nob","floor":7.0,"turns":3.0},{"damage":26.0,"enemies":"Large Slime","floor":11.0,"turns":6.0},{"damage":2.0,"enemies":"Blue Slaver","floor":14.0,"turns":6.0},{"damage":22.0,"enemies":"The Guardian","floor":16.0,"turns":14.0},{"damage":35.0,"enemies":"3 Byrds","floor":18.0,"turns":7.0},{"damage":19.0,"enemies":"Shell Parasite","floor":20.0,"turns":4.0},{"damage":18,"enemies":"Cultist and Chosen","floor":21,"turns":4}],"seed_played":"5825673689999768171","potions_obtained":[{"floor":2.0,"key":"ColorlessPotion"},{"floor":5.0,"key":"FearPotion"},{"floor":7.0,"key":"Explosive Potion"},{"floor":11.0,"key":"AttackPotion"},{"floor":20.0,"key":"Explosive Potion"}],"is_trial":false,"path_per_floor":["M","M","?","M","M","R","E","$","T","$","M","R","?","M","R","B",null,"M","?","M","M"],"character_chosen":"IRONCLAD","items_purchased":[],"campfire_rested":0,"item_purchase_floors":[],"current_hp_per_floor":[55,49,49,48,45,45,42,42,42,42,22,22,22,26,26,10,59,30,30,17,0,0],"gold":344,"neow_bonus":"ONE_RANDOM_RARE_CARD","is_daily":false,"chose_seed":false,"campfire_upgraded":3,"win_rate":0.0,"timestamp":1614227774,"path_taken":["M","M","?","M","M","R","E","?","T","$","M","R","?","M","R","BOSS","M","?","M","M"],"items_purchased_type":[],"build_version":"2020-12-22","purchased_purges":0,"victory":false,"max_hp_per_floor":[75,75,75,75,75,75,75,75,75,75,75,75,75,75,75,75,75,75,75,75,75,75],"relic_stats":{"counters":[11,59],"Ectoplasm":74,"MawBank":120,"obtain_stats":[{"Ectoplasm":17,"Frozen Egg 2":9,"MawBank":7,"Burning Blood":0},{"Ectoplasm":8,"Frozen Egg 2":5,"MawBank":5,"Burning Blood":0},{"Ectoplasm":44,"Frozen Egg 2":18,"MawBank":18,"Burning Blood":0}],"Burning Blood":60},"card_choices":[{"not_picked":["Anger","Battle Trance"],"picked":"Searing Blow","floor":1.0},{"not_picked":["Combust","Body Slam"],"picked":"Havoc","floor":2.0},{"not_picked":["Shrug It Off","Body Slam","Warcry"],"picked":"SKIP","floor":4.0},{"not_picked":["True Grit","Intimidate"],"picked":"Disarm","floor":5.0},{"not_picked":["Feed","Iron Wave"],"picked":"Armaments","floor":7.0},{"not_picked":["Flex","Heavy Blade","Body Slam"],"picked":"SKIP","floor":11.0},{"not_picked":["Rupture+1","Clothesline","Iron Wave"],"picked":"SKIP","floor":14.0},{"not_picked":["Corruption+1","Limit Break"],"picked":"Double Tap","floor":16.0},{"not_picked":["Clothesline","Heavy Blade"],"picked":"Headbutt+1","floor":18.0},{"not_picked":["Flex","Clash","Shockwave"],"picked":"SKIP","floor":20.0}],"player_experience":1657694,"relics_obtained":[{"floor":7.0,"key":"MawBank"},{"floor":9.0,"key":"Frozen Egg 2"}],"event_choices":[{"damage_healed":0.0,"max_hp_gain":0.0,"max_hp_loss":0.0,"gold_gain":0.0,"event_name":"Upgrade Shrine","player_choice":"Upgraded","floor":3.0,"gold_loss":0.0,"damage_taken":0.0,"cards_upgraded":["Searing Blow"]},{"damage_healed":0.0,"max_hp_gain":0.0,"max_hp_loss":0.0,"gold_gain":0.0,"event_name":"Shining Light","player_choice":"Ignored","floor":13.0,"gold_loss":0.0,"damage_taken":0.0},{"cards_removed":["Strike_R"],"damage_healed":0.0,"max_hp_gain":0.0,"max_hp_loss":0.0,"gold_gain":0.0,"event_name":"Beggar","player_choice":"Gave Gold","floor":19.0,"gold_loss":75.0,"damage_taken":0.0}],"is_beta":false,"boss_relics":[{"not_picked":["SlaversCollar","Tiny House"],"picked":"Ectoplasm"}],"items_purged_floors":[],"is_endless":false,"potions_floor_spawned":[2,5,7,11,20],"killed_by":"Cultist and Chosen","ascension_level":20}}