{"host":"1vqon1dbpr5c1qll","time":1614258645,"event":{"mods":["2.2 Compatiblity","AchievementEnabler","BaseMod","BetterRewards","Colored Map","Hermit","Highlight Path","Lobotomy","Minty Spire (QoL Compilation)","Permanent Neow","Quick Restart","Random Character Button","Replay The Spire","StSLib","SuperFastMode","The Cursed","The Servant 0.9.4","everything is the same but u backflip on backflip"],"gold_per_floor":[114,214,232,19,29,63,81,110,110,121,155,166,181,206,206,303,303,323,341,341,341,352,384,299,326,326,326,326,326,361,374,674,778,778,797,797,338,351,361,395,395,429,453,453,471,26,61,61,61,61],"floor_reached":51,"language":"KOR","playtime":2931,"items_purged":["Replay:Hysterical Blindness","Pain","Doubt"],"score":1630,"play_id":"bd6d7692-0f01-4c49-be5c-f7dcf680607a","local_time":"20210225221045","is_ascension_mode":true,"campfire_choices":[{"data":"1","floor":15,"key":"LIFT"},{"data":"TheCursedMod:CursedRelics","floor":27,"key":"SMITH"},{"floor":32,"key":"DIG"},{"data":"2","floor":41,"key":"LIFT"},{"data":"3","floor":49,"key":"LIFT"}],"circlet_count":0,"master_deck":["TheCursedMod:Defend_TheCursed","TheCursedMod:Defend_TheCursed","TheCursedMod:Defend_TheCursed","TheCursedMod:Defend_TheCursed","TheCursedMod:CursedWand+1","TheCursedMod:CleanUpWorkshop","TheCursedMod:Dregs","TheCursedMod:RapidMovement","TheCursedMod:FuryStrike","TheCursedMod:CursedBlade","TheCursedMod:CircleOfBlood","TheCursedMod:SoulReap","TheCursedMod:HellsGateOpen","TheCursedMod:CursedShiv","TheCursedMod:ForbiddenAlchemy+1","TheCursedMod:CursedAmulet","TheCursedMod:WearCloak","TheCursedMod:HellfireBreathing","TheCursedMod:SpitefulStrike+1","TheCursedMod:Grudge","TheCursedMod:DemonicPact","TheCursedMod:CursedShiv","TheCursedMod:CursedBlade+1","Bite","Bite","Bite","Bite","Bite","TheCursedMod:CircleOfFlame+1","TheCursedMod:CursedBoomerang+1","TheCursedMod:CursedRelics+1","Delirium","TheCursedMod:CircleOfFlame","TheCursedMod:CursedAmulet","TheCursedMod:AntiAging","TheCursedMod:Stigma","Apotheosis+1","Decay","TheCursedMod:LuckyCharm","TheCursedMod:BlessingInDisguise+1","TheCursedMod:CursedShiv+1","TheCursedMod:StunningStrike","TheCursedMod:LuckyCharm","Voices","Panacea","Specialist","Flash of Steel","TheCursedMod:SmokeScreen+1","Pot Of Greed","Pot Of Greed","Pot Of Greed","Pot Of Greed","Pot Of Greed","Midas Touch","ReplayTheSpireMod:Necrogeddon","Trip","TheCursedMod:LuckyCharm+1"],"relics":["TheCursedMod:BlackMagic101","White Beast Statue","Bronze Scales","Replay:Bottled Flurry","Girya","Vajra","Cursed Key","Centennial Puzzle","Orichalcum","Mirror","Letter Opener","Ring of Misfortune","ReplayTheSpireMod:Ring of Addiction","Chameleon Ring","Toy Ornithopter","HornCleat","Matryoshka","Old Coin","Replay:Bronze Core","WarpedTongs","ReplayTheSpireMod:CursedCoin","Whetstone","ReplayTheSpireMod:Shallot","The Courier","ReplayTheSpireMod:TigerMarble","Omamori","Bag of Marbles","Grinning Jar","ReplayTheSpireMod:ShopPack","MealTicket"],"acts_visited":["Exordium","TheCity","TheBeyond"],"potions_floor_usage":[10,11,11,13,13,13,14,14,16,16,16,16,16,18,18,18,18,19,19,22,22,22,22,23,23,23,23,23,23,23,23,25,30,31,33,33,33,33,33,33,33,33,35,35,35,35,37,38,38,38,39,39,39,39,40,40,42,42,42,42,42,42,45,47,47,50,50,50,50,50,50,50,50,50,50],"damage_taken":[{"damage":1.0,"enemies":"Jaw Worm","floor":1.0,"turns":5.0},{"damage":5.0,"enemies":"Cultist","floor":3.0,"turns":4.0},{"damage":0.0,"enemies":"Small Slimes","floor":5.0,"turns":2.0},{"damage":26.0,"enemies":"Lagavulin","floor":6.0,"turns":8.0},{"damage":15.0,"enemies":"Exordium Wildlife","floor":7.0,"turns":5.0},{"damage":22,"enemies":"Gremlin Nob","floor":8,"turns":4},{"damage":0,"enemies":"2 Fungi Beasts","floor":10,"turns":2},{"damage":5,"enemies":"3 Sentries","floor":11,"turns":4},{"damage":11,"enemies":"Large Slime","floor":12,"turns":6},{"damage":0,"enemies":"Exordium Wildlife","floor":13,"turns":4},{"damage":18,"enemies":"Gremlin Nob","floor":14,"turns":4},{"damage":0,"enemies":"Slime Boss","floor":16,"turns":7},{"damage":12,"enemies":"Spheric Guardian","floor":18,"turns":2},{"damage":0,"enemies":"Chosen","floor":19,"turns":3},{"damage":8,"enemies":"Snecko","floor":22,"turns":4},{"damage":0,"enemies":"Replay:Snechameleon","floor":23,"turns":4},{"damage":10,"enemies":"Gremlin Leader","floor":25,"turns":5},{"damage":9,"enemies":"Replay:Snechameleon","floor":30,"turns":1},{"damage":0,"enemies":"Chosen and Byrds","floor":31,"turns":3},{"damage":0,"enemies":"Champ","floor":33,"turns":6},{"damage":0,"enemies":"Orb Walker","floor":35,"turns":2},{"damage":0,"enemies":"3 Darklings","floor":38,"turns":3},{"damage":0,"enemies":"Maw","floor":39,"turns":6},{"damage":0,"enemies":"R_Hoarder","floor":40,"turns":5},{"damage":0,"enemies":"Reptomancer","floor":42,"turns":6},{"damage":7,"enemies":"Spire Growth","floor":45,"turns":3},{"damage":12,"enemies":"Nemesis","floor":47,"turns":3},{"damage":0,"enemies":"Time Eater","floor":50,"turns":7}],"seed_played":"6400255777153991514","potions_obtained":[{"floor":5.0,"key":"EssenceOfSteel"},{"floor":7.0,"key":"Reflective Coating"},{"floor":8,"key":"Adrenaline Potion"},{"floor":10,"key":"SteroidPotion"},{"floor":11,"key":"EssenceOfSteel"},{"floor":12,"key":"EssenceOfSteel"},{"floor":13,"key":"Explosive Potion"},{"floor":14,"key":"SkillPotion"},{"floor":16,"key":"Weak Potion"},{"floor":18,"key":"Swift Potion"},{"floor":19,"key":"SpeedPotion"},{"floor":23,"key":"Strength Potion"},{"floor":28,"key":"Death Potion"},{"floor":30,"key":"BlessingOfTheForge"},{"floor":31,"key":"SteroidPotion"},{"floor":33,"key":"CultistPotion"},{"floor":35,"key":"Venom Potion"},{"floor":38,"key":"Ancient Potion"},{"floor":39,"key":"DuplicationPotion"},{"floor":40,"key":"SpeedPotion"},{"floor":42,"key":"LiquidBronze"},{"floor":45,"key":"Strength Potion"},{"floor":47,"key":"Dexterity Potion"}],"is_trial":false,"path_per_floor":["M","?","M","$","M","E","M","E","T","M","E","M","M","E","R","B",null,"M","M","?","?","M","E","?","E","T","R","?","?","E","M","R_BF","B",null,"M","?","$","M","M","E","R","E","T","?","M","$","E","?","R","B",null],"character_chosen":"THE_CURSED","items_purchased":["TheCursedMod:CursedBlade","TheCursedMod:CircleOfBlood","SkillPotion","Apotheosis","ReplayTheSpireMod:CursedCoin","Fruit Juice","Whetstone","TheCursedMod:LuckyCharm","Bag of Marbles","Grinning Jar","ReplayTheSpireMod:ShopPack"],"campfire_rested":0,"item_purchase_floors":[4,4,4,37,37,37,37,37,46,46,46],"current_hp_per_floor":[81,81,76,76,78,63,59,48,48,54,67,58,63,56,56,70,84,72,89,62,62,62,62,62,62,62,62,62,62,60,62,62,62,62,62,62,69,72,75,75,75,77,77,67,71,71,77,77,77,77],"gold":61,"neow_bonus":"TWENTY_PERCENT_HP_BONUS","is_daily":false,"chose_seed":false,"campfire_upgraded":1,"win_rate":0.0,"timestamp":1614258645,"path_taken":["M","?","M","$","M","E","M","E","T","M","E","M","M","E","R","BOSS","M","M","?","?","?","E","?","E","T","R","?","?","E","M","R_BF","BOSS","M","?","$","?","M","E","R","E","T","?","M","$","E","?","R","BOSS"],"items_purchased_type":["Card","Card","Potion","Card","Relic","Potion","Relic","Card","Relic","Relic","Relic"],"build_version":"2020-12-22","purchased_purges":3,"victory":true,"max_hp_per_floor":[89,89,89,89,89,89,89,89,89,89,89,89,89,89,89,89,89,89,89,62,62,62,62,62,62,62,62,62,62,62,62,62,62,62,62,62,69,72,75,75,75,77,77,77,77,77,77,77,77,77],"card_choices":[{"not_picked":["TheCursedMod:CircleOfCorruption","TheCursedMod:PrepareRite"],"picked":"TheCursedMod:RapidMovement","floor":1.0},{"not_picked":["TheCursedMod:FleshFromBone","TheCursedMod:TacticalStrike"],"picked":"TheCursedMod:FuryStrike","floor":3.0},{"not_picked":["TheCursedMod:Torture","TheCursedMod:TroublousMinions"],"picked":"TheCursedMod:SoulReap","floor":5.0},{"not_picked":["TheCursedMod:Torture","TheCursedMod:CircleOfCorruption"],"picked":"TheCursedMod:HellsGateOpen","floor":6.0},{"not_picked":["TheCursedMod:SpitefulPlan","TheCursedMod:Mangle"],"picked":"TheCursedMod:CursedShiv","floor":7.0},{"not_picked":["TheCursedMod:Stigma","TheCursedMod:Wield"],"picked":"TheCursedMod:ForbiddenAlchemy","floor":8},{"not_picked":["TheCursedMod:VitalStrike","TheCursedMod:SurpriseAttack"],"picked":"TheCursedMod:CursedAmulet","floor":10},{"not_picked":["TheCursedMod:SpitefulPlan","TheCursedMod:Mangle"],"picked":"TheCursedMod:WearCloak","floor":11},{"not_picked":["TheCursedMod:AbyssShockwave","TheCursedMod:SurpriseAttack"],"picked":"TheCursedMod:HellfireBreathing","floor":12},{"not_picked":["TheCursedMod:FuryStrike","TheCursedMod:CircleOfAmplification"],"picked":"TheCursedMod:SpitefulStrike","floor":13},{"not_picked":["TheCursedMod:Wield","TheCursedMod:FleshFromBone"],"picked":"TheCursedMod:Grudge","floor":14},{"not_picked":["TheCursedMod:UltimatePain","TheCursedMod:OutForBlood"],"picked":"TheCursedMod:DemonicPact","floor":16},{"not_picked":["TheCursedMod:FleshFromBone","TheCursedMod:CircleOfFlame"],"picked":"TheCursedMod:CursedShiv","floor":18},{"not_picked":["TheCursedMod:Stretching","TheCursedMod:FleshFromBone"],"picked":"TheCursedMod:CursedBlade+1","floor":19},{"not_picked":["TheCursedMod:SoulCrush","TheCursedMod:SmokeScreen"],"picked":"TheCursedMod:CircleOfFlame+1","floor":22},{"not_picked":["TheCursedMod:RapidMovement+1","TheCursedMod:WearCloak"],"picked":"TheCursedMod:CursedBoomerang+1","floor":23},{"not_picked":["TheCursedMod:Obscuration","TheCursedMod:Stigma+1"],"picked":"TheCursedMod:CursedRelics","floor":25},{"not_picked":["TheCursedMod:UltimatePain","TheCursedMod:AshesToAshes"],"picked":"TheCursedMod:CircleOfFlame","floor":30},{"not_picked":["TheCursedMod:TacticalStrike","TheCursedMod:Mangle"],"picked":"TheCursedMod:CursedAmulet","floor":31},{"not_picked":["TheCursedMod:StunningStrike","TheCursedMod:NeowsMight"],"picked":"TheCursedMod:AntiAging","floor":33},{"not_picked":["TheCursedMod:SurpriseAttack","TheCursedMod:CursedAmulet"],"picked":"TheCursedMod:Stigma","floor":35},{"not_picked":["TheCursedMod:TacticalStrike+1","TheCursedMod:ReleasedKnowledge"],"picked":"TheCursedMod:BlessingInDisguise+1","floor":38},{"not_picked":["TheCursedMod:DemonicPact","TheCursedMod:Stretching"],"picked":"TheCursedMod:CursedShiv+1","floor":39},{"not_picked":["TheCursedMod:ManaBullet+1","TheCursedMod:HellsGateOpen"],"picked":"TheCursedMod:StunningStrike","floor":40},{"not_picked":["TheCursedMod:CursedSpellbook","TheCursedMod:CircleOfCorruption"],"picked":"TheCursedMod:LuckyCharm","floor":42},{"not_picked":["Bandage Up","Sadistic Nature"],"picked":"Panacea","floor":44},{"not_picked":["Panache","PanicButton"],"picked":"Specialist","floor":44},{"not_picked":["PanicButton","Swift Strike"],"picked":"Flash of Steel","floor":44},{"not_picked":["TheCursedMod:SurpriseAttack+1","TheCursedMod:HellsGateOpen+1"],"picked":"TheCursedMod:SmokeScreen+1","floor":45},{"not_picked":["Sadistic Nature","Secret Weapon"],"picked":"Midas Touch","floor":46},{"not_picked":["Survey Options","Replay:Sssssssssshield"],"picked":"ReplayTheSpireMod:Necrogeddon","floor":46},{"not_picked":["Madness","PanicButton"],"picked":"Trip","floor":46},{"not_picked":["TheCursedMod:Wield+1","TheCursedMod:Obscuration+1"],"picked":"TheCursedMod:LuckyCharm+1","floor":47}],"player_experience":1019932,"relics_obtained":[{"floor":6.0,"key":"White Beast Statue"},{"floor":8,"key":"Bronze Scales"},{"floor":9,"key":"Replay:Bottled Flurry"},{"floor":11,"key":"Girya"},{"floor":14,"key":"Vajra"},{"floor":23,"key":"Centennial Puzzle"},{"floor":25,"key":"Mirror"},{"floor":26,"key":"Letter Opener"},{"floor":28,"key":"Ring of Misfortune"},{"floor":28,"key":"ReplayTheSpireMod:Ring of Addiction"},{"floor":28,"key":"Chameleon Ring"},{"floor":28,"key":"Toy Ornithopter"},{"floor":30,"key":"Matryoshka"},{"floor":32,"key":"Old Coin"},{"floor":40,"key":"ReplayTheSpireMod:Shallot"},{"floor":42,"key":"The Courier"},{"floor":43,"key":"ReplayTheSpireMod:TigerMarble"},{"floor":43,"key":"Omamori"},{"floor":47,"key":"MealTicket"}],"event_choices":[{"damage_healed":0.0,"max_hp_gain":0.0,"max_hp_loss":0.0,"gold_gain":100.0,"event_name":"Golden Shrine","player_choice":"Pray","floor":2.0,"gold_loss":0.0,"damage_taken":0.0},{"damage_healed":0,"gold_gain":0,"player_choice":"Became a vampire","damage_taken":0,"max_hp_gain":0,"max_hp_loss":27,"event_name":"Vampires","floor":20,"gold_loss":0,"cards_obtained":["Bite","Bite","Bite","Bite","Bite"]},{"damage_healed":0,"gold_gain":0,"player_choice":"Upgraded","damage_taken":0,"max_hp_gain":0,"max_hp_loss":0,"event_name":"Upgrade Shrine","floor":21,"gold_loss":0,"cards_upgraded":["TheCursedMod:ForbiddenAlchemy"]},{"damage_healed":0,"gold_gain":0,"player_choice":"Obtained Relic","damage_taken":0,"relics_obtained":["Orichalcum"],"max_hp_gain":0,"max_hp_loss":0,"event_name":"Addict","floor":24,"gold_loss":85},{"damage_healed":0,"gold_gain":0,"player_choice":"Opened","damage_taken":0,"relics_obtained":["HornCleat"],"max_hp_gain":0,"max_hp_loss":0,"event_name":"The Mausoleum","floor":29,"gold_loss":0},{"damage_healed":0,"gold_gain":0,"player_choice":"Rummage","damage_taken":0,"relics_obtained":["WarpedTongs"],"max_hp_gain":0,"max_hp_loss":0,"event_name":"Accursed Blacksmith","floor":36,"gold_loss":0,"cards_obtained":["Pain"]},{"damage_healed":0,"gold_gain":0,"player_choice":"Memory 3","damage_taken":10,"max_hp_gain":0,"max_hp_loss":0,"event_name":"SensoryStone","floor":44,"gold_loss":0},{"damage_healed":0,"gold_gain":0,"player_choice":"Upgraded","damage_taken":0,"max_hp_gain":0,"max_hp_loss":0,"event_name":"Upgrade Shrine","floor":48,"gold_loss":0,"cards_upgraded":["Apotheosis"]}],"is_beta":false,"boss_relics":[{"not_picked":["Busted Crown","Ectoplasm"],"picked":"Cursed Key"},{"not_picked":["Runic Pyramid","Philosopher\u0027s Stone"],"picked":"Replay:Bronze Core"}],"items_purged_floors":[4,37,46],"is_endless":false,"potions_floor_spawned":[5,7,8,10,11,12,13,14,16,18,19,22,23,25,30,31,33,35,38,39,40,42,45,47],"ascension_level":6}}