{"host":"04x9isxu4s2lvye3","time":1614225503,"event":{"mods":["BaseMod","Colored Powertips","Highlight Path","Minty Spire (QoL Compilation)"],"gold_per_floor":[109,59,59,69,69,97,97,127,152,152,152,182,195,251,251,328,328,343,343,343,343,188,188,214,199,224,224,242,259,294,304,304,382,432,444,462,508,245,260,289,300,300,300,38,57,0,0,0,0,0],"floor_reached":51,"language":"ENG","playtime":2887,"items_purged":["Strike_G","Strike_G","Strike_G+1"],"score":1390,"play_id":"7a092894-ba54-4549-a956-1f21e8fcf995","local_time":"20210224225823","is_ascension_mode":true,"campfire_choices":[{"data":"Blade Dance","floor":7.0,"key":"SMITH"},{"floor":10.0,"key":"REST"},{"data":"Finisher","floor":15.0,"key":"SMITH"},{"floor":23.0,"key":"REST"},{"floor":27.0,"key":"REST"},{"data":"Accuracy","floor":32.0,"key":"SMITH"},{"data":"Tactician","floor":42,"key":"SMITH"},{"data":"Calculated Gamble","floor":49,"key":"SMITH"}],"circlet_count":0,"master_deck":["AscendersBane","Defend_G+1","Defend_G","Defend_G+1","Defend_G","Survivor","Neutralize","Infinite Blades","Cloak And Dagger+1","Blade Dance+1","Prepared","Dodge and Roll","Acrobatics","Finisher+1","Terror","CurseOfTheBell","Accuracy+1","Dash","Deflect+1","Calculated Gamble+1","Prepared+1","Malaise","Tactician+1","Choke","Finisher+1","Blur+1","Dash+1","Blade Dance","Blade Dance","Doubt","Wraith Form v2+1"],"relics":["Ring of the Snake","NeowsBlessing","War Paint","Boot","Darkstone Periapt","Potion Belt","CaptainsWheel","Juzu Bracelet","Calling Bell","Oddly Smooth Stone","Singing Bowl","Ginger","Enchiridion","Spirit Poop","Bottled Flame","Bronze Scales","Anchor","Tiny House","Mango","Bag of Preparation","Frozen Egg 2","Red Mask"],"acts_visited":["Exordium","TheCity","TheBeyond"],"potions_floor_usage":[50,50],"damage_taken":[{"damage":0.0,"enemies":"Jaw Worm","floor":1.0,"turns":1.0},{"damage":0.0,"enemies":"2 Louse","floor":4.0,"turns":1.0},{"damage":0.0,"enemies":"3 Sentries","floor":6.0,"turns":1.0},{"damage":17.0,"enemies":"Gremlin Nob","floor":8.0,"turns":4.0},{"damage":9.0,"enemies":"3 Sentries","floor":12.0,"turns":7.0},{"damage":0.0,"enemies":"Cultist","floor":13.0,"turns":3.0},{"damage":14.0,"enemies":"Gremlin Nob","floor":14.0,"turns":4.0},{"damage":17.0,"enemies":"Slime Boss","floor":16.0,"turns":9.0},{"damage":6.0,"enemies":"Chosen","floor":18.0,"turns":5.0},{"damage":19.0,"enemies":"Slavers","floor":24.0,"turns":7.0},{"damage":7.0,"enemies":"2 Thieves","floor":25.0,"turns":4.0},{"damage":4.0,"enemies":"Centurion and Healer","floor":28.0,"turns":6.0},{"damage":6.0,"enemies":"Snecko","floor":29.0,"turns":3.0},{"damage":0.0,"enemies":"Book of Stabbing","floor":30.0,"turns":4.0},{"damage":3.0,"enemies":"Chosen and Byrds","floor":31.0,"turns":5.0},{"damage":35.0,"enemies":"Collector","floor":33.0,"turns":7.0},{"damage":0.0,"enemies":"Orb Walker","floor":35.0,"turns":2.0},{"damage":20.0,"enemies":"3 Darklings","floor":36.0,"turns":4.0},{"damage":32.0,"enemies":"2 Orb Walkers","floor":37.0,"turns":7.0},{"damage":10.0,"enemies":"Maw","floor":39.0,"turns":6.0},{"damage":18.0,"enemies":"Reptomancer","floor":40.0,"turns":6.0},{"damage":35,"enemies":"Spire Growth","floor":41,"turns":5},{"damage":0,"enemies":"Writhing Mass","floor":45,"turns":6},{"damage":98,"enemies":"Awakened One","floor":50,"turns":19}],"seed_played":"1372033767333246289","potions_obtained":[{"floor":1.0,"key":"PowerPotion"},{"floor":8.0,"key":"EssenceOfSteel"},{"floor":14.0,"key":"Poison Potion"},{"floor":18.0,"key":"EssenceOfSteel"},{"floor":30.0,"key":"EssenceOfSteel"},{"floor":31.0,"key":"FairyPotion"},{"floor":33.0,"key":"FearPotion"},{"floor":34.0,"key":"DistilledChaos"},{"floor":39.0,"key":"AttackPotion"},{"floor":45,"key":"Regen Potion"}],"is_trial":false,"path_per_floor":["M","$","?","M","?","E","R","E","T","R","?","E","M","?","R","B",null,"M","?","?","?","$","R","E","M","T","R","M","M","E","M","R","B",null,"M","M","?","$","M","E","M","R","T","$","M","?","?","?","R","B",null],"character_chosen":"THE_SILENT","items_purchased":["Cloak And Dagger","Regen Potion","Tactician","Choke","Blade Dance","DuplicationPotion"],"campfire_rested":3,"item_purchase_floors":[2,22,38,38,44,44],"current_hp_per_floor":[59,59,39,39,39,39,39,22,22,41,66,57,57,43,43,26,62,56,35,35,35,35,56,37,32,32,54,52,48,50,47,47,27,74,76,58,42,42,32,14,32,32,32,32,32,32,113,113,113,29],"gold":0,"neow_bonus":"THREE_ENEMY_KILL","is_daily":false,"chose_seed":false,"campfire_upgraded":5,"win_rate":0.0,"timestamp":1614225503,"path_taken":["M","$","?","M","?","E","R","E","T","R","?","E","?","?","R","BOSS","M","?","?","?","$","R","E","M","T","R","M","M","E","M","R","BOSS","M","M","?","$","M","E","M","R","T","$","M","?","?","?","R","BOSS"],"items_purchased_type":["Card","Potion","Card","Card","Card","Potion"],"build_version":"2020-12-22","purchased_purges":3,"victory":true,"max_hp_per_floor":[66,66,66,66,66,66,66,66,66,66,66,66,66,66,66,66,72,72,72,72,72,72,72,72,74,74,74,76,78,80,80,80,80,87,89,91,107,107,107,107,107,107,107,107,107,107,113,113,113,113],"card_choices":[{"not_picked":["Crippling Poison","Acrobatics"],"picked":"Infinite Blades","floor":1.0},{"not_picked":["Deadly Poison","Poisoned Stab"],"picked":"Blade Dance","floor":4.0},{"not_picked":["Quick Slash","Catalyst"],"picked":"Prepared","floor":6.0},{"not_picked":["Infinite Blades","Die Die Die"],"picked":"Dodge and Roll","floor":8.0},{"not_picked":["Infinite Blades","Poisoned Stab"],"picked":"Acrobatics","floor":12.0},{"not_picked":["Distraction","Outmaneuver"],"picked":"Finisher","floor":13.0},{"not_picked":["Bouncing Flask","Deadly Poison"],"picked":"Terror","floor":14.0},{"not_picked":["Deadly Poison","Underhanded Strike"],"picked":"Accuracy","floor":18.0},{"not_picked":["Concentrate","Prepared"],"picked":"Calculated Gamble","floor":24.0},{"not_picked":["Bouncing Flask","Flechettes","Die Die Die"],"picked":"Singing Bowl","floor":25.0},{"not_picked":["Noxious Fumes","Underhanded Strike","Deflect"],"picked":"Singing Bowl","floor":28.0},{"not_picked":["Dagger Throw","Dodge and Roll","Escape Plan"],"picked":"Singing Bowl","floor":29.0},{"not_picked":["Prepared","Heel Hook","Flechettes"],"picked":"Singing Bowl","floor":30.0},{"not_picked":["Infinite Blades+1","Slice"],"picked":"Prepared+1","floor":31.0},{"not_picked":["Doppelganger","Die Die Die"],"picked":"Malaise","floor":33.0},{"not_picked":["Dodge and Roll","Bane","Underhanded Strike"],"picked":"Singing Bowl","floor":34.0},{"not_picked":["Expertise","Prepared","Dagger Spray+1"],"picked":"Singing Bowl","floor":35.0},{"not_picked":["Flying Knee","Underhanded Strike","Cloak And Dagger"],"picked":"Singing Bowl","floor":36.0},{"not_picked":["Quick Slash","Bane","Deadly Poison"],"picked":"Singing Bowl","floor":37.0},{"not_picked":["Heel Hook+1","Dagger Spray"],"picked":"Finisher+1","floor":39.0},{"not_picked":["Dagger Spray","Prepared"],"picked":"Blur+1","floor":40.0},{"not_picked":["Endless Agony","Caltrops"],"picked":"Dash+1","floor":41},{"not_picked":["Dodge and Roll","Flechettes"],"picked":"Blade Dance","floor":45}],"player_experience":322755,"relics_obtained":[{"floor":6.0,"key":"Boot"},{"floor":8.0,"key":"Darkstone Periapt"},{"floor":9.0,"key":"Potion Belt"},{"floor":12.0,"key":"CaptainsWheel"},{"floor":14.0,"key":"Juzu Bracelet"},{"floor":17.0,"key":"Oddly Smooth Stone"},{"floor":17.0,"key":"Singing Bowl"},{"floor":17.0,"key":"Ginger"},{"floor":19.0,"key":"Enchiridion"},{"floor":24.0,"key":"Bottled Flame"},{"floor":26.0,"key":"Bronze Scales"},{"floor":30.0,"key":"Anchor"},{"floor":37.0,"key":"Mango"},{"floor":40.0,"key":"Bag of Preparation"},{"floor":43,"key":"Frozen Egg 2"}],"event_choices":[{"damage_healed":0.0,"max_hp_gain":0.0,"max_hp_loss":0.0,"gold_gain":0.0,"event_name":"Shining Light","player_choice":"Entered Light","floor":3.0,"gold_loss":0.0,"damage_taken":20.0,"cards_upgraded":["Defend_G","Strike_G"]},{"damage_healed":0.0,"max_hp_gain":0.0,"max_hp_loss":0.0,"gold_gain":0.0,"event_name":"Big Fish","player_choice":"Box","floor":5.0,"gold_loss":0.0,"damage_taken":0.0,"relics_obtained":["War Paint"],"cards_obtained":["Regret"]},{"damage_healed":25.0,"max_hp_gain":0.0,"max_hp_loss":0.0,"gold_gain":0.0,"event_name":"Wheel of Change","player_choice":"Full Heal","floor":11.0,"gold_loss":0.0,"damage_taken":0.0},{"damage_healed":0.0,"max_hp_gain":0.0,"max_hp_loss":0.0,"gold_gain":30.0,"event_name":"Dead Adventurer","player_choice":"Searched \u00272\u0027 times","floor":14.0,"gold_loss":0.0,"damage_taken":0.0},{"damage_healed":0.0,"max_hp_gain":0.0,"max_hp_loss":0.0,"gold_gain":0.0,"event_name":"Cursed Tome","player_choice":"Obtained Book","floor":19.0,"gold_loss":0.0,"damage_taken":21.0},{"damage_healed":0.0,"max_hp_gain":0.0,"max_hp_loss":0.0,"gold_gain":0.0,"cards_transformed":["Strike_G","Strike_G"],"event_name":"Drug Dealer","player_choice":"Became Test Subject","floor":20.0,"gold_loss":0.0,"damage_taken":0.0,"cards_obtained":["Dash","Deflect"]},{"cards_removed":["Regret"],"damage_healed":0.0,"max_hp_gain":0.0,"max_hp_loss":0.0,"gold_gain":0.0,"event_name":"Bonfire Elementals","player_choice":"Offered Curse","floor":21.0,"gold_loss":0.0,"damage_taken":0.0,"relics_obtained":["Spirit Poop"]},{"damage_healed":0.0,"max_hp_gain":0.0,"max_hp_loss":0.0,"gold_gain":0.0,"event_name":"Mysterious Sphere","player_choice":"Fight","floor":37.0,"gold_loss":0.0,"damage_taken":0.0},{"damage_healed":0,"gold_gain":0,"player_choice":"Paid","damage_taken":0,"relics_obtained":["Red Mask"],"max_hp_gain":0,"max_hp_loss":0,"event_name":"Tomb of Lord Red Mask","floor":46,"gold_loss":57},{"damage_healed":75,"gold_gain":0,"player_choice":"Heal","damage_taken":0,"max_hp_gain":0,"max_hp_loss":0,"event_name":"MindBloom","floor":47,"gold_loss":0,"cards_obtained":["Doubt"]},{"damage_healed":0,"gold_gain":0,"cards_transformed":["Defend_G"],"player_choice":"Transformed","damage_taken":0,"max_hp_gain":0,"max_hp_loss":0,"event_name":"Transmorgrifier","floor":48,"gold_loss":0,"cards_obtained":["Wraith Form v2"]}],"is_beta":false,"boss_relics":[{"not_picked":["HoveringKite","Runic Dome"],"picked":"Calling Bell"},{"not_picked":["Runic Pyramid","Sozu"],"picked":"Tiny House"}],"items_purged_floors":[22,38,44],"is_endless":false,"potions_floor_spawned":[1,8,14,18,25,30,31,33,39,45],"ascension_level":16}}