{"host":"emzatosnsokm6754","time":1614243294,"event":{"mods":["Act Like it!","BaseMod","Bossed Relics","Colored Powertips","Dota2Spire","Energized Spire","Minty Spire (QoL Compilation)","Rare Cards Sparkle","Replay The Spire","Ruina","Small Relic Pack","StSLib","The Hierophant","The Servant 0.9.4"],"gold_per_floor":[119,119,119,194,194,219,229,264,332,343,343,372,57,71,71,167,167,182,82,101,0,10,10,22,22,46,46,88,120,120,120,120,249,249,325,369,369,385,430,488,284,368,368,381,426,181,200,258,258,288],"floor_reached":51,"language":"ENG","playtime":2285,"items_purged":["Defend_R","Normality","Defend_R"],"score":1178,"play_id":"b0532096-586e-49e9-9e28-46eb2f655900","local_time":"20210225215454","is_ascension_mode":true,"campfire_choices":[{"data":"Clash","floor":11,"key":"SMITH"},{"data":"Bash","floor":15,"key":"SMITH"},{"data":"Demonic Infusion","floor":23,"key":"SMITH"},{"data":"Ghostly Armor","floor":25,"key":"SMITH"},{"data":"Inflame","floor":32,"key":"SMITH"}],"circlet_count":0,"master_deck":["Strike_R+1","Bash+1","Clash+1","Searing Blow+1","Demonic Infusion+1","Clash","Inflame+1","Ghostly Armor+1","Battle Trance","Dropkick+1","Thunderclap+1","Twin Strike","Pummel+1"],"relics":["Burning Blood","NeowsBlessing","ReplayTheSpireMod:Ring of Collecting","ReplayTheSpireMod:Ring of Addiction","White Beast Statue","SacredBark","Art of War","Dota2Spire:BlackKingBar","Ring of Fury","Garlic","Self Forming Clay","Singing Bowl","Kintsugi","Dota2Spire:HandOfMidas","ReplayTheSpireMod:Ring of Challenge","Onion Ring","Ring of Chaos","Dota2Spire:Vanguard","Replay:Wax Seal","Question Card","Ring of Peace","Mercury Hourglass","Bottled Tornado","Whetstone"],"acts_visited":["Exordium","TheCity","TheBeyond"],"potions_floor_usage":[6,8,8,12,12,14,16,18,24,28,29,33,35,38,40,40,40,42,42,45,48,50,50],"damage_taken":[{"damage":0,"enemies":"Small Slimes","floor":1,"turns":1},{"damage":0,"enemies":"Lagavulin","floor":6,"turns":1},{"damage":0,"enemies":"2 Louse","floor":7,"turns":1},{"damage":47,"enemies":"Gremlin Nob","floor":8,"turns":6},{"damage":8,"enemies":"Jaw Worm","floor":10,"turns":2},{"damage":21,"enemies":"3 Sentries","floor":12,"turns":5},{"damage":10,"enemies":"2 Fungi Beasts","floor":14,"turns":3},{"damage":80,"enemies":"Fading Forest","floor":16,"turns":11},{"damage":41,"enemies":"3 Byrds","floor":18,"turns":8},{"damage":41,"enemies":"Spheric Guardian","floor":20,"turns":6},{"damage":8,"enemies":"Snake Plant","floor":22,"turns":2},{"damage":6,"enemies":"Snecko","floor":24,"turns":4},{"damage":18,"enemies":"Chosen and Byrds","floor":28,"turns":7},{"damage":12,"enemies":"Gremlin Leader","floor":29,"turns":2},{"damage":91,"enemies":"Pondfish","floor":33,"turns":13},{"damage":72,"enemies":"3 Darklings","floor":35,"turns":11},{"damage":12,"enemies":"3 Shapes","floor":36,"turns":6},{"damage":0,"enemies":"3 Darklings","floor":38,"turns":3},{"damage":0,"enemies":"Maw","floor":39,"turns":4},{"damage":34,"enemies":"Nemesis","floor":40,"turns":5},{"damage":8,"enemies":"R_Hoarder","floor":42,"turns":5},{"damage":0,"enemies":"Jaw Worm Horde","floor":44,"turns":3},{"damage":0,"enemies":"Writhing Mass","floor":45,"turns":3},{"damage":0,"enemies":"Spire Growth","floor":47,"turns":2},{"damage":0,"enemies":"Giant Head","floor":48,"turns":4},{"damage":51,"enemies":"Awakened One","floor":50,"turns":6}],"seed_played":"-4688134298067909191","potions_obtained":[{"floor":2,"key":"DistilledChaos"},{"floor":2,"key":"Death Potion"},{"floor":2,"key":"Weak Potion"},{"floor":6,"key":"Ancient Potion"},{"floor":7,"key":"Regen Potion"},{"floor":8,"key":"BloodPotion"},{"floor":10,"key":"Toxic Potion"},{"floor":12,"key":"FearPotion"},{"floor":14,"key":"FairyPotion"},{"floor":16,"key":"BloodPotion"},{"floor":18,"key":"FearPotion"},{"floor":20,"key":"FearPotion"},{"floor":22,"key":"Ancient Potion"},{"floor":24,"key":"FairyPotion"},{"floor":28,"key":"Death Potion"},{"floor":29,"key":"Elixir"},{"floor":33,"key":"Swift Potion"},{"floor":35,"key":"Adrenaline Potion"},{"floor":36,"key":"SneckoOil"},{"floor":38,"key":"BlessingOfTheForge"},{"floor":39,"key":"Fruit Juice"},{"floor":40,"key":"Fire Potion"},{"floor":42,"key":"EssenceOfSteel"},{"floor":44,"key":"Toxic Potion"},{"floor":45,"key":"Energy Potion"},{"floor":48,"key":"DistilledChaos"}],"is_trial":false,"path_per_floor":["M","?","?","?","?","E","M","E","T","M","R","E","$","M","R","B",null,"M","$","M","?","M","R","M","R","T","?","M","E","$","?","R","B",null,"M","M","?","M","M","E","$","E","T","M","M","$","M","E","R","B",null],"character_chosen":"IRONCLAD","items_purchased":["Singing Bowl","Replay:Wax Seal","Bottled Tornado"],"campfire_rested":0,"item_purchase_floors":[13,41,46],"current_hp_per_floor":[80,80,73,62,62,68,74,58,58,56,56,71,71,69,69,23,78,73,73,38,38,36,36,36,36,36,36,24,20,20,46,46,11,78,12,52,52,60,68,52,52,52,52,60,66,66,74,80,97,52],"gold":288,"neow_bonus":"THREE_ENEMY_KILL","is_daily":false,"chose_seed":false,"campfire_upgraded":5,"win_rate":0.0,"timestamp":1614243294,"path_taken":["M","?","?","?","?","E","M","E","T","M","R","E","$","M","R","BOSS","M","$","M","?","M","R","M","R","T","?","?","E","$","?","R","BOSS","M","M","?","?","M","E","$","E","T","M","M","$","M","E","R","BOSS"],"items_purchased_type":["Relic","Relic","Relic"],"build_version":"2020-12-22","purchased_purges":3,"victory":true,"max_hp_per_floor":[80,80,80,80,80,78,78,78,78,78,78,76,76,78,78,78,78,80,80,80,80,78,78,78,78,78,78,76,78,78,78,78,78,78,78,78,75,77,79,91,91,93,93,95,95,95,97,97,97,97],"card_choices":[{"not_picked":["Headbutt","ReplayTheSpireMod:LeadingStrike","Body Slam"],"picked":"SKIP","floor":1},{"not_picked":["Run Through","Heavy Blade","Iron Wave"],"picked":"SKIP","floor":6},{"not_picked":["Second Wind","Havoc","Rage"],"picked":"SKIP","floor":7},{"not_picked":["Warcry","ReplayTheSpireMod:Strike From Hell","Cleave"],"picked":"SKIP","floor":8},{"not_picked":["Sword Boomerang","Replay:Undeath\u0027s Touch"],"picked":"Clash","floor":10},{"not_picked":["Rage","Bloodletting"],"picked":"Searing Blow","floor":12},{"not_picked":["Hemokinesis","Thunderclap","Replay:Undeath\u0027s Touch"],"picked":"Singing Bowl","floor":14},{"not_picked":["Juggernaut","Impervious"],"picked":"Demonic Infusion","floor":16},{"not_picked":["Whirlwind","Flame Barrier","Sword Boomerang"],"picked":"Singing Bowl","floor":18},{"not_picked":["Twin Strike","Hemokinesis+1"],"picked":"Clash","floor":20},{"not_picked":["Havoc","True Grit"],"picked":"Inflame","floor":22},{"not_picked":["Armaments","Heavy Blade"],"picked":"Ghostly Armor","floor":24},{"not_picked":["Hemokinesis","Clothesline"],"picked":"Battle Trance","floor":28},{"not_picked":["Headbutt","Barricade","ReplayTheSpireMod:Strike From Hell"],"picked":"Singing Bowl","floor":29},{"not_picked":["Reaper","Immolate","Fiend Fire"],"picked":"Singing Bowl","floor":33},{"not_picked":["Rupture+1","ReplayTheSpireMod:Strike From Hell"],"picked":"Dropkick+1","floor":35},{"not_picked":["Cleave","True Grit"],"picked":"Thunderclap+1","floor":36},{"not_picked":["Flame Barrier","Uppercut+1","Anger"],"picked":"Singing Bowl","floor":38},{"not_picked":["True Grit","Offering","Thunderclap"],"picked":"Singing Bowl","floor":39},{"not_picked":["Headbutt+1","Wild Strike","True Grit+1"],"picked":"Singing Bowl","floor":40},{"not_picked":["Feel No Pain","Havoc+1","Abandon"],"picked":"Singing Bowl","floor":42},{"not_picked":["Wild Strike","Perfected Strike+1","Dual Wield","ReplayTheSpireMod:Muscle Training"],"picked":"Singing Bowl","floor":44},{"not_picked":["Flex","Havoc","Armaments+1"],"picked":"Twin Strike","floor":45},{"not_picked":["Infernal Blade+1","Warcry+1","Havoc","Replay:Undeath\u0027s Touch"],"picked":"Singing Bowl","floor":47},{"not_picked":["Flame Barrier+1","Feed","Body Slam"],"picked":"Pummel","floor":48}],"player_experience":227259,"relics_obtained":[{"floor":2,"key":"ReplayTheSpireMod:Ring of Collecting"},{"floor":2,"key":"ReplayTheSpireMod:Ring of Addiction"},{"floor":2,"key":"White Beast Statue"},{"floor":2,"key":"SacredBark"},{"floor":6,"key":"Art of War"},{"floor":8,"key":"Dota2Spire:BlackKingBar"},{"floor":9,"key":"Ring of Fury"},{"floor":9,"key":"Garlic"},{"floor":12,"key":"Self Forming Clay"},{"floor":26,"key":"Dota2Spire:HandOfMidas"},{"floor":26,"key":"ReplayTheSpireMod:Ring of Challenge"},{"floor":29,"key":"Onion Ring"},{"floor":40,"key":"Dota2Spire:Vanguard"},{"floor":42,"key":"Question Card"},{"floor":43,"key":"Ring of Peace"},{"floor":43,"key":"Mercury Hourglass"},{"floor":48,"key":"Whetstone"}],"event_choices":[{"cards_removed":["Strike_R"],"damage_healed":0,"gold_gain":0,"player_choice":"Card Removal","damage_taken":7,"max_hp_gain":0,"max_hp_loss":0,"event_name":"Golden Wing","floor":3,"gold_loss":0},{"damage_healed":0,"gold_gain":75,"player_choice":"Gather Gold","damage_taken":11,"max_hp_gain":0,"max_hp_loss":0,"event_name":"World of Goop","floor":4,"gold_loss":0},{"cards_removed":["Normality"],"damage_healed":0,"gold_gain":0,"player_choice":"Forget","damage_taken":0,"max_hp_gain":0,"max_hp_loss":0,"event_name":"Living Wall","floor":5,"gold_loss":0},{"damage_healed":0,"gold_gain":0,"player_choice":"Paid Fearfully","damage_taken":0,"max_hp_gain":0,"max_hp_loss":0,"event_name":"Masked Bandits","floor":21,"gold_loss":101},{"damage_healed":0,"gold_gain":0,"player_choice":"Ignored","damage_taken":0,"max_hp_gain":0,"max_hp_loss":0,"event_name":"NoteForYourself","floor":27,"gold_loss":0},{"damage_healed":26,"gold_gain":0,"player_choice":"Heal","damage_taken":0,"max_hp_gain":0,"max_hp_loss":0,"event_name":"The Library","floor":31,"gold_loss":0},{"cards_removed":["Parasite"],"damage_healed":0,"gold_gain":0,"player_choice":"Card Removal","damage_taken":0,"max_hp_gain":0,"max_hp_loss":0,"event_name":"Wheel of Change","floor":37,"gold_loss":0}],"is_beta":false,"boss_relics":[{"not_picked":["energizedSpire:MagnifyingGlass","Busted Crown"],"picked":"Kintsugi"},{"not_picked":["energizedSpire:StickyHand","Dota2Spire:Bloodstone"],"picked":"Ring of Chaos"}],"items_purged_floors":[13,19,41],"is_endless":false,"potions_floor_spawned":[6,7,8,10,12,14,16,18,20,22,24,28,29,33,35,36,38,39,40,42,44,45,47,48],"ascension_level":1}}