{"host":"Luke","time":1614267197,"event":{"mods":["BaseMod","Better Third Choice","Colored Map","Downfall","Hermit","Minty Spire (QoL Compilation)","Shade Mod","StSLib","The Exalted","The Hierophant","TheFirefly","Unceasing Turn Reminder"],"gold_per_floor":[199,218,232,244,303,478,478,108,8,18,18,34,19,19,36,132,132,132,148,148,148,133,147,147,147,147],"floor_reached":25,"language":"ENG","playtime":1684,"items_purged":["Doubt"],"score":216,"play_id":"6ac48d7f-3219-4f20-9787-660a2323843f","local_time":"20210225153317","is_ascension_mode":false,"campfire_choices":[{"data":"Shade:AnimateDead","floor":1,"key":"SMITH"},{"floor":9,"key":"REST"},{"data":"Shade:OminousRitual","floor":11,"key":"SMITH"},{"data":"Shade:LichForm","floor":18,"key":"SMITH"}],"circlet_count":0,"master_deck":["Shade:Defend_Shade","Shade:Defend_Shade","Shade:Defend_Shade","Shade:Defend_Shade","Shade:AnimateDead+1","Shade:CarefulCut","Shade:GraveStillness","Shade:GoDigging","Shade:FingerOfDeath","Shade:Consume","Shade:CoffinDance","Shade:Coordination","Shade:Brains+1","Shade:OminousRitual+1","Shade:Trample","Shade:Bite_Shade","Shade:Coordination","Shade:DangerousRitual","Shade:LichForm+1","Shade:FleshLikeOak+1","Necronomicurse","Bite","Bite","Bite","Bite","Bite","Shade:Excise+1","Shade:OfferingToTheBeyond"],"relics":["Shade:YorickSkull","Gambling Chip","downfall:HeartBlessingBlue","Bromod:ArcaneGrace","Necronomicon","InkBottle"],"acts_visited":["Exordium","TheCity"],"potions_floor_usage":[16,16,22],"damage_taken":[{"damage":0,"enemies":"Cultist","floor":2,"turns":4},{"damage":0,"enemies":"Jaw Worm","floor":3,"turns":4},{"damage":0,"enemies":"Small Slimes","floor":4,"turns":4},{"damage":36,"enemies":"Lagavulin Event","floor":5,"turns":9},{"damage":0,"enemies":"downfall:FleeingMerchant","floor":8,"turns":4},{"damage":0,"enemies":"Exordium Wildlife","floor":10,"turns":8},{"damage":3,"enemies":"Gremlin Gang","floor":12,"turns":3},{"damage":0,"enemies":"downfall:FleeingMerchant","floor":13,"turns":4},{"damage":0,"enemies":"Blue Slaver","floor":15,"turns":6},{"damage":43,"enemies":"IC_STATUS_ARCHETYPE","floor":16,"turns":12},{"damage":34,"enemies":"Chosen","floor":19,"turns":6},{"damage":15,"enemies":"downfall:FleeingMerchant","floor":22,"turns":4},{"damage":23,"enemies":"downfall:LooterAlt2","floor":23,"turns":5},{"damage":29,"enemies":"Snake Plant","floor":25,"turns":4}],"seed_played":"2373679773832660098","potions_obtained":[{"floor":10,"key":"CultistPotion"},{"floor":15,"key":"Swift Potion"},{"floor":16,"key":"LiquidBronze"}],"is_trial":false,"path_per_floor":["R","M","M","M","?","?","T","$","R","M","R","M","$","?","M","B",null,"R","M","?","?","$","M","T","M"],"character_chosen":"SHADE","items_purchased":["Shade:Coordination","Shade:Brains","Shade:OminousRitual"],"campfire_rested":1,"item_purchase_floors":[8,8,8],"current_hp_per_floor":[65,65,65,65,29,29,29,29,61,61,61,58,60,60,64,23,75,75,44,28,28,28,17,17,0,0],"gold":147,"neow_bonus":"HUNDRED_GOLD","is_daily":false,"chose_seed":false,"campfire_upgraded":3,"win_rate":0.0,"timestamp":1614267197,"path_taken":["R","M","M","M","?","?","T","?","R","M","R","?","$","?","M","BOSS","R","M","?","?","?","?","T","M"],"items_purchased_type":["Card","Card","Card"],"build_version":"2020-12-18","purchased_purges":1,"victory":false,"max_hp_per_floor":[65,65,65,65,65,65,65,65,75,75,75,75,75,75,75,75,75,75,75,75,52,52,52,52,52,52],"card_choices":[{"not_picked":["Shade:Trample","Shade:GreyBargain"],"picked":"Shade:GraveStillness","floor":2},{"not_picked":["Shade:AncientSpear","Shade:StitchTogether"],"picked":"Shade:GoDigging","floor":3},{"not_picked":["Shade:WallOfFlesh","Shade:Premonition"],"picked":"Shade:FingerOfDeath","floor":4},{"not_picked":["Shade:GreyBargain","Shade:Awaken"],"picked":"Shade:Consume","floor":5},{"not_picked":["Shade:ClawBack","Shade:GraveStillness"],"picked":"Shade:CoffinDance","floor":8},{"not_picked":["Shade:AncientSpear","Shade:Brains"],"picked":"Shade:Trample","floor":10},{"not_picked":["Shade:CoffinDance","Shade:GreyBargain"],"picked":"Shade:Bite_Shade","floor":12},{"not_picked":["Shade:WallOfFlesh","Shade:GraveStillness"],"picked":"Shade:Coordination","floor":13},{"not_picked":["Shade:FingerOfDeath","Shade:WallOfFlesh"],"picked":"Shade:DangerousRitual","floor":15},{"not_picked":["Shade:LastGasp","Shade:LoseControl"],"picked":"Shade:LichForm","floor":16},{"not_picked":["Shade:FuneraryArmor+1","Shade:ClawBack"],"picked":"Shade:FleshLikeOak+1","floor":19},{"not_picked":["Shade:FleshLikeOak","Shade:FingerOfDeath+1"],"picked":"Shade:Excise+1","floor":22},{"not_picked":["Shade:CallOfTheGrave","Shade:Premonition+1"],"picked":"Shade:OfferingToTheBeyond","floor":23}],"player_experience":785607,"relics_obtained":[{"floor":5,"key":"Gambling Chip"},{"floor":20,"key":"Necronomicon"},{"floor":24,"key":"InkBottle"}],"event_choices":[{"damage_healed":0,"gold_gain":0,"player_choice":"Grow","damage_taken":0,"max_hp_gain":0,"max_hp_loss":0,"event_name":"Living Wall","floor":14,"gold_loss":0,"cards_upgraded":["Shade:Brains"]},{"damage_healed":0,"gold_gain":0,"player_choice":"Became a vampire","damage_taken":0,"max_hp_gain":0,"max_hp_loss":23,"event_name":"Vampires","floor":21,"gold_loss":0,"cards_obtained":["Bite","Bite","Bite","Bite","Bite"]}],"is_beta":true,"boss_relics":[{"not_picked":["Coffee Dripper","Sozu"],"picked":"Bromod:ArcaneGrace"}],"items_purged_floors":[8],"is_endless":false,"potions_floor_spawned":[10,15,16],"killed_by":"Snake Plant","ascension_level":0}}