{"host":"l1pf8md6w6jccf6p","time":1614238689,"event":{"mods":["AchievementEnabler","BaseMod","Block Reminder","Colored Map","Googly Eyes","Minty Spire (QoL Compilation)","StSLib","The Cursed"],"gold_per_floor":[110,110,121,121,137,23,49,49,73,73,102,115,126,51,51,151,151,167,167,21,21,21,21,47,47,128,139,139,139,167,179,179,275,275,290,290,308,308,11,39,39,39,39,66,66,66],"floor_reached":45,"language":"ENG","playtime":3102,"items_purged":["Clumsy"],"score":515,"play_id":"6d960659-8366-43cb-b4cf-60f8be5b6a92","local_time":"20210225023809","is_ascension_mode":false,"campfire_choices":[{"data":"TheCursedMod:CircleOfFlame","floor":8,"key":"SMITH"},{"data":"ForeignInfluence","floor":15,"key":"SMITH"},{"data":"Worship","floor":23,"key":"SMITH"},{"data":"Judgement","floor":25,"key":"SMITH"},{"data":"Pray","floor":29,"key":"SMITH"},{"floor":32,"key":"REST"},{"floor":42,"key":"REST"}],"circlet_count":0,"master_deck":["Strike_P","Strike_P","Strike_P","Strike_P","Defend_P","Defend_P","Defend_P","Defend_P","Vigilance","Pray+1","TheCursedMod:CircleOfFlame+1","CrushJoints","WheelKick","Swift Strike","EmptyFist","DeceiveReality","WaveOfTheHand","ForeignInfluence+1","Protect","Judgement+1","Worship+1","Clumsy","Vengeance","Writhe","Study","EmptyBody","Omniscience","Madness","Madness","Evaluate","Transmutation","Streamline+1","EmptyFist+1","Doubt"],"relics":["Cursed Key","Oddly Smooth Stone","Happy Flower","Eternal Feather","Runic Pyramid","CultistMask","Sling","Ornamental Fan","Ancient Tea Set","Matryoshka","MutagenicStrength","Bronze Scales","VioletLotus","PrismaticShard","Dream Catcher","Boot","Toy Ornithopter","Strawberry","Girya"],"acts_visited":["Exordium","TheCity","TheBeyond"],"potions_floor_usage":[7,16,24,27,33,33,40,40],"damage_taken":[{"damage":0,"enemies":"Jaw Worm","floor":1,"turns":4},{"damage":2,"enemies":"Cultist","floor":3,"turns":7},{"damage":0,"enemies":"Small Slimes","floor":5,"turns":3},{"damage":13,"enemies":"Lagavulin","floor":7,"turns":5},{"damage":20,"enemies":"Gremlin Nob","floor":11,"turns":4},{"damage":0,"enemies":"Looter","floor":12,"turns":3},{"damage":0,"enemies":"Exordium Thugs","floor":13,"turns":4},{"damage":10,"enemies":"Slime Boss","floor":16,"turns":11},{"damage":2,"enemies":"Shell Parasite","floor":18,"turns":2},{"damage":15,"enemies":"Slavers","floor":24,"turns":2},{"damage":0,"enemies":"Spheric Guardian","floor":27,"turns":2},{"damage":44,"enemies":"Book of Stabbing","floor":30,"turns":5},{"damage":6,"enemies":"Chosen and Byrds","floor":31,"turns":4},{"damage":57,"enemies":"Collector","floor":33,"turns":8},{"damage":14,"enemies":"3 Shapes","floor":35,"turns":4},{"damage":3,"enemies":"3 Darklings","floor":37,"turns":5},{"damage":5,"enemies":"Nemesis","floor":40,"turns":3},{"damage":65,"enemies":"Giant Head","floor":44,"turns":9},{"damage":32,"enemies":"Spire Growth","floor":45,"turns":3}],"seed_played":"8565322170138930064","potions_obtained":[{"floor":3,"key":"SteroidPotion"},{"floor":11,"key":"GamblersBrew"},{"floor":13,"key":"FearPotion"},{"floor":16,"key":"SteroidPotion"},{"floor":24,"key":"Swift Potion"},{"floor":31,"key":"ColorlessPotion"},{"floor":33,"key":"FearPotion"},{"floor":35,"key":"SpeedPotion"}],"is_trial":false,"path_per_floor":["M","?","M","?","M","$","E","R","T","?","E","M","M","$","R","B",null,"M","?","$","T","$","R","E","R","T","M","?","R","E","M","R","B",null,"M","?","M","?","$","E","$","R","T","E","M"],"character_chosen":"WATCHER","items_purchased":["Swift Strike","EmptyFist","Sling","PrismaticShard","Dream Catcher"],"campfire_rested":2,"item_purchase_floors":[6,6,20,39,39],"current_hp_per_floor":[72,72,70,70,70,70,57,57,57,62,42,42,42,42,51,41,77,75,75,75,75,75,77,62,74,74,74,74,77,33,27,65,8,77,63,53,50,50,50,45,45,77,84,19,0,0],"gold":66,"neow_bonus":"BOSS_RELIC","is_daily":false,"chose_seed":false,"campfire_upgraded":5,"win_rate":0.0,"timestamp":1614238689,"path_taken":["M","?","?","?","M","?","E","R","T","?","E","M","M","$","R","BOSS","M","?","$","?","$","R","E","R","T","M","?","R","E","M","R","BOSS","M","?","M","?","$","E","$","R","T","E","?"],"items_purchased_type":["Card","Card","Relic","Relic","Relic"],"build_version":"2020-12-22","purchased_purges":1,"victory":false,"max_hp_per_floor":[72,72,72,72,72,72,72,72,72,77,77,77,77,77,77,77,77,77,77,77,77,77,77,77,77,77,77,77,77,77,77,77,77,77,77,77,77,77,77,77,77,77,84,84,84,84],"card_choices":[{"not_picked":["Consecrate","LikeWater"],"picked":"Pray","floor":1},{"not_picked":["CutThroughFate","ThirdEye"],"picked":"CrushJoints","floor":3},{"not_picked":["ThirdEye","EmptyBody"],"picked":"WheelKick","floor":5},{"not_picked":["CutThroughFate","ClearTheMind"],"picked":"DeceiveReality","floor":7},{"not_picked":["Omniscience","MentalFortress"],"picked":"WaveOfTheHand","floor":11},{"not_picked":["Meditate","SignatureMove"],"picked":"ForeignInfluence","floor":12},{"not_picked":["Halt","DeceiveReality"],"picked":"Protect","floor":13},{"not_picked":["Wish","MasterReality"],"picked":"Judgement","floor":16},{"not_picked":["Prostrate","JustLucky+1"],"picked":"Worship","floor":18},{"not_picked":["Sanctity","Crescendo+1"],"picked":"Vengeance","floor":24},{"not_picked":["EmptyMind","EmptyBody"],"picked":"Study","floor":27},{"not_picked":["PathToVictory","Indignation"],"picked":"EmptyBody","floor":30},{"not_picked":["Adaptation","LikeWater","Halt"],"picked":"SKIP","floor":31},{"not_picked":["Blasphemy","SpiritShield"],"picked":"Omniscience","floor":33},{"not_picked":["JustLucky","DeceiveReality+1","Tantrum+1"],"picked":"SKIP","floor":35},{"not_picked":["JustLucky","Tantrum+1"],"picked":"Evaluate","floor":37},{"not_picked":["PanicButton","Mayhem"],"picked":"Transmutation","floor":38},{"not_picked":["Twin Strike+1","Anger"],"picked":"Streamline+1","floor":40},{"not_picked":["Feel No Pain+1","True Grit"],"picked":"EmptyFist+1","floor":42},{"not_picked":["FollowUp+1","Evaluate","Dagger Spray"],"picked":"SKIP","floor":44}],"player_experience":82744,"relics_obtained":[{"floor":7,"key":"Oddly Smooth Stone"},{"floor":9,"key":"Happy Flower"},{"floor":11,"key":"Eternal Feather"},{"floor":21,"key":"Ornamental Fan"},{"floor":24,"key":"Ancient Tea Set"},{"floor":26,"key":"Matryoshka"},{"floor":30,"key":"Bronze Scales"},{"floor":40,"key":"Boot"},{"floor":43,"key":"Toy Ornithopter"},{"floor":43,"key":"Strawberry"},{"floor":44,"key":"Girya"}],"event_choices":[{"cards_removed":["Eruption"],"damage_healed":0,"gold_gain":0,"player_choice":"Took Card","damage_taken":0,"max_hp_gain":0,"max_hp_loss":0,"event_name":"NoteForYourself","floor":2,"gold_loss":0,"cards_obtained":["TheCursedMod:CircleOfFlame"]},{"damage_healed":0,"gold_gain":0,"player_choice":"Leave","damage_taken":0,"max_hp_gain":0,"max_hp_loss":0,"event_name":"The Cleric","floor":4,"gold_loss":0},{"damage_healed":0,"gold_gain":0,"player_choice":"Donut","damage_taken":0,"max_hp_gain":5,"max_hp_loss":0,"event_name":"Big Fish","floor":10,"gold_loss":0},{"damage_healed":0,"gold_gain":0,"player_choice":"Trade","damage_taken":0,"relics_obtained":["CultistMask"],"max_hp_gain":0,"max_hp_loss":0,"event_name":"FaceTrader","floor":19,"gold_loss":0},{"damage_healed":0,"gold_gain":0,"player_choice":"Inject Mutagens","damage_taken":0,"relics_obtained":["MutagenicStrength"],"max_hp_gain":0,"max_hp_loss":0,"event_name":"Drug Dealer","floor":28,"gold_loss":0},{"damage_healed":0,"gold_gain":0,"player_choice":"Embrace Madness","damage_taken":10,"max_hp_gain":0,"max_hp_loss":0,"event_name":"Winding Halls","floor":36,"gold_loss":0,"cards_obtained":["Madness","Madness"]},{"damage_healed":0,"gold_gain":0,"player_choice":"Memory 1","damage_taken":0,"max_hp_gain":0,"max_hp_loss":0,"event_name":"SensoryStone","floor":38,"gold_loss":0}],"is_beta":false,"boss_relics":[{"not_picked":["SlaversCollar","Black Star"],"picked":"Runic Pyramid"},{"not_picked":["Busted Crown","SacredBark"],"picked":"VioletLotus"}],"items_purged_floors":[14],"is_endless":false,"potions_floor_spawned":[3,11,13,16,24,31,33,35],"killed_by":"Spire Growth","ascension_level":0}}