{"host":"q75fusloz6zmuoth","time":1614247108,"event":{"mods":["BaseMod","Filter the Spire","Minty Spire (QoL Compilation)","Relic Stats","StSLib"],"gold_per_floor":[118,118,118,137,156,188,188,188,188],"floor_reached":8,"language":"ENG","playtime":508,"items_purged":[],"score":76,"play_id":"dc788f61-0cb6-411a-946a-5ab34aa341fc","local_time":"20210225105828","is_ascension_mode":true,"campfire_choices":[{"data":"Eruption","floor":7,"key":"SMITH"}],"circlet_count":0,"master_deck":["Strike_P","Strike_P","Strike_P","Eruption+1","Vigilance","SpiritShield+1","DeceiveReality+1","Scrawl+1","ThirdEye","Scrawl","TalkToTheHand","EmptyFist"],"relics":["Astrolabe","Dream Catcher"],"acts_visited":["Exordium"],"potions_floor_usage":[8],"damage_taken":[{"damage":0.0,"enemies":"2 Louse","floor":1.0,"turns":3.0},{"damage":0.0,"enemies":"Jaw Worm","floor":4.0,"turns":5.0},{"damage":0.0,"enemies":"Small Slimes","floor":5.0,"turns":4.0},{"damage":16.0,"enemies":"3 Sentries","floor":6.0,"turns":16.0},{"damage":57,"enemies":"Gremlin Nob","floor":8,"turns":6}],"seed_played":"4698062005297253458","potions_obtained":[{"floor":4.0,"key":"Block Potion"},{"floor":6,"key":"Fire Potion"}],"is_trial":false,"path_per_floor":["M","?","?","M","M","E","R","E"],"character_chosen":"WATCHER","items_purchased":[],"campfire_rested":0,"item_purchase_floors":[],"current_hp_per_floor":[65,65,58,58,58,42,42,0,0],"gold":188,"neow_bonus":"BOSS_RELIC","is_daily":false,"chose_seed":false,"campfire_upgraded":1,"win_rate":0.0,"timestamp":1614247108,"path_taken":["M","?","?","M","M","E","R","E"],"items_purchased_type":[],"build_version":"2020-12-22","purchased_purges":0,"victory":false,"max_hp_per_floor":[72,72,72,72,72,72,72,72,72],"relic_stats":{"Dream Catcher":0,"counters":[5,34],"Astrolabe":["SpiritShield","DeceiveReality","Scrawl"],"obtain_stats":[{"Dream Catcher":6,"Astrolabe":0,"PureWater":0},{"Dream Catcher":4,"Astrolabe":0,"PureWater":0},{"Dream Catcher":28,"Astrolabe":0,"PureWater":0}]},"card_choices":[{"not_picked":["JustLucky","CrushJoints"],"picked":"ThirdEye","floor":1.0},{"not_picked":["FlurryOfBlows","BowlingBash"],"picked":"TalkToTheHand","floor":4.0},{"not_picked":["PathToVictory","CutThroughFate"],"picked":"EmptyFist","floor":5.0},{"not_picked":["Consecrate","BowlingBash","SpiritShield"],"picked":"SKIP","floor":6}],"player_experience":675480,"relics_obtained":[{"floor":6,"key":"Dream Catcher"}],"event_choices":[{"damage_healed":0.0,"max_hp_gain":0.0,"max_hp_loss":0.0,"gold_gain":0.0,"cards_transformed":["Defend_P"],"event_name":"Living Wall","player_choice":"Change","floor":2.0,"gold_loss":0.0,"damage_taken":0.0,"cards_obtained":["Scrawl"]},{"cards_removed":["Defend_P"],"damage_healed":0.0,"max_hp_gain":0.0,"max_hp_loss":0.0,"gold_gain":0.0,"event_name":"Golden Wing","player_choice":"Card Removal","floor":3.0,"gold_loss":0.0,"damage_taken":7.0}],"is_beta":false,"boss_relics":[],"items_purged_floors":[],"is_endless":false,"potions_floor_spawned":[4,6],"killed_by":"Gremlin Nob","ascension_level":7}}