{"host":"to2s10i0cynxbiqz","time":1614244531,"event":{"mods":["BaseMod","Colored Powertips","Highlight Path","Minty Spire (QoL Compilation)","Quick Restart","StSLib","slay the spire mod where everything is the same but ironclad has a cowboy hat"],"gold_per_floor":[114,132,144,158,175,175,200,200,223,223,223],"floor_reached":10,"language":"ZHS","playtime":652,"items_purged":[],"score":102,"play_id":"dee7088e-151a-44eb-8d58-c70eb7803cc9","local_time":"20210225171531","is_ascension_mode":true,"campfire_choices":[{"data":"Armaments","floor":6,"key":"SMITH"},{"floor":8,"key":"REST"}],"circlet_count":0,"master_deck":["Strike_R","Strike_R","Strike_R","Strike_R","Strike_R","Defend_R","Defend_R","Defend_R","Defend_R","Bash","Armaments+1","Shrug It Off","Inflame","Infernal Blade"],"relics":["Burning Blood","NeowsBlessing","Smiling Mask"],"acts_visited":["Exordium"],"potions_floor_usage":[4,5],"damage_taken":[{"damage":0,"enemies":"Jaw Worm","floor":1,"turns":1},{"damage":0,"enemies":"Small Slimes","floor":2,"turns":1},{"damage":0,"enemies":"Cultist","floor":3,"turns":1},{"damage":6,"enemies":"3 Louse","floor":4,"turns":3},{"damage":15,"enemies":"Gremlin Gang","floor":5,"turns":5},{"damage":27,"enemies":"Lagavulin","floor":7,"turns":8},{"damage":43,"enemies":"Gremlin Nob","floor":10,"turns":5}],"seed_played":"7904806678245650275","potions_obtained":[{"floor":1,"key":"Fire Potion"},{"floor":2,"key":"Energy Potion"}],"is_trial":false,"path_per_floor":["M","M","M","M","M","R","E","R","T","E"],"character_chosen":"IRONCLAD","items_purchased":[],"campfire_rested":1,"item_purchase_floors":[],"current_hp_per_floor":[78,80,80,80,71,71,50,74,74,31,31],"gold":223,"neow_bonus":"THREE_ENEMY_KILL","is_daily":false,"chose_seed":false,"campfire_upgraded":1,"win_rate":0.0,"timestamp":1614244531,"path_taken":["M","M","M","M","M","R","E","R","T","E"],"items_purchased_type":[],"build_version":"2020-12-22","purchased_purges":0,"victory":false,"max_hp_per_floor":[80,80,80,80,80,80,80,80,80,80,80],"card_choices":[{"not_picked":["Evolve","Warcry"],"picked":"Armaments","floor":1},{"not_picked":["Thunderclap","Wild Strike","Anger"],"picked":"SKIP","floor":2},{"not_picked":["Twin Strike","Seeing Red"],"picked":"Shrug It Off","floor":3},{"not_picked":["Perfected Strike","Fire Breathing"],"picked":"Inflame","floor":4},{"not_picked":["Pommel Strike","Entrench"],"picked":"Infernal Blade","floor":5},{"not_picked":["Rage","Anger","Uppercut"],"picked":"SKIP","floor":7}],"player_experience":217132,"relics_obtained":[{"floor":7,"key":"Smiling Mask"}],"event_choices":[],"is_beta":false,"boss_relics":[],"items_purged_floors":[],"is_endless":false,"potions_floor_spawned":[1,2],"killed_by":"Gremlin Nob","ascension_level":9}}