{"host":"rmu5lyz1fk95wg3z","time":1614272104,"event":{"mods":["BaseMod","Bestiary","Clockwork Mod","Curses Come First","Minty Spire (QoL Compilation)","Relic Stats","StSLib"],"gold_per_floor":[117,129,129,139,154,187,187,221,248,21,21,0,0,0,0,0,0],"floor_reached":16,"language":"ENG","playtime":2924,"items_purged":["Clockwork:Shield"],"score":133,"play_id":"9ee5798f-ff6a-4b02-8284-3df3b9ecccdc","local_time":"20210225115504","is_ascension_mode":false,"campfire_choices":[{"data":"Clockwork:Tinker","floor":7,"key":"SMITH"},{"floor":13,"key":"REST"},{"data":"Clockwork:AdaptiveShield","floor":15,"key":"SMITH"}],"circlet_count":0,"master_deck":["Clockwork:Strike","Clockwork:Strike","Clockwork:Strike","Clockwork:Strike","Clockwork:Shield","Clockwork:Shield","Clockwork:Tinker+1","Clockwork:WarmUp","Clockwork:CogToss+1","Clockwork:QuantumStrike","Clockwork:AdaptiveShield+1","Clockwork:Roundhouse"],"relics":["Clockwork:MomentumEngine","Clockwork:Varja","PreservedInsect","Strawberry","Toy Ornithopter","TheAbacus","Clockwork:SomewhatSmoothStone"],"acts_visited":["Exordium"],"potions_floor_usage":[6,16],"damage_taken":[{"damage":0.0,"enemies":"2 Louse","floor":1.0,"turns":5.0},{"damage":1.0,"enemies":"Cultist","floor":2.0,"turns":8.0},{"damage":9.0,"enemies":"Jaw Worm","floor":4.0,"turns":6.0},{"damage":17.0,"enemies":"Lots of Slimes","floor":5.0,"turns":7.0},{"damage":33,"enemies":"3 Sentries","floor":6,"turns":9},{"damage":16,"enemies":"Lagavulin","floor":8,"turns":9},{"damage":0,"enemies":"Looter","floor":12,"turns":4},{"damage":61,"enemies":"Hexaghost","floor":16,"turns":14}],"seed_played":"6405315973196481905","potions_obtained":[{"floor":1.0,"key":"EssenceOfSteel"},{"floor":5.0,"key":"SkillPotion"}],"is_trial":false,"path_per_floor":["M","M","?","M","M","E","R","E","T","$","?","M","R","?","R","B"],"character_chosen":"CLOCKWORK","items_purchased":["TheAbacus"],"campfire_rested":1,"item_purchase_floors":[10],"current_hp_per_floor":[93,92,92,83,66,33,33,24,24,24,24,24,54,54,54,0,0],"gold":0,"neow_bonus":"TEN_PERCENT_HP_BONUS","is_daily":false,"chose_seed":false,"campfire_upgraded":2,"win_rate":0.0,"timestamp":1614272104,"path_taken":["M","M","?","M","?","E","R","E","T","$","?","?","R","?","R","BOSS"],"items_purchased_type":["Relic"],"build_version":"2020-12-22","purchased_purges":1,"victory":false,"max_hp_per_floor":[93,93,93,93,93,93,93,100,100,100,100,100,100,100,100,100,100],"relic_stats":{"TheAbacus":[30],"counters":[8,62],"PreservedInsect":28,"obtain_stats":[{"Clockwork:MomentumEngine":0,"TheAbacus":10,"Strawberry":8,"Clockwork:SomewhatSmoothStone":16,"Clockwork:Varja":4,"PreservedInsect":6,"Toy Ornithopter":9},{"Clockwork:MomentumEngine":0,"TheAbacus":6,"Strawberry":6,"Clockwork:SomewhatSmoothStone":8,"Clockwork:Varja":3,"PreservedInsect":5,"Toy Ornithopter":6},{"Clockwork:MomentumEngine":0,"TheAbacus":44,"Strawberry":44,"Clockwork:SomewhatSmoothStone":49,"Clockwork:Varja":14,"PreservedInsect":35,"Toy Ornithopter":44}],"Toy Ornithopter":5},"card_choices":[{"not_picked":["Clockwork:MechanicalBulk","Clockwork:CogBarrier"],"picked":"Clockwork:CraftVarja","floor":1.0},{"not_picked":["Clockwork:SystemHardening","Clockwork:Minimalism"],"picked":"Clockwork:CogToss","floor":2.0},{"not_picked":["Clockwork:AdaptiveCannon","Clockwork:SpurOn"],"picked":"Clockwork:QuantumStrike","floor":4.0},{"not_picked":["Clockwork:Enhance","Clockwork:EnthusiasticStrike"],"picked":"Clockwork:CraftSomewhatSmoothStone","floor":5.0},{"not_picked":["Clockwork:Improve","Clockwork:Strangle"],"picked":"Clockwork:AdaptiveShield","floor":6},{"not_picked":["Clockwork:LiteraryArmor","Clockwork:StasisBreak","Clockwork:Roundhouse"],"picked":"SKIP","floor":8},{"not_picked":["Clockwork:Redundancy","Clockwork:Scour","Clockwork:TestingEnvironment"],"picked":"SKIP","floor":12}],"player_experience":1356913,"relics_obtained":[{"floor":6,"key":"PreservedInsect"},{"floor":8,"key":"Strawberry"},{"floor":9,"key":"Toy Ornithopter"}],"event_choices":[{"damage_healed":0.0,"max_hp_gain":0.0,"max_hp_loss":0.0,"gold_gain":0.0,"event_name":"Match and Keep!","player_choice":"1 cards matched","floor":3.0,"gold_loss":0.0,"damage_taken":0.0,"cards_obtained":["Clockwork:CraftMomentumEngine"]},{"damage_healed":0,"gold_gain":0,"player_choice":"Forge","damage_taken":0,"max_hp_gain":0,"max_hp_loss":0,"event_name":"Accursed Blacksmith","floor":11,"gold_loss":0,"cards_upgraded":["Clockwork:CogToss"]},{"damage_healed":0,"gold_gain":0,"cards_transformed":["Clockwork:Shield"],"player_choice":"Transformed","damage_taken":0,"max_hp_gain":0,"max_hp_loss":0,"event_name":"Transmorgrifier","floor":14,"gold_loss":0,"cards_obtained":["Clockwork:Roundhouse"]}],"is_beta":false,"boss_relics":[],"items_purged_floors":[10],"is_endless":false,"potions_floor_spawned":[1,5],"killed_by":"Hexaghost","ascension_level":0}}