{"host":"5tnftuc8o0gay6lt","time":1614263224,"event":{"mods":["BaseMod","BetterRewards","Conspire","Marisa£®ÏF”Í°°ƒß¿Ì…≥£©","Minty Spire (QoL Compilation)","Permanent Neow","Relic Filter Mod","Spicy Shops","StSLib","The Runesmith","°æ“≈ŒÔø®≈∆°øREMEMod"],"gold_per_floor":[119,136,146,221,221,221,236,236,236,246,246,266,97,109,109,209,209,220,230,500,53,71,71,87,102,102,102,102,115,115,115],"floor_reached":30,"language":"ZHS","playtime":2182,"items_purged":["Runesmith:Defend_RS","Runesmith:Strike_RS","Runesmith:Defend_RS"],"score":326,"play_id":"1567ea2b-c570-4b34-bc18-ed843684b81e","local_time":"20210225222704","is_ascension_mode":false,"campfire_choices":[{"data":"Runesmith:CraftFirestone","floor":6.0,"key":"SMITH"},{"data":"Runesmith:MetallurgicalResearch","floor":8.0,"key":"SMITH"},{"data":"Runesmith:Permafrost","floor":11.0,"key":"SMITH"},{"data":"Runesmith:Firestorm","floor":15,"key":"SMITH"},{"data":"Runesmith:Fortify","floor":23,"key":"SMITH"}],"circlet_count":0,"master_deck":["Runesmith:Strike_RS","Runesmith:Strike_RS","Runesmith:Strike_RS","Runesmith:Defend_RS","Runesmith:CraftFirestone+1","Runesmith:Fortify+1","Runesmith:PoweredAnvil+1","Runesmith:MetallurgicalResearch+1","Runesmith:EarthShield","Runesmith:CraftProtectio","Runesmith:Permafrost+1","Runesmith:PoweredAnvil","Runesmith:Firestorm+1","Runesmith:PoweredAnvil","Runesmith:CraftIndustria","Runesmith:Accelerate","Runesmith:WhiteBalance","Decay"],"relics":["Runesmith:BrokenRuby","REME_ComplimentaryCards","Gremlin Horn","conspire:RunicOctahedron","conspire:BottledYoYo","Toxic Egg 2"],"acts_visited":["Exordium","TheCity"],"potions_floor_usage":[14,22,29],"damage_taken":[{"damage":5.0,"enemies":"Small Slimes","floor":1.0,"turns":4.0},{"damage":0.0,"enemies":"conspire:RoseBush","floor":2.0,"turns":3.0},{"damage":8.0,"enemies":"Jaw Worm","floor":3.0,"turns":5.0},{"damage":4.0,"enemies":"Blue Slaver","floor":7.0,"turns":4.0},{"damage":14.0,"enemies":"Exordium Thugs","floor":10.0,"turns":3.0},{"damage":0.0,"enemies":"Large Slime","floor":12.0,"turns":4.0},{"damage":1,"enemies":"Looter","floor":14,"turns":4},{"damage":8,"enemies":"Hexaghost","floor":16,"turns":10},{"damage":8,"enemies":"conspire:FuzzyDice","floor":18,"turns":8},{"damage":1,"enemies":"Chosen","floor":19,"turns":8},{"damage":10,"enemies":"Shelled Parasite and Fungi","floor":22,"turns":6},{"damage":11,"enemies":"Snecko","floor":24,"turns":5},{"damage":0,"enemies":"conspire:HollyBat","floor":25,"turns":9},{"damage":7,"enemies":"Centurion and Healer","floor":29,"turns":8},{"damage":5,"enemies":"Shelled Parasite and Fungi","floor":30,"turns":2}],"seed_played":"2551415229630423061","potions_obtained":[{"floor":2.0,"key":"FearPotion"},{"floor":3.0,"key":"SneckoOil"},{"floor":12.0,"key":"SkillPotion"},{"floor":18,"key":"LiquidBronze"},{"floor":22,"key":"Explosive Potion"}],"is_trial":false,"path_per_floor":["M","M","M","?","?","R","M","R","T","M","R","M","$","M","R","B",null,"M","M","?","$","M","R","M","M","T","?","?","M","M"],"character_chosen":"RUNESMITH_CLASS","items_purchased":["Runesmith:PoweredAnvil","Runesmith:Firestorm","conspire:BottledYoYo","Runesmith:WhiteBalance"],"campfire_rested":0,"item_purchase_floors":[0,13,21,21],"current_hp_per_floor":[65,65,57,46,46,46,42,42,42,28,28,28,28,27,27,19,70,62,61,34,34,24,24,13,13,13,13,13,6,1,1],"gold":115,"neow_bonus":"","is_daily":false,"chose_seed":false,"campfire_upgraded":5,"win_rate":0.0,"timestamp":1614263224,"path_taken":["M","M","M","?","?","R","M","R","T","M","R","M","?","M","R","BOSS","M","M","?","$","M","R","M","?","T","?","?","M","M"],"items_purchased_type":["Card","Card","Relic","Card"],"build_version":"2020-12-22","purchased_purges":3,"victory":false,"max_hp_per_floor":[70,70,70,70,70,70,70,70,70,70,70,70,70,70,70,70,70,70,70,70,70,70,70,70,70,70,70,70,70,70,70],"card_choices":[{"not_picked":["Runesmith:MakeshiftArmor","Runesmith:CraftMagma"],"picked":"Runesmith:EarthShield","floor":1.0},{"not_picked":["Runesmith:ShiftingStrike","Runesmith:Prism"],"picked":"Runesmith:CraftProtectio","floor":2.0},{"not_picked":["Runesmith:ShiftingStrike","Runesmith:HammerTime","Runesmith:Overpower"],"picked":"SKIP","floor":3.0},{"not_picked":["Runesmith:Malloc","Runesmith:HeatExchange","Runesmith:RuneHurl"],"picked":"SKIP","floor":7.0},{"not_picked":["Runesmith:CraftMagma","Runesmith:Terraform"],"picked":"Runesmith:Permafrost","floor":10.0},{"not_picked":["Runesmith:RuneHurl","Runesmith:Refine"],"picked":"Runesmith:PoweredAnvil","floor":12.0},{"not_picked":["Runesmith:CraftIncendium","Runesmith:Attraction"],"picked":"Runesmith:PoweredAnvil","floor":14},{"not_picked":["Runesmith:ReplicatingBarrier","Runesmith:MetallurgicalResearch"],"picked":"Runesmith:CraftIndustria","floor":16},{"not_picked":["Runesmith:Reinforce+1","Runesmith:HeatExchange"],"picked":"Runesmith:Accelerate","floor":18},{"not_picked":["Runesmith:EnergizedChisel","Runesmith:Repurpose","Runesmith:NegativeSpace"],"picked":"SKIP","floor":19},{"not_picked":["Runesmith:StaticCage","Runesmith:Superposition+1","Runesmith:Repurpose+1"],"picked":"SKIP","floor":22},{"not_picked":["Runesmith:StaticCage","Runesmith:WhiteBalance+1","Runesmith:FissionHammer"],"picked":"SKIP","floor":24},{"not_picked":["Runesmith:StaticCage","Runesmith:ShiftingStrike","Runesmith:PerfectChisel"],"picked":"SKIP","floor":25},{"not_picked":["Runesmith:ChargedHammer","Runesmith:RuneHurl","Runesmith:CraftVitae+1"],"picked":"SKIP","floor":29}],"player_experience":610403,"relics_obtained":[{"floor":9.0,"key":"Gremlin Horn"},{"floor":26,"key":"Toxic Egg 2"}],"event_choices":[{"damage_healed":0.0,"max_hp_gain":0.0,"max_hp_loss":0.0,"gold_gain":75.0,"event_name":"World of Goop","player_choice":"Gather Gold","floor":4.0,"gold_loss":0.0,"damage_taken":11.0},{"damage_healed":0.0,"max_hp_gain":0.0,"max_hp_loss":0.0,"gold_gain":0.0,"event_name":"Living Wall","player_choice":"Grow","floor":5.0,"gold_loss":0.0,"damage_taken":0.0,"cards_upgraded":["Runesmith:PoweredAnvil"]},{"damage_healed":0,"gold_gain":270,"player_choice":"GOLD GOLD GOLD ","damage_taken":27,"max_hp_gain":0,"max_hp_loss":0,"event_name":"Knowing Skull","floor":20,"potions_obtained":[],"gold_loss":0,"cards_obtained":[]},{"damage_healed":0,"gold_gain":0,"player_choice":"Ignored","damage_taken":0,"max_hp_gain":0,"max_hp_loss":0,"event_name":"Ghosts","floor":27,"gold_loss":0},{"damage_healed":0,"gold_gain":0,"player_choice":"Smashed Altar","damage_taken":0,"max_hp_gain":0,"max_hp_loss":0,"event_name":"Forgotten Altar","floor":28,"gold_loss":0,"cards_obtained":["Decay"]}],"is_beta":false,"boss_relics":[{"not_picked":["Coffee Dripper","Black Star"],"picked":"conspire:RunicOctahedron"}],"items_purged_floors":[0,13,21],"is_endless":false,"potions_floor_spawned":[2,3,12,18,22],"killed_by":"Shelled Parasite and Fungi","ascension_level":0}}