{"host":"w7dhjqgqsib0c3vt","time":1614250757,"event":{"mods":["ATMod(°¢èªMod)","BaseMod","Dota2Spire","Minty Spire (QoL Compilation)","Replay The Spire","Shop Mod","Spicy Shops","StSLib","The Marked"],"gold_per_floor":[113,113,40,55,68,68,84,109,109,123,156,231,248,283,283,388,388,401,414,439,500,518,518,518],"floor_reached":23,"language":"ZHS","playtime":1779,"items_purged":[],"score":203,"play_id":"127ad822-421a-47f0-806d-8e047e304ea0","local_time":"20210225185917","is_ascension_mode":false,"campfire_choices":[{"data":"theMarked:StartUp","floor":6.0,"key":"SMITH"},{"floor":15,"key":"REST"}],"circlet_count":0,"master_deck":["theMarked:Strike","theMarked:Strike","theMarked:Strike","theMarked:Strike","theMarked:Strike","theMarked:Defend","theMarked:Defend","theMarked:Defend","theMarked:SoldierOfQuellstein","AT_DrawKnifeCut","Mind Blast","theMarked:StartUp+1","theMarked:ShockingTouch","theMarked:WastefulAttack","theMarked:Generate","theMarked:Heritage","theMarked:BiggerThanFate+1","theMarked:Static","theMarked:BanishingStrike","theMarked:Friction","theMarked:MagusForm+1","theMarked:Frustration","theMarked:Aftermath","theMarked:BanishingStrike+1"],"relics":["theMarked:ArtifactOfAir","AT_ATBox","AT_ChloranthyRing","Golden Egg","Dota2Spire:ArcaneBoots","AT_TimeSand","Replay:Bronze Core","Red Mask","Nunchaku"],"acts_visited":["Exordium","TheCity"],"potions_floor_usage":[13,16,16,18,19,22,22,23],"damage_taken":[{"damage":6.0,"enemies":"Jaw Worm","floor":1.0,"turns":3.0},{"damage":0.0,"enemies":"Cultist","floor":4.0,"turns":2.0},{"damage":0.0,"enemies":"2 Louse","floor":5.0,"turns":1.0},{"damage":0.0,"enemies":"Gremlin Gang","floor":7.0,"turns":1.0},{"damage":1.0,"enemies":"Exordium Thugs","floor":10.0,"turns":4.0},{"damage":31.0,"enemies":"Lagavulin","floor":11.0,"turns":4.0},{"damage":0,"enemies":"Looter","floor":13,"turns":2},{"damage":20,"enemies":"3 Sentries","floor":14,"turns":5},{"damage":28,"enemies":"Fading Forest","floor":16,"turns":11},{"damage":11,"enemies":"Shell Parasite","floor":18,"turns":3},{"damage":19,"enemies":"2 Thieves","floor":19,"turns":3},{"damage":35,"enemies":"Masked Bandits","floor":20,"turns":5},{"damage":0,"enemies":"3 Cultists","floor":22,"turns":4},{"damage":10,"enemies":"Replay:Snechameleon","floor":23,"turns":2}],"seed_played":"3751326402290219759","potions_obtained":[{"floor":4.0,"key":"Explosive Potion"},{"floor":10.0,"key":"SpeedPotion"},{"floor":13,"key":"Weak Potion"},{"floor":14,"key":"ColorlessPotion"},{"floor":16,"key":"ColorlessPotion"},{"floor":18,"key":"SteroidPotion"},{"floor":21,"key":"Strength Potion"},{"floor":21,"key":"LifebloodPotion"},{"floor":22,"key":"Block Potion"}],"is_trial":false,"path_per_floor":["M","?","$","M","M","R","M","T","T","M","E","?","M","E","R","B",null,"M","M","?","?","M","E"],"character_chosen":"THE_DEFAULT","items_purchased":["theMarked:ShockingTouch"],"campfire_rested":1,"item_purchase_floors":[3],"current_hp_per_floor":[66,66,66,66,66,66,66,66,66,65,34,27,27,7,28,10,72,61,42,7,7,7,0,0],"gold":518,"neow_bonus":"RANDOM_COLORLESS","is_daily":false,"chose_seed":false,"campfire_upgraded":1,"win_rate":0.0,"timestamp":1614250757,"path_taken":["M","?","$","M","?","R","M","?","T","M","E","?","?","E","R","BOSS","M","M","?","?","?","E"],"items_purchased_type":["Card"],"build_version":"2020-12-22","purchased_purges":0,"victory":false,"max_hp_per_floor":[72,72,72,72,72,72,72,72,72,72,72,72,72,72,72,72,72,72,72,72,72,72,72,72],"card_choices":[{"not_picked":["Finesse","Bandage Up"],"picked":"Mind Blast","floor":0.0},{"not_picked":["theMarked:Improvise","theMarked:Electrocute"],"picked":"theMarked:StartUp","floor":1.0},{"not_picked":["theMarked:RepellingDischarge","theMarked:ElectricStrings"],"picked":"theMarked:WastefulAttack","floor":4.0},{"not_picked":["theMarked:Determination","theMarked:RepellingDischarge"],"picked":"theMarked:Generate","floor":5.0},{"not_picked":["theMarked:RepellingDischarge","theMarked:SwordAndMagic"],"picked":"theMarked:Heritage","floor":7.0},{"not_picked":["theMarked:TakeCover","theMarked:RepellingDischarge"],"picked":"theMarked:BiggerThanFate","floor":10.0},{"not_picked":["theMarked:SwordAndMagic","theMarked:DispelDoubt"],"picked":"theMarked:Static","floor":11.0},{"not_picked":["theMarked:WastefulAttack","theMarked:ChainLightning"],"picked":"theMarked:BanishingStrike","floor":13},{"not_picked":["theMarked:ParalyzingBlade","theMarked:RepellingDischarge"],"picked":"theMarked:Friction","floor":14},{"not_picked":["theMarked:TurnInvisible","theMarked:Defy"],"picked":"theMarked:MagusForm","floor":16},{"not_picked":["theMarked:RepellingDischarge","theMarked:Generate"],"picked":"theMarked:Frustration","floor":18},{"not_picked":["theMarked:Reabsorb","theMarked:WastefulAttack+1"],"picked":"theMarked:Aftermath","floor":19},{"not_picked":["theMarked:ChainLightning","theMarked:Abjuration"],"picked":"theMarked:BanishingStrike+1","floor":21},{"not_picked":["theMarked:Standoff","theMarked:StartUp","theMarked:TakeCover"],"picked":"SKIP","floor":22}],"player_experience":641512,"relics_obtained":[{"floor":8.0,"key":"AT_ChloranthyRing"},{"floor":9.0,"key":"Golden Egg"},{"floor":11.0,"key":"Dota2Spire:ArcaneBoots"},{"floor":14,"key":"AT_TimeSand"},{"floor":20,"key":"Red Mask"},{"floor":21,"key":"Nunchaku"}],"event_choices":[{"cards_removed":["theMarked:Defend"],"damage_healed":0.0,"max_hp_gain":0.0,"max_hp_loss":0.0,"gold_gain":0.0,"event_name":"Purifier","player_choice":"Purged","floor":2.0,"gold_loss":0.0,"damage_taken":0.0},{"damage_healed":0,"gold_gain":75,"player_choice":"Touch","damage_taken":7,"max_hp_gain":0,"max_hp_loss":0,"event_name":"FaceTrader","floor":12,"gold_loss":0},{"damage_healed":0,"gold_gain":0,"player_choice":"Fought Bandits","damage_taken":0,"max_hp_gain":0,"max_hp_loss":0,"event_name":"Masked Bandits","floor":20,"gold_loss":0}],"is_beta":false,"boss_relics":[{"not_picked":["Kintsugi","Snecko Eye"],"picked":"Replay:Bronze Core"}],"items_purged_floors":[],"is_endless":false,"potions_floor_spawned":[4,10,13,14,16,18,22],"killed_by":"Replay:Snechameleon","ascension_level":0}}