{"host":"6q9h3h73mwjrc2ra","time":1614257990,"event":{"mods":["AchievementEnabler","Act Like it!","BaseMod","BetterRewards","Colored Map","Colored Powertips","DeckTracker","Keyboard Shortcuts","Library of Ruina","Library of Ruina Extra","Minty Spire (QoL Compilation)","Permanent Neow","Replay The Spire","Shop Mod","StSLib","SuperFastMode"],"gold_per_floor":[117,292,307,36,36,36,68,68,118,118,132,190,216,235,235,332,332,351,123,123,141,157,157,192,192,219,219,219],"floor_reached":27,"language":"KOR","playtime":1681,"items_purged":["Doubt","LightDefense"],"score":380,"play_id":"2a7e7637-4c3f-4fb3-90cc-74e0e06ea7e2","local_time":"20210225215950","is_ascension_mode":true,"campfire_choices":[{"data":"ForTheFamily","floor":6.0,"key":"SMITH"},{"data":"RagingStormLove","floor":10.0,"key":"SMITH"},{"data":"UnavoidableGaze","floor":15,"key":"SMITH"},{"data":"Mind Blast","floor":23,"key":"SMITH"},{"data":"SunsetBlade","floor":25,"key":"SMITH"}],"circlet_count":0,"master_deck":["Dodge","LightAttack","LightAttack","LightAttack","LightDefense","LightDefense","ChargeAndCover","FocusedStrikes","RagingStormLove+1","ForTheFamily+1","FrontalAssault","Leap_lor","SunsetBlade+1","Leap_lor+1","SnakeSlit","UnavoidableGaze+1","Venomology","Concentration","EnergyShield","SilentMist","DesperateStruggle","Mind Blast+1","Multislash"],"relics":["PageOfLibrarian","PrismaticShard","HornCleat","PageOfGreed","PageOfTheQueenOfHatred","PageOfSingingMachine","PageOfTheKnightOfDespair","Busted Crown","PageOfWrath","Blue Doll"],"acts_visited":["Exordium","TheCity"],"potions_floor_usage":[16,18,22,24,24,27,27],"damage_taken":[{"damage":0.0,"enemies":"Small Slimes","floor":1.0,"turns":3.0},{"damage":0.0,"enemies":"2 Louse","floor":3.0,"turns":1.0},{"damage":0.0,"enemies":"3 Sentries","floor":7.0,"turns":1.0},{"damage":0.0,"enemies":"Jaw Worm","floor":11.0,"turns":2.0},{"damage":16.0,"enemies":"Lagavulin Event","floor":12.0,"turns":4.0},{"damage":0.0,"enemies":"Gremlin Nob","floor":13.0,"turns":3.0},{"damage":0,"enemies":"Large Slime","floor":14,"turns":3},{"damage":4,"enemies":"Hexaghost","floor":16,"turns":4},{"damage":3,"enemies":"Chosen","floor":18,"turns":2},{"damage":0,"enemies":"3 Byrds","floor":21,"turns":3},{"damage":16,"enemies":"Snake Plant","floor":22,"turns":2},{"damage":2,"enemies":"Slavers","floor":24,"turns":2},{"damage":109,"enemies":"Book of Stabbing","floor":27,"turns":10}],"seed_played":"-5330307714676336286","potions_obtained":[{"floor":3.0,"key":"Swift Potion"},{"floor":11.0,"key":"Doom Potion"},{"floor":12.0,"key":"Block Potion"},{"floor":22,"key":"LifebloodPotion"}],"is_trial":false,"path_per_floor":["M","?","M","$","?","R","E","?","T","R","M","?","E","M","R","B",null,"M","$","?","M","M","R","E","R","T","E"],"character_chosen":"Librarian","items_purchased":["Leap_lor","PrismaticShard","EnergyShield","SilentMist"],"campfire_rested":0,"item_purchase_floors":[4,4,19,19],"current_hp_per_floor":[60,60,60,60,53,53,53,53,53,53,56,44,46,49,49,50,88,85,85,68,72,59,59,60,60,60,0,0],"gold":219,"neow_bonus":"ONE_RANDOM_RARE_CARD","is_daily":false,"chose_seed":false,"campfire_upgraded":5,"win_rate":0.0,"timestamp":1614257990,"path_taken":["M","?","M","$","?","R","E","?","T","R","M","?","E","M","R","BOSS","M","$","?","M","M","R","E","R","T","E"],"items_purchased_type":["Card","Relic","Card","Card"],"build_version":"2020-12-22","purchased_purges":2,"victory":false,"max_hp_per_floor":[77,77,77,77,77,77,77,77,77,77,77,77,77,77,88,88,88,88,88,93,93,93,93,93,93,93,93,93],"card_choices":[{"not_picked":["AlloutWar","VioletBlade","SunsetBlade"],"picked":"ForTheFamily","floor":1.0},{"not_picked":["SearingSword","Clone","PinpointShot"],"picked":"FrontalAssault","floor":3.0},{"not_picked":["Rebound","FlurryOfBlows","RatsGuideToSurvival"],"picked":"SunsetBlade","floor":7.0},{"not_picked":["Uppercut","Blood for Blood","Twin Strike","LoosenUp"],"picked":"SKIP","floor":11.0},{"not_picked":["Uppercut","Blood for Blood","Twin Strike","LoosenUp"],"picked":"SKIP","floor":11.0},{"not_picked":["FlyingSleeves","FollowUp","Cold Snap"],"picked":"SnakeSlit","floor":13.0},{"not_picked":["FollowUp","SpearedSweep","WreathOfFlame"],"picked":"UnavoidableGaze","floor":14},{"not_picked":["Juggernaut","Feed"],"picked":"Venomology","floor":16},{"not_picked":["Noxious Fumes"],"picked":"Concentration","floor":18},{"not_picked":["Run Through"],"picked":"DesperateStruggle","floor":21},{"not_picked":["Establishment"],"picked":"Mind Blast","floor":22},{"not_picked":["Flex"],"picked":"Multislash","floor":24}],"player_experience":108781,"relics_obtained":[{"floor":7.0,"key":"PageOfGreed"},{"floor":9.0,"key":"PageOfTheQueenOfHatred"},{"floor":13.0,"key":"PageOfTheKnightOfDespair"},{"floor":24,"key":"PageOfWrath"},{"floor":26,"key":"Blue Doll"}],"event_choices":[{"damage_healed":0.0,"max_hp_gain":0.0,"max_hp_loss":0.0,"gold_gain":175.0,"event_name":"Liars Game","player_choice":"AGREE","floor":2.0,"gold_loss":0.0,"damage_taken":0.0,"cards_obtained":["Doubt"]},{"damage_healed":0.0,"max_hp_gain":0.0,"max_hp_loss":0.0,"gold_gain":0.0,"event_name":"Scrap Ooze","player_choice":"Success","floor":5.0,"gold_loss":0.0,"damage_taken":7.0,"relics_obtained":["HornCleat"]},{"damage_healed":0.0,"max_hp_gain":0.0,"max_hp_loss":0.0,"gold_gain":30.0,"event_name":"Dead Adventurer","player_choice":"Searched \u00273\u0027 times","floor":12.0,"gold_loss":0.0,"damage_taken":0.0,"relics_obtained":["PageOfSingingMachine"]},{"damage_healed":0,"gold_gain":0,"player_choice":"Shed Blood","damage_taken":22,"max_hp_gain":5,"max_hp_loss":0,"event_name":"Forgotten Altar","floor":20,"gold_loss":0}],"is_beta":false,"boss_relics":[{"not_picked":["ReplayTheSpireMod:DimensionalGlitch","Replay:Drink Me"],"picked":"Busted Crown"}],"items_purged_floors":[4,19],"is_endless":false,"potions_floor_spawned":[3,11,12,14,22],"killed_by":"Book of Stabbing","ascension_level":1}}