{"host":"ttzdpsscxkem3xrs","time":1614233796,"event":{"mods":["BaseMod","Colored Map","Downfall","Hermit","Minty Spire (QoL Compilation)","Replay The Spire","StSLib","The Cursed","The Hierophant"],"gold_per_floor":[114,114,114,5,5,5,35,35,35,53,53,68,68,68,68,164,164,177,177,194,194,194,221,221,231,258,3,16,16,42,42,42,137,137,156,206,33,33,33,33,65,65,89,117,136,0,13,313,313,313,313],"floor_reached":50,"language":"ENG","playtime":2547,"items_purged":["hermit:Defend_Hermit","Pain","hermit:Defend_Hermit"],"score":691,"play_id":"66d45606-65d5-43ef-a2a1-be927fe889e6","local_time":"20210224221636","is_ascension_mode":true,"campfire_choices":[{"data":"hermit:TakeAim","floor":6.0,"key":"SMITH"},{"data":"hermit:Combo","floor":11.0,"key":"SMITH"},{"data":"hermit:Vantage","floor":15.0,"key":"SMITH"},{"floor":24.0,"key":"REST"},{"floor":29.0,"key":"REST"},{"floor":32.0,"key":"REST"},{"floor":40,"key":"REST"},{"floor":42,"key":"REST"},{"floor":49,"key":"REST"}],"circlet_count":0,"master_deck":["hermit:Strike_Hermit","hermit:Strike_Hermit","hermit:Strike_Hermit","hermit:Strike_Hermit","hermit:Defend_Hermit","hermit:Defend_Hermit","hermit:Snapshot","hermit:Covet+1","hermit:TakeAim+1","hermit:Combo+1","hermit:Determination","hermit:Vantage+1","hermit:Gambit","hermit:Deadeye","hermit:Determination+1","hermit:WideOpen+1","hermit:BigShot+1","hermit:Adapt+1","hermit:EyeOfTheStorm","hermit:GhostlyPresence+1","hermit:Roughhouse","hermit:FlashPowder","hermit:FlashPowder+1","hermit:Roulette+1"],"relics":["hermit:Momento","NeowsBlessing","StrikeDummy","ReplayTheSpireMod:Ninjato","WarpedTongs","Frozen Egg 2","Fusion Hammer","Kunai","InkBottle","PreservedInsect","OrangePellets","Replay:Wax Seal","SlaversCollar","Torii","ReplayTheSpireMod:Lightbulb","Strawberry","Juzu Bracelet","Red Mask"],"acts_visited":["Exordium","TheCity","TheBeyond"],"potions_floor_usage":[41,41,45],"damage_taken":[{"damage":0.0,"enemies":"Cultist","floor":1.0,"turns":1.0},{"damage":0.0,"enemies":"3 Sentries","floor":7.0,"turns":1.0},{"damage":0.0,"enemies":"Jaw Worm","floor":10.0,"turns":1.0},{"damage":6.0,"enemies":"2 Louse","floor":12.0,"turns":2.0},{"damage":32.0,"enemies":"Hexaghost","floor":16.0,"turns":13.0},{"damage":5.0,"enemies":"3 Byrds","floor":18.0,"turns":4.0},{"damage":3.0,"enemies":"Spheric Guardian","floor":20.0,"turns":3.0},{"damage":30.0,"enemies":"Book of Stabbing","floor":23.0,"turns":5.0},{"damage":19.0,"enemies":"Chosen and Byrds","floor":25.0,"turns":4.0},{"damage":0.0,"enemies":"Snake Plant","floor":28.0,"turns":2.0},{"damage":27.0,"enemies":"Gremlin Leader","floor":30.0,"turns":5.0},{"damage":29.0,"enemies":"Automaton","floor":33.0,"turns":7.0},{"damage":22,"enemies":"3 Darklings","floor":35,"turns":6},{"damage":34,"enemies":"Mind Bloom Boss Battle","floor":36,"turns":5},{"damage":28,"enemies":"Nemesis","floor":41,"turns":5},{"damage":18,"enemies":"Reptomancer","floor":44,"turns":5},{"damage":17,"enemies":"3 Shapes","floor":45,"turns":6},{"damage":1,"enemies":"3 Darklings","floor":47,"turns":6},{"damage":43,"enemies":"Donu and Deca","floor":50,"turns":2}],"seed_played":"4758017053336394527","potions_obtained":[{"floor":1.0,"key":"Guardian:BlockOnCardUsePotion"},{"floor":7.0,"key":"champ:CounterPotion"},{"floor":10.0,"key":"Fire Potion"},{"floor":23.0,"key":"Fire Potion"},{"floor":25.0,"key":"BlessingOfTheForge"},{"floor":35,"key":"EssenceOfSteel"},{"floor":44,"key":"hexamod:SoulburnPotion"},{"floor":45,"key":"SpeedPotion"}],"is_trial":false,"path_per_floor":["M","T","?","$","?","R","E","?","T","M","R","M","$","?","R","B",null,"M","?","M","?","T","E","R","M","T","$","M","R","E","?","R_BF","B",null,"M","?","$","?","$","R","E","R","T","E","M","?","M","?","R","B"],"character_chosen":"HERMIT","items_purchased":["hermit:Combo","OrangePellets","Adrenaline Potion"],"campfire_rested":6,"item_purchase_floors":[4,27,37],"current_hp_per_floor":[75,75,75,75,75,75,75,75,75,75,75,69,69,69,69,37,75,70,70,67,67,67,37,59,40,40,40,40,62,35,35,57,28,75,53,19,19,19,19,41,13,35,42,24,7,7,6,6,30,0,0],"gold":313,"neow_bonus":"THREE_ENEMY_KILL","is_daily":false,"chose_seed":false,"campfire_upgraded":3,"win_rate":0.0,"timestamp":1614233796,"path_taken":["M","?","?","$","?","R","E","?","T","M","R","?","$","?","R","BOSS","M","?","M","?","?","E","R","?","T","?","M","R","E","?","R_BF","BOSS","M","?","$","?","?","R","E","R","T","E","M","?","M","?","R","BOSS"],"items_purchased_type":["Card","Relic","Potion"],"build_version":"2020-12-22","purchased_purges":3,"victory":false,"max_hp_per_floor":[75,75,75,75,75,75,75,75,75,75,75,75,75,75,75,75,75,75,75,75,75,75,75,75,75,75,75,75,75,75,75,75,75,75,75,75,75,75,75,75,75,75,82,82,82,82,82,82,82,82,82],"card_choices":[{"not_picked":["hermit:SprayPray","hermit:TrackingShot"],"picked":"hermit:TakeAim","floor":1.0},{"not_picked":["hermit:Coalescence","hermit:Quickdraw"],"picked":"hermit:Determination","floor":7.0},{"not_picked":["hermit:CalledShot","hermit:Dissolve","hermit:Feint"],"picked":"SKIP","floor":10.0},{"not_picked":["hermit:Snipe","hermit:SprayPray"],"picked":"hermit:Vantage","floor":12.0},{"not_picked":["hermit:Magnum","hermit:Purgatory"],"picked":"hermit:Gambit","floor":16.0},{"not_picked":["hermit:Headshot","hermit:Grudge+1","hermit:CursedWeapon"],"picked":"SKIP","floor":18.0},{"not_picked":["hermit:Cheat","hermit:ItchyTrigger+1"],"picked":"hermit:Deadeye","floor":20.0},{"not_picked":["hermit:FinalCanter","hermit:Coalescence"],"picked":"hermit:WideOpen+1","floor":23.0},{"not_picked":["hermit:BodyArmor","hermit:TrackingShot","hermit:FinalCanter"],"picked":"SKIP","floor":25.0},{"not_picked":["hermit:BodyArmor","hermit:Grudge+1","hermit:Malice"],"picked":"SKIP","floor":28.0},{"not_picked":["hermit:CursedWeapon","hermit:Gestalt"],"picked":"hermit:BigShot+1","floor":30.0},{"not_picked":["hermit:BlackWind","hermit:OverwhelmingPower+1"],"picked":"hermit:Adapt+1","floor":33.0},{"not_picked":["hermit:Vantage","hermit:Coalescence+1"],"picked":"hermit:EyeOfTheStorm","floor":35},{"not_picked":["hermit:EyeOfTheStorm+1","hermit:Cheat"],"picked":"hermit:GhostlyPresence+1","floor":36},{"not_picked":["hermit:Manifest","hermit:Spite"],"picked":"hermit:Roughhouse","floor":41},{"not_picked":["hermit:Coalescence","hermit:HoleUp+1"],"picked":"hermit:FlashPowder","floor":44},{"not_picked":["hermit:FullyLoaded","hermit:TakeCover"],"picked":"hermit:FlashPowder+1","floor":45},{"not_picked":["hermit:SprayPray","hermit:Feint+1"],"picked":"hermit:Roulette+1","floor":47}],"player_experience":1456203,"relics_obtained":[{"floor":2.0,"key":"StrikeDummy"},{"floor":7.0,"key":"ReplayTheSpireMod:Ninjato"},{"floor":9.0,"key":"Frozen Egg 2"},{"floor":22.0,"key":"Kunai"},{"floor":23.0,"key":"InkBottle"},{"floor":26.0,"key":"PreservedInsect"},{"floor":30.0,"key":"Replay:Wax Seal"},{"floor":36,"key":"Torii"},{"floor":41,"key":"ReplayTheSpireMod:Lightbulb"},{"floor":43,"key":"Strawberry"},{"floor":44,"key":"Juzu Bracelet"}],"event_choices":[{"damage_healed":0.0,"max_hp_gain":0.0,"max_hp_loss":0.0,"gold_gain":0.0,"event_name":"Accursed Blacksmith","player_choice":"Rummage","floor":8.0,"gold_loss":0.0,"damage_taken":0.0,"relics_obtained":["WarpedTongs"],"cards_obtained":["Pain"]},{"damage_healed":0.0,"max_hp_gain":0.0,"max_hp_loss":0.0,"gold_gain":0.0,"event_name":"Liars Game","player_choice":"Ignored","floor":14.0,"gold_loss":0.0,"damage_taken":0.0},{"damage_healed":0.0,"max_hp_gain":0.0,"max_hp_loss":0.0,"gold_gain":0.0,"event_name":"Vampires","player_choice":"Ignored","floor":19.0,"gold_loss":0.0,"damage_taken":0.0},{"damage_healed":0.0,"max_hp_gain":0.0,"max_hp_loss":0.0,"gold_gain":0.0,"event_name":"The Library","player_choice":"Read","floor":21.0,"gold_loss":0.0,"damage_taken":0.0,"cards_obtained":["hermit:Determination"]},{"damage_healed":0,"gold_gain":0,"player_choice":"Fight","damage_taken":0,"max_hp_gain":0,"max_hp_loss":0,"event_name":"MindBloom","floor":36,"gold_loss":0},{"damage_healed":0,"gold_gain":0,"player_choice":"Ignored","damage_taken":0,"max_hp_gain":0,"max_hp_loss":0,"event_name":"Mysterious Sphere","floor":38,"gold_loss":0},{"damage_healed":0,"gold_gain":0,"player_choice":"Paid","damage_taken":0,"relics_obtained":["Red Mask"],"max_hp_gain":0,"max_hp_loss":0,"event_name":"Tomb of Lord Red Mask","floor":46,"gold_loss":136},{"damage_healed":0,"gold_gain":300,"player_choice":"Gold","damage_taken":0,"max_hp_gain":0,"max_hp_loss":0,"event_name":"Wheel of Change","floor":48,"gold_loss":0}],"is_beta":false,"boss_relics":[{"not_picked":["hermit:DentedPlate","Painkiller Herb"],"picked":"Fusion Hammer"},{"not_picked":["Black Star","Replay:Wanted Poster"],"picked":"SlaversCollar"}],"items_purged_floors":[4,27,37],"is_endless":false,"potions_floor_spawned":[1,7,10,23,25,28,35,44,45],"killed_by":"Donu and Deca","ascension_level":4}}