{"host":"6wux4armhsntp4yb","time":1614297464,"event":{"mods":["BaseMod","Colored Map","DeckTracker","Minty Spire (QoL Compilation)","Relic Stats"],"gold_per_floor":[112,123,47,47,63,63,94,94,117,117,117],"floor_reached":10,"language":"JPN","playtime":363,"items_purged":[],"score":132,"play_id":"7f5cfdb3-a358-453f-a0b4-5fac3a1b755c","local_time":"20210226085744","is_ascension_mode":true,"campfire_choices":[{"data":"Calculated Gamble","floor":6.0,"key":"SMITH"},{"data":"Neutralize","floor":8.0,"key":"SMITH"}],"circlet_count":0,"master_deck":["AscendersBane","Strike_G","Strike_G","Strike_G","Strike_G","Strike_G","Defend_G","Defend_G","Defend_G","Defend_G","Defend_G","Survivor","Neutralize+1","Calculated Gamble+1","PiercingWail","Predator","Pain","Adrenaline"],"relics":["Ring of the Snake","NeowsBlessing","WarpedTongs","Juzu Bracelet","Oddly Smooth Stone"],"acts_visited":["Exordium"],"potions_floor_usage":[],"damage_taken":[{"damage":0.0,"enemies":"Cultist","floor":1.0,"turns":1.0},{"damage":0.0,"enemies":"Small Slimes","floor":2.0,"turns":1.0},{"damage":0.0,"enemies":"2 Louse","floor":5.0,"turns":1.0},{"damage":21.0,"enemies":"3 Sentries","floor":7.0,"turns":9.0},{"damage":38,"enemies":"Gremlin Nob","floor":10,"turns":4}],"seed_played":"6152022326760815092","potions_obtained":[{"floor":1.0,"key":"Explosive Potion"},{"floor":2.0,"key":"Swift Potion"},{"floor":5.0,"key":"Block Potion"}],"is_trial":false,"path_per_floor":["M","M","$","?","M","R","E","R","T","E"],"character_chosen":"THE_SILENT","items_purchased":["Predator"],"campfire_rested":0,"item_purchase_floors":[3],"current_hp_per_floor":[59,59,59,59,59,59,38,38,38,0,0],"gold":117,"neow_bonus":"THREE_ENEMY_KILL","is_daily":false,"chose_seed":false,"campfire_upgraded":2,"win_rate":0.0,"timestamp":1614297464,"path_taken":["M","M","?","?","?","R","E","R","T","E"],"items_purchased_type":["Card"],"build_version":"2020-12-22","purchased_purges":0,"victory":false,"max_hp_per_floor":[66,66,66,66,66,66,66,66,66,66,66],"relic_stats":{"counters":[5,16],"Juzu Bracelet":0,"obtain_stats":[{"NeowsBlessing":0,"Oddly Smooth Stone":9,"Juzu Bracelet":7,"Ring of the Snake":0,"WarpedTongs":4},{"NeowsBlessing":0,"Oddly Smooth Stone":4,"Juzu Bracelet":4,"Ring of the Snake":0,"WarpedTongs":2},{"NeowsBlessing":0,"Oddly Smooth Stone":12,"Juzu Bracelet":12,"Ring of the Snake":0,"WarpedTongs":2}],"Ring of the Snake":[10],"WarpedTongs":[13]},"card_choices":[{"not_picked":["Heel Hook","Endless Agony"],"picked":"Calculated Gamble","floor":1.0},{"not_picked":["Blur","Concentrate"],"picked":"PiercingWail","floor":2.0},{"not_picked":["Poisoned Stab","Catalyst","Deadly Poison"],"picked":"SKIP","floor":5.0},{"not_picked":["Poisoned Stab","Catalyst","Deadly Poison"],"picked":"SKIP","floor":5.0},{"not_picked":["Catalyst","Setup"],"picked":"Adrenaline","floor":7.0}],"player_experience":5929808,"relics_obtained":[{"floor":7.0,"key":"Juzu Bracelet"},{"floor":9.0,"key":"Oddly Smooth Stone"}],"event_choices":[{"damage_healed":0.0,"max_hp_gain":0.0,"max_hp_loss":0.0,"gold_gain":0.0,"event_name":"Accursed Blacksmith","player_choice":"Rummage","floor":4.0,"gold_loss":0.0,"damage_taken":0.0,"relics_obtained":["WarpedTongs"],"cards_obtained":["Pain"]}],"is_beta":false,"boss_relics":[],"items_purged_floors":[],"is_endless":false,"potions_floor_spawned":[1,2,5],"killed_by":"Gremlin Nob","ascension_level":20}}