{"host":"wy4vwr4x0uqk666t","time":1614285709,"event":{"mods":["Aspiration","BaseMod","BetterRewards","Colored Map","Colored Powertips","Curses Come First","Defuse TimeMaze Blight","Downfall","Hubris","Infinite Spire","Lobotomy","Minty Spire (QoL Compilation)","Quick Restart","Replay The Spire","StSLib"],"gold_per_floor":[112,112,126,126,145,179,179,208,257,257,257],"floor_reached":10,"language":"ENG","playtime":350,"items_purged":[],"score":87,"play_id":"7064b8b5-3e29-475f-8445-f743c89aae93","local_time":"20210225214149","is_ascension_mode":true,"campfire_choices":[{"floor":7,"key":"REST"}],"circlet_count":0,"master_deck":["Strike_R","Strike_R","Strike_R","Strike_R","Strike_R","Defend_R","Defend_R","Defend_R","Defend_R","Bash","UniverseFragment","Injury","BigBadWolf","Carnage+1","Scarecrow","Pommel Strike+1","Yin","Pommel Strike+1","Sword Boomerang+1"],"relics":["Burning Blood","CogitoBucket","Molten Egg 2","Magic Flower","Ginger","Oddly Smooth Stone"],"acts_visited":["Exordium"],"potions_floor_usage":[],"damage_taken":[{"damage":19,"enemies":"Jaw Worm","floor":1,"turns":5},{"damage":7,"enemies":"Small Slimes","floor":3,"turns":3},{"damage":6,"enemies":"Cultist","floor":5,"turns":3},{"damage":22,"enemies":"Lagavulin","floor":6,"turns":4},{"damage":29,"enemies":"Gremlin Nob","floor":8,"turns":5},{"damage":45,"enemies":"Lagavulin","floor":10,"turns":3}],"seed_played":"7141274702583482298","potions_obtained":[{"floor":1,"key":"ElixirPotion"},{"floor":8,"key":"Adrenaline Potion"}],"is_trial":false,"path_per_floor":["M","?","M","?","M","E","R","E","T","E"],"character_chosen":"IRONCLAD","items_purchased":[],"campfire_rested":1,"item_purchase_floors":[],"current_hp_per_floor":[67,67,66,46,46,30,54,34,34,0,0],"gold":257,"neow_bonus":"","is_daily":false,"chose_seed":false,"campfire_upgraded":0,"win_rate":0.0,"timestamp":1614285709,"path_taken":["M","?","M","?","M","E","R","E","T","E"],"items_purchased_type":[],"build_version":"2020-12-22","purchased_purges":0,"victory":false,"max_hp_per_floor":[80,80,80,80,80,80,80,80,80,80,80],"card_choices":[{"not_picked":["Woodsman","ShyLook"],"picked":"UniverseFragment","floor":1},{"not_picked":["ReplayTheSpireMod:Strike From Hell","Run Through","Second Wind"],"picked":"SKIP","floor":1},{"not_picked":["Murderer","Bloodbath"],"picked":"BigBadWolf","floor":3},{"not_picked":["Reckless Charge+1","Bloodletting"],"picked":"Carnage+1","floor":3},{"not_picked":["ReplayTheSpireMod:??????????????????????","infinitespire:UltimateForm"],"picked":"infinitespire:Gouge","floor":4},{"not_picked":["Bloodbath","CrumblingArmor"],"picked":"Scarecrow","floor":5},{"not_picked":["Body Slam+1","Clothesline+1"],"picked":"Pommel Strike+1","floor":5},{"not_picked":["DreamingCurrent","BeautyBeast"],"picked":"Yin","floor":6},{"not_picked":["Dropkick+1","Clash+1"],"picked":"Pommel Strike+1","floor":6},{"not_picked":["ReplayTheSpireMod:Strike From Hell+1","Thunderclap+1"],"picked":"Sword Boomerang+1","floor":8}],"player_experience":3755347,"relics_obtained":[{"floor":6,"key":"Magic Flower"},{"floor":8,"key":"Ginger"},{"floor":9,"key":"Oddly Smooth Stone"}],"event_choices":[],"is_beta":false,"boss_relics":[],"items_purged_floors":[],"is_endless":false,"potions_floor_spawned":[1,8],"killed_by":"Lagavulin","ascension_level":3}}