{"host":"5tzvto3beate6p8b","time":1614249992,"event":{"mods":["BaseMod","Colored Map","DeckTracker","Minty Spire (QoL Compilation)","Relic Stats","StSLib","SuperFastMode"],"gold_per_floor":[112,128,142,154,35,35,47,47,47,47,3,38,38,38,38],"floor_reached":14,"language":"JPN","playtime":1884,"items_purged":["Strike_G"],"score":180,"play_id":"31b7594f-aec1-428c-8f31-53fa3e35fe70","local_time":"20210225194632","is_ascension_mode":true,"campfire_choices":[{"data":"Eviscerate","floor":6,"key":"SMITH"},{"data":"Neutralize","floor":8,"key":"SMITH"}],"circlet_count":0,"master_deck":["AscendersBane","Strike_G","Strike_G","Strike_G","Defend_G","Defend_G","Defend_G","Defend_G","Defend_G","Survivor","Neutralize+1","Catalyst","Backflip","Heel Hook","Eviscerate+1","Noxious Fumes","Dagger Throw","Catalyst","Bullet Time"],"relics":["Ring of the Snake","Happy Flower","Bag of Preparation","Smiling Mask","Singing Bowl"],"acts_visited":["Exordium"],"potions_floor_usage":[12,14],"damage_taken":[{"damage":2,"enemies":"Small Slimes","floor":1,"turns":4},{"damage":0,"enemies":"2 Louse","floor":2,"turns":4},{"damage":6,"enemies":"Cultist","floor":3,"turns":5},{"damage":6,"enemies":"3 Louse","floor":4,"turns":6},{"damage":7,"enemies":"Blue Slaver","floor":7,"turns":4},{"damage":12,"enemies":"Lagavulin","floor":12,"turns":4},{"damage":26,"enemies":"Gremlin Nob","floor":14,"turns":3}],"seed_played":"-2784988180392712927","potions_obtained":[{"floor":2,"key":"SkillPotion"},{"floor":3,"key":"Fire Potion"}],"is_trial":false,"path_per_floor":["M","M","M","M","$","R","M","R","T","?","$","E","?","E"],"character_chosen":"THE_SILENT","items_purchased":["Noxious Fumes","Catalyst"],"campfire_rested":0,"item_purchase_floors":[5,11],"current_hp_per_floor":[57,57,51,45,45,45,38,38,38,31,31,19,14,0,0],"gold":38,"neow_bonus":"RANDOM_COMMON_RELIC","is_daily":false,"chose_seed":false,"campfire_upgraded":2,"win_rate":0.0,"timestamp":1614249992,"path_taken":["M","M","M","M","$","R","M","R","T","?","$","E","?","E"],"items_purchased_type":["Card","Card"],"build_version":"2020-12-22","purchased_purges":1,"victory":false,"max_hp_per_floor":[66,66,66,66,66,66,66,66,66,66,66,66,66,66,66],"relic_stats":{"Happy Flower":[10],"Singing Bowl":0,"counters":[7,30],"Bag of Preparation":[4],"Smiling Mask":0,"obtain_stats":[{"Happy Flower":0,"Singing Bowl":13,"Bag of Preparation":9,"Smiling Mask":12,"Ring of the Snake":0},{"Happy Flower":0,"Singing Bowl":6,"Bag of Preparation":5,"Smiling Mask":6,"Ring of the Snake":0},{"Happy Flower":0,"Singing Bowl":27,"Bag of Preparation":23,"Smiling Mask":27,"Ring of the Snake":0}],"Ring of the Snake":[14]},"card_choices":[{"not_picked":["Cloak And Dagger","Skewer"],"picked":"Catalyst","floor":1},{"not_picked":["Slice","Quick Slash"],"picked":"Backflip","floor":2},{"not_picked":["Predator","Blade Dance"],"picked":"Heel Hook","floor":3},{"not_picked":["Cloak And Dagger","Endless Agony"],"picked":"Eviscerate","floor":4},{"not_picked":["Acrobatics","Skewer"],"picked":"Dagger Throw","floor":7},{"not_picked":["Slice","Storm of Steel"],"picked":"Bullet Time","floor":12}],"player_experience":886881,"relics_obtained":[{"floor":9,"key":"Bag of Preparation"},{"floor":12,"key":"Smiling Mask"}],"event_choices":[{"cards_removed":["Strike_G"],"damage_healed":0,"gold_gain":0,"player_choice":"Card Removal","damage_taken":7,"max_hp_gain":0,"max_hp_loss":0,"event_name":"Golden Wing","floor":10,"gold_loss":0},{"damage_healed":0,"gold_gain":0,"player_choice":"Success","damage_taken":5,"relics_obtained":["Singing Bowl"],"max_hp_gain":0,"max_hp_loss":0,"event_name":"Scrap Ooze","floor":13,"gold_loss":0}],"is_beta":false,"boss_relics":[],"items_purged_floors":[5],"is_endless":false,"potions_floor_spawned":[2,3,7],"killed_by":"Gremlin Nob","ascension_level":20}}