{"host":"ygl58xydwgsz1tl0","time":1614256599,"event":{"mods":["BaseMod","Colored Map","Dio Mod","Dota2Spire","GifTheSpireLib","Googly Eyes","Minty Spire (QoL Compilation)","Morshu Shopkeeper","Morshu Shopkeeper - ENHANCED","Small Relic Pack","StSLib","Uncapped"],"gold_per_floor":[114,128,128,147,161,190,190,207,232,232,307,307,257,274,274,371,371,387,387,413,425,425,350,350,350],"floor_reached":24,"language":"RUS","playtime":723,"items_purged":[],"score":196,"play_id":"090de95d-bbd1-4af7-8486-8073c4b54b6a","local_time":"20210225153639","is_ascension_mode":false,"campfire_choices":[{"data":"dioMod:HeavyLifting","floor":7,"key":"SMITH"},{"data":"dioMod:StreetSign","floor":10,"key":"SMITH"},{"data":"dioMod:StreetSign","floor":12,"key":"SMITH"},{"data":"dioMod:SadisticLaugh","floor":15,"key":"SMITH"}],"circlet_count":0,"master_deck":["dioMod:Strike","dioMod:Strike","Bite","dioMod:Defend","dioMod:Defend","dioMod:Defend","dioMod:Defend","dioMod:LaserVision","dioMod:StreetSign+1","dioMod:HeavyLifting+1","dioMod:DominatingPresence","dioMod:StreetSign+1","dioMod:SadisticLaugh+1","dioMod:Despair","dioMod:StreetSign"],"relics":["dioMod:VampireBlood","NeowsBlessing","Nunchaku","Tiny Chest","Dota2Spire:PowerTreads","Sozu","Enchiridion","Happy Flower","relicPack:DSword"],"acts_visited":["Exordium","TheCity"],"potions_floor_usage":[6,21],"damage_taken":[{"damage":0,"enemies":"Small Slimes","floor":1,"turns":2},{"damage":0,"enemies":"Cultist","floor":2,"turns":1},{"damage":0,"enemies":"2 Louse","floor":4,"turns":1},{"damage":2,"enemies":"2 Fungi Beasts","floor":5,"turns":3},{"damage":17,"enemies":"Gremlin Nob","floor":6,"turns":4},{"damage":5,"enemies":"Looter","floor":8,"turns":2},{"damage":2,"enemies":"Blue Slaver","floor":14,"turns":2},{"damage":16,"enemies":"Slime Boss","floor":16,"turns":6},{"damage":5,"enemies":"Shell Parasite","floor":18,"turns":3},{"damage":10,"enemies":"Spheric Guardian","floor":21,"turns":4},{"damage":37,"enemies":"Snecko","floor":24,"turns":4}],"seed_played":"-4636593781051008679","potions_obtained":[{"floor":2,"key":"Ancient Potion"},{"floor":5,"key":"DuplicationPotion"},{"floor":8,"key":"Dexterity Potion"}],"is_trial":false,"path_per_floor":["M","M","?","M","M","E","R","M","T","R","?","R","?","M","R","B",null,"M","?","T","M","?","?","M"],"character_chosen":"THE_DEFAULT","items_purchased":[],"campfire_rested":0,"item_purchase_floors":[],"current_hp_per_floor":[75,75,75,75,75,63,63,63,63,63,52,52,52,55,55,52,75,75,59,59,54,19,19,0,0],"gold":350,"neow_bonus":"THREE_ENEMY_KILL","is_daily":false,"chose_seed":false,"campfire_upgraded":4,"win_rate":0.0,"timestamp":1614256599,"path_taken":["M","M","?","M","?","E","R","M","T","R","?","R","?","M","R","BOSS","M","?","?","M","?","?","?"],"items_purchased_type":[],"build_version":"2020-12-22","purchased_purges":0,"victory":false,"max_hp_per_floor":[75,75,75,75,75,75,75,75,75,75,75,75,75,75,75,75,75,75,75,75,75,75,75,75,75],"card_choices":[{"not_picked":["dioMod:BlendIn","dioMod:ComposedMuda"],"picked":"dioMod:LaserVision","floor":1},{"not_picked":["dioMod:Freeze","dioMod:Roundabout"],"picked":"dioMod:StreetSign","floor":2},{"not_picked":["dioMod:CautiousMuda","dioMod:Diversion"],"picked":"dioMod:HeavyLifting","floor":4},{"not_picked":["dioMod:Diversion","dioMod:BloodSuck"],"picked":"dioMod:DominatingPresence","floor":5},{"not_picked":["dioMod:Regeneration","dioMod:VengefulMuda"],"picked":"dioMod:StreetSign","floor":6},{"not_picked":["dioMod:WRYYY","dioMod:SecretPlan","dioMod:ComboFever"],"picked":"SKIP","floor":8},{"not_picked":["dioMod:HeavyLifting","dioMod:DaggerToss"],"picked":"dioMod:SadisticLaugh","floor":14},{"not_picked":["dioMod:RoadRoller","dioMod:KonoDioDa"],"picked":"dioMod:Despair","floor":16},{"not_picked":["dioMod:BlendIn","dioMod:LaserVision"],"picked":"dioMod:StreetSign","floor":18},{"not_picked":["dioMod:LaserVision","dioMod:CautiousMuda","dioMod:BloodShield"],"picked":"SKIP","floor":21}],"player_experience":202474,"relics_obtained":[{"floor":6,"key":"Tiny Chest"},{"floor":9,"key":"Dota2Spire:PowerTreads"},{"floor":19,"key":"Enchiridion"},{"floor":20,"key":"Happy Flower"}],"event_choices":[{"damage_healed":0,"gold_gain":0,"player_choice":"Gave Potion","damage_taken":0,"relics_obtained":["Nunchaku"],"max_hp_gain":0,"max_hp_loss":0,"event_name":"WeMeetAgain","floor":3,"gold_loss":0},{"damage_healed":0,"gold_gain":75,"player_choice":"Gather Gold","damage_taken":11,"max_hp_gain":0,"max_hp_loss":0,"event_name":"World of Goop","floor":11,"gold_loss":0},{"cards_removed":["dioMod:Strike"],"damage_healed":0,"gold_gain":0,"player_choice":"Card Removal","damage_taken":0,"max_hp_gain":0,"max_hp_loss":0,"event_name":"The Cleric","floor":13,"gold_loss":50},{"damage_healed":0,"gold_gain":0,"player_choice":"Obtained Book","damage_taken":16,"max_hp_gain":0,"max_hp_loss":0,"event_name":"Cursed Tome","floor":19,"gold_loss":0},{"cards_removed":["dioMod:Strike"],"damage_healed":0,"gold_gain":0,"player_choice":"Gave Gold","damage_taken":0,"max_hp_gain":0,"max_hp_loss":0,"event_name":"Beggar","floor":23,"gold_loss":75}],"is_beta":false,"boss_relics":[{"not_picked":["Ectoplasm","Empty Cage"],"picked":"Sozu"}],"items_purged_floors":[],"is_endless":false,"potions_floor_spawned":[2,5,8],"killed_by":"Snecko","ascension_level":0}}