{"host":"sav7uxregyirlf69","time":1614267270,"event":{"mods":["AchievementEnabler","BaseMod","Colored Map","DeckTracker","Keyboard Shortcuts","Minty Spire (QoL Compilation)","READ ME - Guardian Mod","StSLib","SuperFastMode"],"gold_per_floor":[20,32,52,65,115,115,128,138,165,185,185,185],"floor_reached":11,"language":"KOR","playtime":228,"items_purged":[],"score":138,"play_id":"e5869106-4b5b-4a1b-a1bf-81e25abf61f5","local_time":"20210226003430","is_ascension_mode":true,"campfire_choices":[{"data":"Chaos","floor":6,"key":"SMITH"}],"circlet_count":0,"master_deck":["AscendersBane","Strike_B","Strike_B","Defend_B","Defend_B","Defend_B","Defend_B","Zap","Dualcast","Chaos+1","Loop","Defragment","Cold Snap","Sunder","Cold Snap","Chill","Turbo","BootSequence"],"relics":["Cracked Core","Blood Vial"],"acts_visited":["Exordium"],"potions_floor_usage":[3,10,11],"damage_taken":[{"damage":7,"enemies":"Jaw Worm","floor":1,"turns":4},{"damage":8,"enemies":"Cultist","floor":2,"turns":5},{"damage":4,"enemies":"Small Slimes","floor":3,"turns":4},{"damage":13,"enemies":"Gremlin Gang","floor":4,"turns":5},{"damage":3,"enemies":"Blue Slaver","floor":7,"turns":4},{"damage":0,"enemies":"Exordium Wildlife","floor":8,"turns":5},{"damage":22,"enemies":"3 Louse","floor":10,"turns":4},{"damage":52,"enemies":"Gremlin Nob","floor":11,"turns":4}],"seed_played":"-4422336101967017928","potions_obtained":[{"floor":1,"key":"DistilledChaos"},{"floor":4,"key":"FearPotion"},{"floor":8,"key":"Regen Potion"}],"is_trial":false,"path_per_floor":["M","M","M","M","?","R","M","M","T","M","E"],"character_chosen":"DEFECT","items_purchased":[],"campfire_rested":0,"item_purchase_floors":[],"current_hp_per_floor":[57,49,45,32,32,32,29,29,29,21,0,0],"gold":185,"neow_bonus":"TRANSFORM_TWO_CARDS","is_daily":false,"chose_seed":false,"campfire_upgraded":1,"win_rate":0.0,"timestamp":1614267270,"path_taken":["M","M","M","M","?","R","M","M","T","M","E"],"items_purchased_type":[],"build_version":"2020-12-22","purchased_purges":0,"victory":false,"max_hp_per_floor":[71,71,71,71,71,71,71,71,71,71,71,71],"card_choices":[{"not_picked":["Tempest","Ball Lightning"],"picked":"Defragment","floor":1},{"not_picked":["Turbo","Conserve Battery"],"picked":"Cold Snap","floor":2},{"not_picked":["Hologram","Beam Cell"],"picked":"Sunder","floor":3},{"not_picked":["Undo","Barrage"],"picked":"Cold Snap","floor":4},{"not_picked":["Sweeping Beam","Rainbow"],"picked":"Chill","floor":7},{"not_picked":["Chill","Reinforced Body"],"picked":"Turbo","floor":8},{"not_picked":["Skim","Consume"],"picked":"BootSequence","floor":10}],"player_experience":1700006,"relics_obtained":[{"floor":9,"key":"Blood Vial"}],"event_choices":[{"damage_healed":0,"gold_gain":50,"player_choice":"Pray","damage_taken":0,"max_hp_gain":0,"max_hp_loss":0,"event_name":"Golden Shrine","floor":5,"gold_loss":0}],"is_beta":false,"boss_relics":[],"items_purged_floors":[],"is_endless":false,"potions_floor_spawned":[1,4,8],"killed_by":"Gremlin Nob","ascension_level":20}}