{"host":"6r762osam2bvfm66","time":1614297168,"event":{"mods":["AchievementEnabler","BaseMod","Colored Map","Highlight Path","Minty Spire (QoL Compilation)","Relic Stats","ojb\u0027s Info Mod"],"gold_per_floor":[111,129,145,156,111,111,143,143,143,143,158,28,28,28,28,129,129,69,69,69,69,83,83,95,95,95],"floor_reached":25,"language":"ENG","playtime":1375,"items_purged":[],"score":282,"play_id":"0fc7d799-c151-420e-966c-ea23019db7b8","local_time":"20210225175248","is_ascension_mode":true,"campfire_choices":[{"data":"Zap","floor":6,"key":"SMITH"},{"data":"Blizzard","floor":8,"key":"SMITH"},{"data":"Defragment","floor":15,"key":"SMITH"},{"data":"RitualDagger","floor":23,"key":"SMITH"}],"circlet_count":0,"master_deck":["Strike_B+1","Strike_B+1","Defend_B+1","Defend_B+1","Defend_B+1","Defend_B+1","Zap+1","Dualcast","Leap","Reinforced Body","Compile Driver","Coolheaded","Compile Driver","Blizzard+1","Rip and Tear","Defragment+1","Cold Snap","Electrodynamics","Streamline","RitualDagger+1","Redo"],"relics":["Empty Cage","Anchor","Sundial","Snecko Eye"],"acts_visited":["Exordium","TheCity"],"potions_floor_usage":[10,16,25],"damage_taken":[{"damage":4,"enemies":"Jaw Worm","floor":1,"turns":5},{"damage":1,"enemies":"2 Louse","floor":2,"turns":4},{"damage":0,"enemies":"Small Slimes","floor":3,"turns":6},{"damage":18,"enemies":"Exordium Wildlife","floor":4,"turns":8},{"damage":4,"enemies":"Looter","floor":5,"turns":5},{"damage":31,"enemies":"Lagavulin","floor":7,"turns":7},{"damage":5,"enemies":"3 Sentries","floor":10,"turns":6},{"damage":1,"enemies":"Gremlin Gang","floor":11,"turns":5},{"damage":3,"enemies":"Hexaghost","floor":16,"turns":11},{"damage":7,"enemies":"2 Thieves","floor":18,"turns":4},{"damage":0,"enemies":"Spheric Guardian","floor":22,"turns":4},{"damage":13,"enemies":"Centurion and Healer","floor":24,"turns":7},{"damage":31,"enemies":"Slavers","floor":25,"turns":3}],"seed_played":"6706931939445838930","potions_obtained":[{"floor":4,"key":"SmokeBomb"},{"floor":7,"key":"Weak Potion"},{"floor":22,"key":"SpeedPotion"}],"is_trial":false,"path_per_floor":["M","M","M","M","M","R","E","R","T","E","M","$","?","?","R","B",null,"M","?","$","?","M","R","M","E"],"character_chosen":"DEFECT","items_purchased":["Defragment","Cold Snap"],"campfire_rested":0,"item_purchase_floors":[12,12],"current_hp_per_floor":[64,63,63,45,41,41,10,10,10,5,4,4,4,4,4,1,57,50,44,44,44,44,44,31,0,0],"gold":95,"neow_bonus":"BOSS_RELIC","is_daily":false,"chose_seed":false,"campfire_upgraded":4,"win_rate":0.0,"timestamp":1614297168,"path_taken":["M","M","M","M","M","R","E","R","T","E","M","$","?","?","R","BOSS","M","?","$","?","M","R","M","E"],"items_purchased_type":["Card","Card"],"build_version":"2020-12-22","purchased_purges":0,"victory":false,"max_hp_per_floor":[75,75,75,75,75,75,75,75,75,75,75,75,75,75,75,75,75,75,75,75,75,75,75,75,75,75],"relic_stats":{"counters":[13,75],"Sundial":[8],"Snecko Eye":[29,41,35,31],"obtain_stats":[{"Anchor":7,"Sundial":9,"Snecko Eye":17,"Cracked Core":0,"Empty Cage":0},{"Anchor":6,"Sundial":6,"Snecko Eye":9,"Cracked Core":0,"Empty Cage":0},{"Anchor":35,"Sundial":35,"Snecko Eye":57,"Cracked Core":0,"Empty Cage":0}]},"card_choices":[{"not_picked":["Compile Driver","Redo"],"picked":"Leap","floor":1},{"not_picked":["FTL","Storm"],"picked":"Reinforced Body","floor":2},{"not_picked":["Cold Snap","Turbo"],"picked":"Compile Driver","floor":3},{"not_picked":["Steam Power","Scrape"],"picked":"Coolheaded","floor":4},{"not_picked":["Turbo","Conserve Battery"],"picked":"Compile Driver","floor":5},{"not_picked":["Scrape","White Noise"],"picked":"Blizzard","floor":7},{"not_picked":["Steam","Hologram"],"picked":"Rip and Tear","floor":11},{"not_picked":["Thunder Strike","Core Surge"],"picked":"Electrodynamics","floor":16},{"not_picked":["Gash","Undo+1"],"picked":"Streamline","floor":18},{"not_picked":["Aggregate","BootSequence","Reinforced Body"],"picked":"SKIP","floor":22},{"not_picked":["Beam Cell","Cold Snap"],"picked":"Redo","floor":24}],"player_experience":145884,"relics_obtained":[{"floor":7,"key":"Anchor"},{"floor":9,"key":"Sundial"}],"event_choices":[{"damage_healed":0,"gold_gain":0,"player_choice":"Ignored","damage_taken":0,"max_hp_gain":0,"max_hp_loss":0,"event_name":"Liars Game","floor":13,"gold_loss":0},{"damage_healed":0,"gold_gain":0,"player_choice":"Ignored","damage_taken":0,"max_hp_gain":0,"max_hp_loss":0,"event_name":"Golden Wing","floor":14,"gold_loss":0},{"damage_healed":0,"gold_gain":0,"player_choice":"Joined the Cult","damage_taken":6,"max_hp_gain":0,"max_hp_loss":0,"event_name":"Nest","floor":19,"gold_loss":0,"cards_obtained":["RitualDagger"]},{"damage_healed":0,"gold_gain":0,"player_choice":"Simplicity","damage_taken":0,"max_hp_gain":0,"max_hp_loss":0,"event_name":"Back to Basics","floor":21,"gold_loss":0,"cards_upgraded":["Strike_B","Strike_B","Defend_B","Defend_B","Defend_B","Defend_B"]}],"is_beta":false,"boss_relics":[{"not_picked":["Runic Pyramid","Fusion Hammer"],"picked":"Snecko Eye"}],"items_purged_floors":[],"is_endless":false,"potions_floor_spawned":[4,7,10,22],"killed_by":"Slavers","ascension_level":7}}