{"host":"zp8jvycvinn13jdb","time":1614296591,"event":{"mods":["BaseMod","Better Match","Colored Powertips","Downfall","Googly Eyes","Hermit","Minty Spire (QoL Compilation)","Rare Cards Sparkle","Relic Stats","StSLib","SuperFastMode","Synergy Search","The Bug Knight","The Cursed"],"gold_per_floor":[117,17,35,46,46,46,80,80,80,94,19,19,19,45,45,143,143,156,255,70,84,100,100,127,127,127,147,147,147],"floor_reached":28,"language":"ENG","playtime":786,"items_purged":["Strike_G","Strike_G"],"score":236,"play_id":"1d42159a-5e95-40e8-a6a0-ce12abced6fb","local_time":"20210225184311","is_ascension_mode":false,"campfire_choices":[{"data":"Blade Dance","floor":6,"key":"SMITH"},{"data":"Accuracy","floor":8,"key":"SMITH"},{"floor":13,"key":"REST"},{"data":"Infinite Blades","floor":15,"key":"SMITH"},{"floor":23,"key":"REST"}],"circlet_count":0,"master_deck":["Strike_G","Strike_G","Defend_G","Defend_G","Defend_G","Defend_G","Defend_G","Survivor","Neutralize","Blade Dance+1","Slice","Outmaneuver","Slice","Accuracy+1","Infinite Blades+1","A Thousand Cuts","Dagger Spray","Impatience","Blur+1"],"relics":["Ring of the Snake","NeowsBlessing","Eternal Feather","Mercury Hourglass","Odd Mushroom","WristBlade","Singing Bowl","Ornamental Fan"],"acts_visited":["Exordium","TheCity"],"potions_floor_usage":[24],"damage_taken":[{"damage":0,"enemies":"Small Slimes","floor":1,"turns":1},{"damage":0,"enemies":"2 Louse","floor":3,"turns":1},{"damage":0,"enemies":"Jaw Worm","floor":4,"turns":1},{"damage":23,"enemies":"3 Sentries","floor":7,"turns":10},{"damage":0,"enemies":"Large Slime","floor":10,"turns":5},{"damage":10,"enemies":"The Mushroom Lair","floor":14,"turns":3},{"damage":39,"enemies":"Hexaghost","floor":16,"turns":9},{"damage":20,"enemies":"3 Byrds","floor":18,"turns":3},{"damage":10,"enemies":"Chosen","floor":21,"turns":3},{"damage":7,"enemies":"Snake Plant","floor":22,"turns":3},{"damage":34,"enemies":"Slavers","floor":24,"turns":4},{"damage":26,"enemies":"Centurion and Healer","floor":27,"turns":5},{"damage":8,"enemies":"Sentry and Sphere","floor":28,"turns":3}],"seed_played":"6148198828230130151","potions_obtained":[{"floor":1,"key":"Poison Potion"},{"floor":3,"key":"BlessingOfTheForge"},{"floor":7,"key":"LiquidMemories"},{"floor":21,"key":"LiquidBronze"},{"floor":27,"key":"Fruit Juice"}],"is_trial":false,"path_per_floor":["M","$","M","M","?","R","E","R","T","M","$","?","R","?","R","B",null,"M","?","$","M","M","R","E","?","T","M","M"],"character_chosen":"THE_SILENT","items_purchased":["Blade Dance","Slice","Impatience"],"campfire_rested":2,"item_purchase_floors":[2,2,20],"current_hp_per_floor":[70,70,70,70,70,70,47,56,56,56,56,49,70,60,69,30,70,50,50,50,40,33,63,31,31,31,7,0,0],"gold":147,"neow_bonus":"THREE_ENEMY_KILL","is_daily":false,"chose_seed":false,"campfire_upgraded":3,"win_rate":0.0,"timestamp":1614296591,"path_taken":["M","$","M","M","?","R","E","R","T","M","$","?","R","?","R","BOSS","M","?","$","M","M","R","E","?","T","M","M"],"items_purchased_type":["Card","Card","Card"],"build_version":"2020-12-22","purchased_purges":2,"victory":false,"max_hp_per_floor":[70,70,70,70,70,70,70,70,70,70,70,70,70,70,70,70,70,70,70,70,70,70,70,72,72,72,74,74,74],"relic_stats":{"Singing Bowl":4,"counters":[13,51],"Ornamental Fan":[16],"Eternal Feather":36,"obtain_stats":[{"NeowsBlessing":0,"WristBlade":17,"Singing Bowl":24,"Ornamental Fan":26,"Eternal Feather":7,"Odd Mushroom":14,"Ring of the Snake":0,"Mercury Hourglass":9},{"NeowsBlessing":0,"WristBlade":7,"Singing Bowl":11,"Ornamental Fan":11,"Eternal Feather":4,"Odd Mushroom":6,"Ring of the Snake":0,"Mercury Hourglass":4},{"NeowsBlessing":0,"WristBlade":30,"Singing Bowl":43,"Ornamental Fan":43,"Eternal Feather":13,"Odd Mushroom":21,"Ring of the Snake":0,"Mercury Hourglass":13}],"Ring of the Snake":[26],"Mercury Hourglass":[161]},"card_choices":[{"not_picked":["Leg Sweep","Deadly Poison","Prepared"],"picked":"SKIP","floor":1},{"not_picked":["PiercingWail","Well Laid Plans"],"picked":"Outmaneuver","floor":3},{"not_picked":["Deadly Poison","Flying Knee"],"picked":"Slice","floor":4},{"not_picked":["Sucker Punch","Prepared"],"picked":"Accuracy","floor":7},{"not_picked":["Bouncing Flask","Heel Hook","Sucker Punch"],"picked":"SKIP","floor":10},{"not_picked":["Outmaneuver","Blade Dance"],"picked":"Infinite Blades","floor":14},{"not_picked":["Doppelganger","Night Terror"],"picked":"A Thousand Cuts","floor":16},{"not_picked":["Riddle With Holes","Deflect"],"picked":"Dagger Spray","floor":18},{"not_picked":["Dagger Spray","Sucker Punch","Outmaneuver+1"],"picked":"SKIP","floor":21},{"not_picked":["Blade Dance","Bane"],"picked":"Blur+1","floor":22},{"not_picked":["Slice","Acrobatics+1","Deadly Poison+1"],"picked":"Singing Bowl","floor":24},{"not_picked":["Backflip","Leg Sweep+1","Quick Slash"],"picked":"Singing Bowl","floor":27}],"player_experience":199589,"relics_obtained":[{"floor":7,"key":"Eternal Feather"},{"floor":9,"key":"Mercury Hourglass"},{"floor":14,"key":"Odd Mushroom"},{"floor":24,"key":"Singing Bowl"},{"floor":26,"key":"Ornamental Fan"}],"event_choices":[{"damage_healed":0,"gold_gain":0,"player_choice":"Ignored","damage_taken":0,"max_hp_gain":0,"max_hp_loss":0,"event_name":"Shining Light","floor":5,"gold_loss":0},{"cards_removed":["Strike_G"],"damage_healed":0,"gold_gain":0,"player_choice":"Card Removal","damage_taken":7,"max_hp_gain":0,"max_hp_loss":0,"event_name":"Golden Wing","floor":12,"gold_loss":0},{"damage_healed":0,"gold_gain":0,"player_choice":"Fought Mushrooms","damage_taken":0,"max_hp_gain":0,"max_hp_loss":0,"event_name":"Mushrooms","floor":14,"gold_loss":0},{"damage_healed":0,"gold_gain":99,"player_choice":"Stole From Cult","damage_taken":0,"max_hp_gain":0,"max_hp_loss":0,"event_name":"Nest","floor":19,"gold_loss":0}],"is_beta":false,"boss_relics":[{"not_picked":["Runic Dome","Velvet Choker"],"picked":"WristBlade"}],"items_purged_floors":[11,20],"is_endless":false,"potions_floor_spawned":[1,3,7,21,27],"killed_by":"Sentry and Sphere","ascension_level":0}}