{"host":"z37g2hkgkh2zjyzk","time":1614217825,"event":{"mods":["2.2 Compatiblity","AchievementEnabler","BaseMod","Bestiary","Colored Map","Colored Powertips","Curses Come First","Highlight Path","Keyboard Shortcuts","Minty Spire (QoL Compilation)","Relic Stats","StSLib","SuperFastMode"],"gold_per_floor":[216,216,230,249,249,249,279,81,108,142,156,156,172,203,203,307,307,280,109,127,147,158,158,158,158,212,212,212],"floor_reached":27,"language":"ENG","playtime":1613,"items_purged":["Strike_B","Defend_B"],"score":326,"play_id":"ae9dd24b-607f-4868-abaf-d967be648f01","local_time":"20210225025025","is_ascension_mode":true,"campfire_choices":[{"floor":6,"key":"REST"},{"floor":12,"key":"REST"},{"floor":15,"key":"REST"},{"data":"Defragment","floor":23,"key":"SMITH"},{"data":"Defragment","floor":25,"key":"SMITH"}],"circlet_count":0,"master_deck":["Strike_B","Strike_B","Defend_B","Defend_B","Zap","Dualcast","Defragment+1","Auto Shields","Coolheaded","Barrage","Defragment+1","Turbo","Go for the Eyes","Hologram","Glacier","All For One","Self Repair","Steam","Sweeping Beam"],"relics":["Cracked Core","PreservedInsect","Gambling Chip","Omamori","Boot","Meat on the Bone","Empty Cage","Vajra","Bag of Preparation"],"acts_visited":["Exordium","TheCity"],"potions_floor_usage":[14,14,16,22,27],"damage_taken":[{"damage":5,"enemies":"Small Slimes","floor":1,"turns":3},{"damage":8,"enemies":"2 Louse","floor":3,"turns":3},{"damage":1,"enemies":"Jaw Worm","floor":4,"turns":3},{"damage":28,"enemies":"Gremlin Nob","floor":7,"turns":5},{"damage":26,"enemies":"3 Sentries","floor":10,"turns":7},{"damage":9,"enemies":"Blue Slaver","floor":11,"turns":4},{"damage":9,"enemies":"Exordium Thugs","floor":13,"turns":8},{"damage":6,"enemies":"Lagavulin","floor":14,"turns":5},{"damage":22,"enemies":"Hexaghost","floor":16,"turns":13},{"damage":26,"enemies":"2 Thieves","floor":18,"turns":5},{"damage":16,"enemies":"Shell Parasite","floor":20,"turns":10},{"damage":2,"enemies":"Snake Plant","floor":21,"turns":8},{"damage":82,"enemies":"Cultist and Chosen","floor":22,"turns":11},{"damage":28,"enemies":"Gremlin Leader","floor":27,"turns":7}],"seed_played":"-3223167402444945832","potions_obtained":[{"floor":3,"key":"SteroidPotion"},{"floor":4,"key":"Swift Potion"},{"floor":14,"key":"FairyPotion"},{"floor":21,"key":"SkillPotion"},{"floor":22,"key":"Fire Potion"}],"is_trial":false,"path_per_floor":["M","?","M","M","?","R","E","$","T","E","M","R","M","E","R","B",null,"M","$","M","M","M","R","?","R","T","E"],"character_chosen":"DEFECT","items_purchased":["Defragment","Strength Potion","Self Repair"],"campfire_rested":3,"item_purchase_floors":[8,8,19],"current_hp_per_floor":[63,63,55,54,47,69,41,41,41,15,6,28,19,13,35,25,63,49,49,52,57,23,23,23,23,23,0,0],"gold":212,"neow_bonus":"HUNDRED_GOLD","is_daily":false,"chose_seed":false,"campfire_upgraded":2,"win_rate":0.0,"timestamp":1614217825,"path_taken":["M","?","M","M","?","R","E","$","T","E","M","R","M","E","R","BOSS","M","$","M","M","M","R","?","R","T","E"],"items_purchased_type":["Card","Potion","Card"],"build_version":"2020-12-22","purchased_purges":2,"victory":false,"max_hp_per_floor":[75,75,75,75,75,75,75,75,75,75,75,75,75,75,75,75,75,75,75,75,75,75,75,75,75,75,75,75],"relic_stats":{"counters":[14,92],"Gambling Chip":[34],"PreservedInsect":135,"Bag of Preparation":[2],"Boot":[84],"obtain_stats":[{"Gambling Chip":7,"Vajra":24,"PreservedInsect":2,"Omamori":9,"Bag of Preparation":26,"Cracked Core":0,"Boot":10,"Empty Cage":17,"Meat on the Bone":14},{"Gambling Chip":4,"Vajra":13,"PreservedInsect":1,"Omamori":4,"Bag of Preparation":13,"Cracked Core":0,"Boot":5,"Empty Cage":9,"Meat on the Bone":8},{"Gambling Chip":14,"Vajra":85,"PreservedInsect":3,"Omamori":14,"Bag of Preparation":85,"Cracked Core":0,"Boot":21,"Empty Cage":51,"Meat on the Bone":38}],"Meat on the Bone":48},"card_choices":[{"not_picked":["Barrage","Force Field"],"picked":"Defragment","floor":1},{"not_picked":["Heatsinks","Conserve Battery"],"picked":"Auto Shields","floor":3},{"not_picked":["Reinforced Body","Steam"],"picked":"Coolheaded","floor":4},{"not_picked":["Leap","Stack"],"picked":"Barrage","floor":7},{"not_picked":["Hologram","FTL"],"picked":"Turbo","floor":10},{"not_picked":["Melter","Steam"],"picked":"Go for the Eyes","floor":11},{"not_picked":["Rebound","Undo"],"picked":"Hologram","floor":13},{"not_picked":["Seek","BootSequence"],"picked":"Glacier","floor":14},{"not_picked":["Creative AI","Fission"],"picked":"All For One","floor":16},{"not_picked":["Hologram","Stack","Rebound"],"picked":"SKIP","floor":18},{"not_picked":["Fusion","Turbo","Stack+1"],"picked":"SKIP","floor":20},{"not_picked":["Auto Shields","Hello World"],"picked":"Steam","floor":21},{"not_picked":["Conserve Battery","Electrodynamics"],"picked":"Sweeping Beam","floor":22}],"player_experience":268849,"relics_obtained":[{"floor":7,"key":"Gambling Chip"},{"floor":9,"key":"Omamori"},{"floor":10,"key":"Boot"},{"floor":14,"key":"Meat on the Bone"},{"floor":26,"key":"Bag of Preparation"}],"event_choices":[{"damage_healed":0,"gold_gain":0,"player_choice":"Box","damage_taken":0,"relics_obtained":["PreservedInsect"],"max_hp_gain":0,"max_hp_loss":0,"event_name":"Big Fish","floor":2,"gold_loss":0,"cards_obtained":["Regret"]},{"cards_removed":["Regret"],"damage_healed":0,"gold_gain":0,"player_choice":"Card Removal","damage_taken":7,"max_hp_gain":0,"max_hp_loss":0,"event_name":"Golden Wing","floor":5,"gold_loss":0},{"damage_healed":0,"gold_gain":0,"player_choice":"Opened","damage_taken":0,"relics_obtained":["Vajra"],"max_hp_gain":0,"max_hp_loss":0,"event_name":"The Mausoleum","floor":24,"gold_loss":0}],"is_beta":false,"boss_relics":[{"not_picked":["Philosopher\u0027s Stone","Ectoplasm"],"picked":"Empty Cage"}],"items_purged_floors":[8,19],"is_endless":false,"potions_floor_spawned":[3,4,11,14,21,22],"killed_by":"Gremlin Leader","ascension_level":8}}