{"host":"ju58ncaxwefs1zmn","time":1614261945,"event":{"mods":["100% Spire Juice","2.2 Compatiblity","Act Like it!","Aspiration","BaseMod","CapriCore","ChefMod","Colored Map","Gensokyo","Hermit","Highlight Path","HololiveMod","Hubris","Infinite Spire","Koishi","Marisa????????","Minty Spire (QoL Compilation)","Monster B Gone","Permanent Neow","Quick Restart","Random Character Button","Relic Filter","Relic Sorter","Relic Stats","Reliquary","Robot Space Explorer","Smile Girya","StSLib","The Administrix","The Animator","The Cursed","The Hierophant","The Immortal","The Marked","The Servant 0.9.4","The Showman","TheBandit","Wandering Minibosses","Yakumo Yukari mod","thorton"],"gold_per_floor":[112,127,137,165,20,20,20,20,20],"floor_reached":8,"language":"ENG","playtime":694,"items_purged":["animator:Strike"],"score":84,"play_id":"28d91709-7c42-4b5a-a018-ea6c1825c6d1","local_time":"20210225060545","is_ascension_mode":true,"campfire_choices":[{"data":"animator:OrikoMikuni","floor":6,"key":"SMITH"}],"circlet_count":0,"master_deck":["AscendersBane","animator:Strike_OwariNoSeraph","animator:Defend_OwariNoSeraph","animator:Strike","animator:Strike","animator:Defend","animator:Defend","animator:Defend","animator:Shinoa","animator:Mikaela","animator:RoryMercury","animator:OrikoMikuni+1","animator:YuiTsuruno","animator:AcuraTooru","animator:YunYun"],"relics":["animator:LivingPicture","animator:TheMissingPiece","animator:PurgingStone"],"acts_visited":["Exordium"],"potions_floor_usage":[3],"damage_taken":[{"damage":1,"enemies":"Cultist","floor":1,"turns":4},{"damage":3,"enemies":"Jaw Worm","floor":2,"turns":5},{"damage":3,"enemies":"2 Louse","floor":3,"turns":3},{"damage":32,"enemies":"Exordium Wildlife","floor":4,"turns":8},{"damage":19,"enemies":"Gremlin Nob","floor":8,"turns":3}],"seed_played":"1920663410830191848","potions_obtained":[{"floor":1,"key":"Block Potion"}],"is_trial":false,"path_per_floor":["M","M","M","M","$","R","?","E"],"character_chosen":"THE_ANIMATOR","items_purchased":["animator:YunYun"],"campfire_rested":0,"item_purchase_floors":[5],"current_hp_per_floor":[50,47,44,12,12,12,12,0,0],"gold":20,"neow_bonus":"TWENTY_PERCENT_HP_BONUS","is_daily":false,"chose_seed":false,"campfire_upgraded":1,"win_rate":0.0,"timestamp":1614261945,"path_taken":["M","M","?","M","$","R","?","E"],"items_purchased_type":["Card"],"build_version":"2020-12-22","purchased_purges":1,"victory":false,"max_hp_per_floor":[72,72,72,72,72,72,72,72,72],"relic_stats":{"counters":[5,23],"obtain_stats":[{"animator:PurgingStone":0,"animator:TheMissingPiece":0,"animator:LivingPicture":0},{"animator:PurgingStone":0,"animator:TheMissingPiece":0,"animator:LivingPicture":0},{"animator:PurgingStone":0,"animator:TheMissingPiece":0,"animator:LivingPicture":0}]},"card_choices":[{"not_picked":["animator:Mitsurugi","animator:Sloth"],"picked":"animator:RoryMercury","floor":1},{"not_picked":["animator:RoryMercury","animator:Kuribayashi"],"picked":"animator:OrikoMikuni","floor":2},{"not_picked":["animator:Arpeggio","animator:Ara"],"picked":"animator:YuiTsuruno","floor":3},{"not_picked":["animator:Layla","animator:Guy"],"picked":"animator:AcuraTooru","floor":4}],"player_experience":1196868,"relics_obtained":[],"event_choices":[],"is_beta":false,"boss_relics":[],"items_purged_floors":[5],"is_endless":false,"potions_floor_spawned":[1],"killed_by":"Gremlin Nob","ascension_level":15}}