{"host":"dn6kke80v5f7isus","time":1614215439,"event":{"mods":["AchievementEnabler","Act Like it!","Bard","BaseMod","Colored Powertips","Custom Start","Defuse TimeMaze Blight","Energized Spire","Gremlin Skip","Highlight Path","Hubris","Infinite Spire","Marisa????????","Marked Mod","Minty Spire (QoL Compilation)","Quick Restart","Rare Cards Sparkle","Reliquary","Replay The Spire","StSLib","The Administrix","The Servant 0.9.4","Uncapped","Unceasing Turn Reminder"],"gold_per_floor":[117,117,117,117,42,42,62,62,111,111,131,159,175,175,175,275,275,275,275],"floor_reached":18,"language":"ENG","playtime":552,"items_purged":["AdministrixMod:Strike_Administrix"],"score":158,"play_id":"ff76a628-5584-4d24-9d37-9661cf7329af","local_time":"20210224201039","is_ascension_mode":false,"campfire_choices":[{"data":"infinitespire:FutureSight","floor":6,"key":"SMITH"},{"data":"AdministrixMod:TenDesires","floor":8,"key":"SMITH"},{"data":"AdministrixMod:TrickOfTheLight","floor":10,"key":"SMITH"},{"floor":15,"key":"REST"}],"circlet_count":0,"master_deck":["AdministrixMod:Strike_Administrix","AdministrixMod:Strike_Administrix","AdministrixMod:Strike_Administrix+1","AdministrixMod:RedCloak","AdministrixMod:Defend_Administrix","AdministrixMod:Defend_Administrix","AdministrixMod:Defend_Administrix","AdministrixMod:BlueCloak+1","AdministrixMod:TrickOfTheLight+1","infinitespire:FutureSight+1","AdministrixMod:TenDesires+1","AdministrixMod:BishamonBlessing","AdministrixMod:CosmosControl","AdministrixMod:Convergence","AdministrixMod:LifeforceNet"],"relics":["AdministrixMod:ConductorRitualBaton","NeowsBlessing","reliquary:Firecrackers","Bag of Preparation","hubris:Metronome"],"acts_visited":["Exordium","TheCity"],"potions_floor_usage":[16,16,16,16,16],"damage_taken":[{"damage":0,"enemies":"Small Slimes","floor":1,"turns":1},{"damage":0,"enemies":"2 Louse","floor":7,"turns":1},{"damage":0,"enemies":"Jaw Worm","floor":11,"turns":1},{"damage":21,"enemies":"Gremlin Nob","floor":12,"turns":4},{"damage":1,"enemies":"Blue Slaver","floor":13,"turns":2},{"damage":11,"enemies":"Fading Forest","floor":16,"turns":11},{"damage":0,"enemies":"Chosen","floor":18,"turns":1}],"seed_played":"251262065506607701","potions_obtained":[{"floor":1,"key":"Venom Potion"},{"floor":12,"key":"Languid Potion"},{"floor":13,"key":"EntropicBrew"}],"is_trial":false,"path_per_floor":["M","?","?","?","$","R","M","R","T","R","M","E","M","?","R","B",null,"M"],"character_chosen":"TheAdministrix","items_purchased":[],"campfire_rested":1,"item_purchase_floors":[],"current_hp_per_floor":[65,65,48,41,41,41,41,41,41,41,41,20,19,6,25,24,65,65,65],"gold":275,"neow_bonus":"THREE_ENEMY_KILL","is_daily":false,"chose_seed":false,"campfire_upgraded":3,"win_rate":0.0,"timestamp":1614215439,"path_taken":["M","?","?","?","$","R","?","R","T","R","M","E","M","?","R","BOSS","M"],"items_purchased_type":[],"build_version":"2020-12-22","purchased_purges":1,"victory":false,"max_hp_per_floor":[65,65,65,65,65,65,65,65,65,65,65,65,65,65,65,65,65,65,65],"card_choices":[{"not_picked":["AdministrixMod:CrackingPangu","AdministrixMod:SipOfSparks"],"picked":"AdministrixMod:TrickOfTheLight","floor":1},{"not_picked":["infinitespire:SealOfDarkness+","infinitespire:Punishment"],"picked":"infinitespire:FutureSight","floor":3},{"not_picked":["AdministrixMod:SyncreticSurge","AdministrixMod:QuietConspiracy"],"picked":"AdministrixMod:TenDesires","floor":7},{"not_picked":["AdministrixMod:QuietConspiracy","AdministrixMod:SipOfSparks"],"picked":"AdministrixMod:BishamonBlessing","floor":11},{"not_picked":["AdministrixMod:PlateOfAntiquity","AdministrixMod:CastOffRegrets"],"picked":"AdministrixMod:CosmosControl","floor":12},{"not_picked":["AdministrixMod:TouchOfCinnabar","AdministrixMod:NoblePath"],"picked":"AdministrixMod:Convergence","floor":13},{"not_picked":["AdministrixMod:Schism","AdministrixMod:TenDesires"],"picked":"AdministrixMod:LifeforceNet","floor":16}],"player_experience":487617,"relics_obtained":[{"floor":9,"key":"Bag of Preparation"},{"floor":12,"key":"hubris:Metronome"}],"event_choices":[{"damage_healed":0,"gold_gain":0,"player_choice":"Success","damage_taken":7,"relics_obtained":["reliquary:Firecrackers"],"max_hp_gain":0,"max_hp_loss":0,"event_name":"Scrap Ooze","floor":4,"gold_loss":0},{"damage_healed":0,"gold_gain":0,"player_choice":"Entered Light","damage_taken":13,"max_hp_gain":0,"max_hp_loss":0,"event_name":"Shining Light","floor":14,"gold_loss":0,"cards_upgraded":["AdministrixMod:BlueCloak","AdministrixMod:Strike_Administrix"]}],"is_beta":false,"boss_relics":[{"not_picked":["hubris:CrackedHourglass","reliquary:KinkedSpring","energizedSpire:MagnifyingGlass"]}],"items_purged_floors":[5],"is_endless":false,"potions_floor_spawned":[1,12,13],"killed_by":"Chosen","ascension_level":0}}