{"host":"sc0o2qwpf9j16a4i","time":1614254333,"event":{"mods":["AchievementEnabler","BaseMod","BetterRewards","Block Reminder","Colored Map","Colored Powertips","Custom Start","Highlight Path","Minty Spire (QoL Compilation)","Relic Stats"],"gold_per_floor":[109,109,109,25,44,70,129,158,181,212,212,225,252,268,268,369,369,389,408,419,446,57,57,89,89,89,119,119,144,59,90,90,194,194,213,213,224,224,244,272,272,301,327,357,372,388,420,420,420,420],"floor_reached":51,"language":"ENG","playtime":1985,"items_purged":[],"score":1294,"play_id":"99644891-1055-4c55-8088-5cdaef26e79d","local_time":"20210225135853","daily_mods":["Chimera","Time Dilation","Elite Swarm"],"is_ascension_mode":false,"campfire_choices":[{"floor":11,"key":"REST"},{"data":"Devotion","floor":15,"key":"SMITH"},{"data":"TalkToTheHand","floor":23,"key":"SMITH"},{"data":"Omniscience","floor":25,"key":"SMITH"},{"data":"Omniscience","floor":28,"key":"SMITH"},{"floor":32,"key":"REST"},{"data":"Omniscience","floor":41,"key":"SMITH"},{"data":"Wish","floor":49,"key":"SMITH"}],"circlet_count":0,"master_deck":["Bash","Survivor+1","Eruption+1","Strike_B+1","Defend_R","Defend_G+1","Defend_P","Meditate","DeceiveReality","Devotion+1","ClearTheMind","Alpha","Omniscience+1","SashWhip","DevaForm","ThirdEye","Omniscience+1","FollowUp+1","EmptyFist+1","Halt+1","TalkToTheHand+1","Protect","Protect","Omniscience+1","Vault","Establishment","Ragnarok+1","Vault","SpiritShield","DeceiveReality","Worship","Pain","Fasting2","Wish+1","Devotion","Omniscience+1","CutThroughFate+1","Meditate+1","Omniscience+1"],"relics":["PureWater","Bag of Preparation","Smiling Mask","Nunchaku","War Paint","Boot","PreservedInsect","Astrolabe","Centennial Puzzle","Molten Egg 2","DollysMirror","Pen Nib","Lantern","Pantograph","Potion Belt","Akabeko","InkBottle","Coffee Dripper","WarpedTongs","Vajra","Strawberry","Regal Pillow","Toxic Egg 2","Juzu Bracelet"],"acts_visited":["Exordium","TheCity","TheBeyond"],"potions_floor_usage":[6,7,16,18,19,39,39,40,50,50,50,50],"damage_taken":[{"damage":0,"enemies":"Cultist","floor":1,"turns":2},{"damage":0,"enemies":"Jaw Worm","floor":5,"turns":3},{"damage":11,"enemies":"Gremlin Nob","floor":6,"turns":3},{"damage":19,"enemies":"Gremlin Nob","floor":7,"turns":3},{"damage":0,"enemies":"Lagavulin","floor":8,"turns":3},{"damage":0,"enemies":"Gremlin Nob","floor":10,"turns":2},{"damage":0,"enemies":"2 Louse","floor":12,"turns":2},{"damage":0,"enemies":"Lagavulin","floor":13,"turns":4},{"damage":4,"enemies":"2 Fungi Beasts","floor":14,"turns":5},{"damage":3,"enemies":"The Guardian","floor":16,"turns":9},{"damage":0,"enemies":"3 Byrds","floor":18,"turns":2},{"damage":0,"enemies":"2 Thieves","floor":19,"turns":4},{"damage":0,"enemies":"Snake Plant","floor":20,"turns":3},{"damage":30,"enemies":"Slavers","floor":24,"turns":7},{"damage":0,"enemies":"Gremlin Leader","floor":27,"turns":5},{"damage":0,"enemies":"Book of Stabbing","floor":29,"turns":5},{"damage":0,"enemies":"Gremlin Leader","floor":31,"turns":3},{"damage":0,"enemies":"Champ","floor":33,"turns":5},{"damage":0,"enemies":"Orb Walker","floor":35,"turns":2},{"damage":0,"enemies":"3 Darklings","floor":37,"turns":1},{"damage":16,"enemies":"Transient","floor":39,"turns":6},{"damage":8,"enemies":"Reptomancer","floor":40,"turns":1},{"damage":0,"enemies":"Nemesis","floor":42,"turns":1},{"damage":0,"enemies":"Reptomancer","floor":44,"turns":2},{"damage":0,"enemies":"Jaw Worm Horde","floor":45,"turns":4},{"damage":0,"enemies":"Sphere and 2 Shapes","floor":46,"turns":3},{"damage":1,"enemies":"Giant Head","floor":47,"turns":6},{"damage":1,"enemies":"Time Eater","floor":50,"turns":5}],"seed_played":"4488937281886729167","potions_obtained":[{"floor":5,"key":"SpeedPotion"},{"floor":7,"key":"Block Potion"},{"floor":8,"key":"FearPotion"},{"floor":12,"key":"Explosive Potion"},{"floor":16,"key":"Fire Potion"},{"floor":18,"key":"DuplicationPotion"},{"floor":19,"key":"Ancient Potion"},{"floor":29,"key":"LiquidBronze"},{"floor":31,"key":"Regen Potion"},{"floor":37,"key":"EntropicBrew"},{"floor":45,"key":"SpeedPotion"},{"floor":48,"key":"SteroidPotion"},{"floor":48,"key":"Ambrosia"}],"is_trial":true,"path_per_floor":["M","?","?","$","M","E","?","E","T","E","R","M","E","M","R","B",null,"M","M","M","T","$","R","E","R","T","E","R","E","?","E","R","B",null,"M","?","M","?","M","E","R","E","T","E","M","M","E","?","R","B",null],"character_chosen":"WATCHER","items_purchased":["CarveReality","SkillPotion","Molten Egg 2","DollysMirror"],"campfire_rested":2,"item_purchase_floors":[4,4,22,22],"current_hp_per_floor":[72,72,58,58,58,47,28,28,28,28,49,49,49,45,45,42,72,72,72,72,72,72,72,42,42,42,42,42,42,42,42,63,72,72,72,72,72,72,56,48,48,55,55,55,55,55,54,54,54,78],"gold":420,"neow_bonus":"","is_daily":false,"chose_seed":false,"campfire_upgraded":6,"win_rate":0.0,"timestamp":1614254333,"path_taken":["M","?","?","$","M","E","?","E","T","E","R","?","E","M","R","BOSS","M","?","M","?","?","R","E","R","T","E","R","E","?","E","R","BOSS","M","?","M","?","M","E","R","E","T","E","M","M","E","?","R","BOSS"],"items_purchased_type":["Card","Potion","Relic","Relic"],"build_version":"2020-12-22","purchased_purges":0,"victory":true,"max_hp_per_floor":[72,72,72,72,72,72,72,72,72,72,72,72,72,72,72,72,72,72,72,72,72,72,72,72,72,72,72,72,72,72,72,72,72,72,72,72,72,72,72,72,72,79,79,79,79,79,79,79,79,79],"relic_stats":{"Regal Pillow":0,"counters":[28,101],"Astrolabe":["FollowUp","EmptyFist","Halt"],"PreservedInsect":461,"Pen Nib":[7],"Bag of Preparation":[50],"Juzu Bracelet":1,"War Paint":["Defend_G","Survivor"],"Smiling Mask":0,"Boot":[10],"WarpedTongs":[28],"Nunchaku":[12],"Centennial Puzzle":[15],"Pantograph":34,"obtain_stats":[{"Potion Belt":29,"Lantern":26,"Regal Pillow":43,"Astrolabe":17,"Vajra":40,"PreservedInsect":13,"Pen Nib":24,"Bag of Preparation":6,"Juzu Bracelet":47,"War Paint":9,"Smiling Mask":7,"Boot":10,"Akabeko":30,"WarpedTongs":38,"Nunchaku":8,"Centennial Puzzle":21,"DollysMirror":22,"Pantograph":27,"Strawberry":42,"Molten Egg 2":22,"Coffee Dripper":34,"PureWater":0,"Toxic Egg 2":44,"InkBottle":31},{"Potion Belt":16,"Lantern":14,"Regal Pillow":23,"Astrolabe":10,"Vajra":22,"PreservedInsect":8,"Pen Nib":14,"Bag of Preparation":3,"Juzu Bracelet":27,"War Paint":5,"Smiling Mask":3,"Boot":6,"Akabeko":16,"WarpedTongs":20,"Nunchaku":5,"Centennial Puzzle":13,"DollysMirror":13,"Pantograph":15,"Strawberry":23,"Molten Egg 2":13,"Coffee Dripper":18,"PureWater":0,"Toxic Egg 2":24,"InkBottle":17},{"Potion Belt":62,"Lantern":52,"Regal Pillow":81,"Astrolabe":36,"Vajra":80,"PreservedInsect":22,"Pen Nib":52,"Bag of Preparation":8,"Juzu Bracelet":96,"War Paint":14,"Smiling Mask":8,"Boot":16,"Akabeko":62,"WarpedTongs":73,"Nunchaku":14,"Centennial Puzzle":45,"DollysMirror":45,"Pantograph":57,"Strawberry":81,"Molten Egg 2":45,"Coffee Dripper":70,"PureWater":0,"Toxic Egg 2":83,"InkBottle":65}],"InkBottle":[18]},"card_choices":[{"not_picked":["ThirdEye","Worship"],"picked":"Meditate","floor":1},{"not_picked":["WreathOfFlame","Halt"],"picked":"DeceiveReality","floor":5},{"not_picked":["Vault","DeusExMachina"],"picked":"Devotion","floor":6},{"not_picked":["CrushJoints","Indignation"],"picked":"ClearTheMind","floor":7},{"not_picked":["Scrawl","Judgement"],"picked":"Alpha","floor":8},{"not_picked":["Alpha","ConjureBlade"],"picked":"Omniscience","floor":10},{"not_picked":["SignatureMove","ClearTheMind"],"picked":"SashWhip","floor":12},{"not_picked":["Vault","Alpha"],"picked":"DevaForm","floor":13},{"not_picked":["JustLucky","Prostrate"],"picked":"ThirdEye","floor":14},{"not_picked":["Brilliance","Judgement"],"picked":"Omniscience","floor":16},{"not_picked":["ClearTheMind+1","ReachHeaven"],"picked":"TalkToTheHand","floor":18},{"not_picked":["Swivel","WreathOfFlame"],"picked":"Protect","floor":19},{"not_picked":["PathToVictory+1","BowlingBash+1"],"picked":"Protect","floor":20},{"not_picked":["DeusExMachina","LessonLearned+1"],"picked":"Vault","floor":24},{"not_picked":["Brilliance+1","Devotion"],"picked":"Establishment","floor":27},{"not_picked":["Establishment","LessonLearned+1"],"picked":"Ragnarok+1","floor":29},{"not_picked":["LessonLearned+1","Brilliance+1"],"picked":"Vault","floor":31},{"not_picked":["Alpha","DeusExMachina"],"picked":"SpiritShield","floor":33},{"not_picked":["EmptyBody","FollowUp+1"],"picked":"DeceiveReality","floor":35},{"not_picked":["Evaluate+1","EmptyBody+1"],"picked":"Worship","floor":37},{"not_picked":["ThirdEye+1","Evaluate"],"picked":"Fasting2","floor":39},{"not_picked":["Scrawl","Brilliance+1"],"picked":"Wish","floor":40},{"not_picked":["LessonLearned+1","Blasphemy"],"picked":"Devotion","floor":42},{"not_picked":["Alpha+1","Brilliance+1"],"picked":"Omniscience+1","floor":44},{"not_picked":["SignatureMove+1","Consecrate+1"],"picked":"CutThroughFate+1","floor":45},{"not_picked":["PathToVictory+1","Wallop+1"],"picked":"Meditate+1","floor":46},{"not_picked":["Devotion","Establishment"],"picked":"Omniscience+1","floor":47}],"player_experience":1541116,"relics_obtained":[{"floor":6,"key":"Bag of Preparation"},{"floor":8,"key":"Nunchaku"},{"floor":9,"key":"War Paint"},{"floor":10,"key":"Boot"},{"floor":13,"key":"PreservedInsect"},{"floor":21,"key":"Centennial Puzzle"},{"floor":24,"key":"Pen Nib"},{"floor":26,"key":"Lantern"},{"floor":27,"key":"Pantograph"},{"floor":29,"key":"Potion Belt"},{"floor":31,"key":"InkBottle"},{"floor":40,"key":"Vajra"},{"floor":42,"key":"Strawberry"},{"floor":43,"key":"Regal Pillow"},{"floor":44,"key":"Toxic Egg 2"},{"floor":47,"key":"Juzu Bracelet"}],"event_choices":[{"damage_healed":0,"gold_gain":0,"player_choice":"Grow","damage_taken":0,"max_hp_gain":0,"max_hp_loss":0,"event_name":"Living Wall","floor":2,"gold_loss":0,"cards_upgraded":["Eruption"]},{"damage_healed":0,"gold_gain":0,"player_choice":"Entered Light","damage_taken":14,"max_hp_gain":0,"max_hp_loss":0,"event_name":"Shining Light","floor":3,"gold_loss":0,"cards_upgraded":["Zap","Strike_B"]},{"damage_healed":0,"gold_gain":0,"player_choice":"Searched \u00272\u0027 times","damage_taken":0,"relics_obtained":["Smiling Mask"],"max_hp_gain":0,"max_hp_loss":0,"event_name":"Dead Adventurer","floor":7,"gold_loss":0},{"damage_healed":0,"gold_gain":0,"player_choice":"Obtained Relic","damage_taken":0,"relics_obtained":["Akabeko"],"max_hp_gain":0,"max_hp_loss":0,"event_name":"Addict","floor":30,"gold_loss":85},{"cards_removed":["CarveReality"],"damage_healed":0,"gold_gain":0,"player_choice":"Removed Attack","damage_taken":0,"max_hp_gain":0,"max_hp_loss":0,"event_name":"Falling","floor":36,"gold_loss":0},{"damage_healed":0,"gold_gain":0,"player_choice":"Rummage","damage_taken":0,"relics_obtained":["WarpedTongs"],"max_hp_gain":0,"max_hp_loss":0,"event_name":"Accursed Blacksmith","floor":38,"gold_loss":0,"cards_obtained":["Pain"]},{"damage_healed":0,"gold_gain":0,"player_choice":"Got Potions","damage_taken":0,"max_hp_gain":0,"max_hp_loss":0,"event_name":"Lab","floor":48,"gold_loss":0}],"is_beta":false,"boss_relics":[{"not_picked":["Fusion Hammer","Runic Dome"],"picked":"Astrolabe"},{"not_picked":["Pandora\u0027s Box","Busted Crown"],"picked":"Coffee Dripper"}],"items_purged_floors":[],"is_endless":false,"potions_floor_spawned":[5,7,8,12,13,16,18,19,29,31,35,37,45,47],"ascension_level":0}}