{"host":"coim2kcsdwzna1mk","time":1614239741,"event":{"mods":["100% Spire Juice","2.2 Compatiblity","AchievementEnabler","Act Like it!","AlwaysNeverKeys","Aspiration","BaseMod","Beaked The Cultist","Bestiary","Better Match","Better Note","Better Skull","Better Third Choice","BetterRewards","Colored Map","Colored Powertips","Colorless Booster Pack","Conspire","Downfall","Ekko","Gensokyo","GifTheSpireLib","Gremlin Mod","GungeonMod","Halation","Hallownest","HexUI Lib","Highlight Path","HololiveMod","Hubris","Hyrulean Relics","Infinite Spire","Ironclad Rager","Jorbs\u0027s Wanderer Trilogy","Library of Ruina","Library of Ruina Extra","Menagerie","Minty Spire (QoL Compilation)","Pale of the Ancients","Quarter Circle Forward PUNCH!","RatMod","Reliquary","Replay The Spire","Retaliation","Robot Space Explorer","Ruina","Shade Mod","Shop Mod","Spicy Shops","Spikes Relics","Spire Arcade","StSLib","Strawberry Spire","Stuff the Spire","SuperFastMode","The Animator","The Dragon Tamer","The Jungle","TheHero","TheVelvet","Wandering Minibosses","yUi"],"gold_per_floor":[99,116,134,63,82,108,108,120,133,128,118,118,118],"floor_reached":11,"language":"ENG","playtime":632,"items_purged":[],"score":102,"play_id":"1353a1c6-19d2-42e7-9c94-40f088507cad","local_time":"20210225025541","is_ascension_mode":false,"campfire_choices":[{"data":"hexamod:StepThrough","floor":1,"key":"SMITH"}],"circlet_count":0,"master_deck":["hexamod:Strike","hexamod:Strike","hexamod:Strike","hexamod:Strike","hexamod:Defend+1","hexamod:Defend","hexamod:Defend","hexamod:Defend+1","hexamod:Sear","hexamod:Float","hexamod:StepThrough+1","hexamod:FastForward","hexamod:EmpoweredFlame","hexamod:FirstSeal","hexamod:ThirdSeal","hexamod:PhantomCloak+1","hexamod:SixthSeal","hexamod:InspiringFlames","hexamod:Hexaguard"],"relics":["hexamod:SpiritBrand","reliquary:HotPoker","strawberrySpire:MawJerky"],"acts_visited":["Exordium"],"potions_floor_usage":[5,6,11],"damage_taken":[{"damage":8,"enemies":"Jaw Worm","floor":2,"turns":3},{"damage":0,"enemies":"Cultist","floor":3,"turns":4},{"damage":0,"enemies":"downfall:FleeingMerchant","floor":4,"turns":5},{"damage":0,"enemies":"2 Louse","floor":5,"turns":3},{"damage":0,"enemies":"Lagavulin","floor":6,"turns":8},{"damage":26,"enemies":"Exordium Thugs","floor":8,"turns":7},{"damage":2,"enemies":"Blue Slaver","floor":9,"turns":5},{"damage":24,"enemies":"3 Louse","floor":10,"turns":7},{"damage":36,"enemies":"strawberrySpire:EnergyPylons","floor":11,"turns":7}],"seed_played":"4095027674357314837","potions_obtained":[{"floor":2,"key":"Dexterity Potion"},{"floor":3,"key":"Fire Potion"},{"floor":9,"key":"bronze:BurnAndBuffPotion"}],"is_trial":false,"path_per_floor":["R","M","M","$","M","E","T","M","M","M","E"],"character_chosen":"THE_SPIRIT","items_purchased":["hexamod:ThirdSeal"],"campfire_rested":0,"item_purchase_floors":[4],"current_hp_per_floor":[70,62,62,62,69,70,70,51,49,32,0,0,0],"gold":118,"neow_bonus":"THREE_CARDS","is_daily":false,"chose_seed":false,"campfire_upgraded":1,"win_rate":0.0,"timestamp":1614239741,"path_taken":["R","M","M","$","M","E","T","M","M","M","E"],"items_purchased_type":["Card"],"build_version":"2020-12-22","purchased_purges":0,"victory":false,"max_hp_per_floor":[70,70,70,70,70,70,70,70,70,70,70,70,70],"card_choices":[{"not_picked":["hexamod:InspiringFlames","hexamod:HeatMetal"],"picked":"hexamod:StepThrough","floor":0},{"not_picked":["hexamod:GhostLash","hexamod:NightmareGuise"],"picked":"hexamod:FastForward","floor":2},{"not_picked":["hexamod:BurningTouch","hexamod:StepThrough"],"picked":"hexamod:EmpoweredFlame","floor":3},{"not_picked":["hexamod:SoulSteal","hexamod:Hexaguard"],"picked":"hexamod:FirstSeal","floor":4},{"not_picked":["hexamod:HeatShield","hexamod:NightmareGuise"],"picked":"hexamod:PhantomCloak","floor":5},{"not_picked":["hexamod:BacktrackSmack","hexamod:FastForward","hexamod:HeatMetal"],"picked":"SKIP","floor":5},{"not_picked":["hexamod:SpectersWail","hexamod:ThirdSeal"],"picked":"hexamod:SixthSeal","floor":6},{"not_picked":["hexamod:Rewind","hexamod:Incineration","hexamod:ThermalTransfer"],"picked":"SKIP","floor":6},{"not_picked":["hexamod:InspiringFlames","hexamod:RecurringNightmare","hexamod:NightmareGuise"],"picked":"SKIP","floor":8},{"not_picked":["hexamod:CatchUp","hexamod:HauntingEcho","hexamod:PhantomFireball"],"picked":"SKIP","floor":8},{"not_picked":["hexamod:HauntingEcho","hexamod:HexaLevel"],"picked":"hexamod:InspiringFlames","floor":9},{"not_picked":["hexamod:BacktrackSmack","hexamod:RecurringNightmare","hexamod:InspiringFlames"],"picked":"SKIP","floor":9},{"not_picked":["hexamod:BacktrackSmack","hexamod:RecurringNightmare","hexamod:InspiringFlames"],"picked":"SKIP","floor":9},{"not_picked":["hexamod:PhantomCloak","hexamod:NightmareStrike"],"picked":"hexamod:Hexaguard","floor":10},{"not_picked":["hexamod:FastForward","hexamod:InspiringFlames","hexamod:HexaLevel"],"picked":"SKIP","floor":10}],"player_experience":135937,"relics_obtained":[{"floor":6,"key":"reliquary:HotPoker"},{"floor":7,"key":"strawberrySpire:MawJerky"}],"event_choices":[],"is_beta":false,"boss_relics":[],"items_purged_floors":[],"is_endless":false,"potions_floor_spawned":[2,3,9],"killed_by":"strawberrySpire:EnergyPylons","ascension_level":0}}