{"host":"lxu17chzujqn8whl","time":1614274767,"event":{"mods":["BaseMod","Minty Spire (QoL Compilation)","Relic Stats","StSLib"],"gold_per_floor":[113,126,141,68,87,113,131,131,131,165,165,181,207,219,219,317,317,327,327,347,362,375,407,425,434,443,469,23,54,16,39,39,144,144,172,190,210,57,406,406,424,424,457,457,467,467,493,518,518,518,518],"floor_reached":50,"language":"ENG","playtime":1814,"items_purged":["Writhe"],"score":562,"play_id":"3c2831b9-871d-481a-b195-404268c6b1cc","local_time":"20210225093927","is_ascension_mode":false,"campfire_choices":[{"floor":8.0,"key":"REST"},{"floor":11.0,"key":"REST"},{"data":"Defragment","floor":15.0,"key":"SMITH"},{"floor":32,"key":"DIG"},{"data":"1","floor":40,"key":"LIFT"},{"data":"2","floor":42,"key":"LIFT"},{"data":"3","floor":46,"key":"LIFT"},{"floor":49,"key":"DIG"}],"circlet_count":0,"master_deck":["Strike_B","Strike_B","Strike_B","Strike_B","Defend_B","Defend_B","Defend_B","Defend_B","Zap","Dualcast","Coolheaded","Streamline","Melter","Electrodynamics","Rip and Tear","Self Repair","Glacier","Glacier","Hologram","Doom and Gloom","Defragment+1","Seek","Sweeping Beam+1","Necronomicurse","Cold Snap","Creative AI","Parasite","Defragment+1","Conserve Battery","Coolheaded","Turbo","Barrage+1","Aggregate+1","Decay","Conserve Battery","White Noise+1"],"relics":["Cracked Core","Bag of Marbles","Sundial","Cables","Girya","Cursed Key","Necronomicon","Shovel","CeramicFish","InkBottle","Gremlin Horn","Eternal Feather","Blood Vial","Philosopher\u0027s Stone","Lee\u0027s Waffle","Old Coin","Regal Pillow","White Beast Statue"],"acts_visited":["Exordium","TheCity","TheBeyond"],"potions_floor_usage":[22,23,33,33,33,36,48,50,50],"damage_taken":[{"damage":5.0,"enemies":"Small Slimes","floor":1.0,"turns":3.0},{"damage":6.0,"enemies":"Jaw Worm","floor":2.0,"turns":3.0},{"damage":3.0,"enemies":"2 Louse","floor":3.0,"turns":2.0},{"damage":19.0,"enemies":"Blue Slaver","floor":5.0,"turns":3.0},{"damage":15.0,"enemies":"3 Sentries","floor":6.0,"turns":4.0},{"damage":21.0,"enemies":"Large Slime","floor":7.0,"turns":4.0},{"damage":24.0,"enemies":"Gremlin Nob","floor":10.0,"turns":4.0},{"damage":4.0,"enemies":"Gremlin Gang","floor":12.0,"turns":3.0},{"damage":14.0,"enemies":"3 Sentries","floor":13.0,"turns":4.0},{"damage":0.0,"enemies":"Lots of Slimes","floor":14.0,"turns":1.0},{"damage":10.0,"enemies":"The Guardian","floor":16.0,"turns":11.0},{"damage":5.0,"enemies":"Chosen","floor":18.0,"turns":4.0},{"damage":5.0,"enemies":"Shell Parasite","floor":20.0,"turns":3.0},{"damage":1.0,"enemies":"Shelled Parasite and Fungi","floor":21.0,"turns":6.0},{"damage":0,"enemies":"Snake Plant","floor":22,"turns":2},{"damage":7,"enemies":"Slavers","floor":23,"turns":2},{"damage":0,"enemies":"3 Cultists","floor":24,"turns":2},{"damage":8,"enemies":"Centurion and Healer","floor":27,"turns":4},{"damage":17,"enemies":"Gremlin Leader","floor":29,"turns":4},{"damage":10,"enemies":"Chosen and Byrds","floor":31,"turns":3},{"damage":7,"enemies":"Champ","floor":33,"turns":11},{"damage":0,"enemies":"3 Shapes","floor":35,"turns":1},{"damage":32,"enemies":"3 Darklings","floor":36,"turns":3},{"damage":27,"enemies":"Spire Growth","floor":37,"turns":5},{"damage":46,"enemies":"2 Orb Walkers","floor":39,"turns":4},{"damage":10,"enemies":"Jaw Worm Horde","floor":41,"turns":2},{"damage":24,"enemies":"3 Darklings","floor":45,"turns":4},{"damage":6,"enemies":"4 Shapes","floor":47,"turns":1},{"damage":19,"enemies":"Maw","floor":48,"turns":6},{"damage":52,"enemies":"Awakened One","floor":50,"turns":11}],"seed_played":"3727978726005397769","potions_obtained":[{"floor":5.0,"key":"SpeedPotion"},{"floor":7.0,"key":"AttackPotion"},{"floor":12.0,"key":"BlessingOfTheForge"},{"floor":13.0,"key":"FocusPotion"},{"floor":14.0,"key":"Swift Potion"},{"floor":16.0,"key":"PowerPotion"},{"floor":18.0,"key":"LiquidBronze"},{"floor":23,"key":"SteroidPotion"},{"floor":33,"key":"Dexterity Potion"},{"floor":35,"key":"SteroidPotion"},{"floor":36,"key":"GamblersBrew"},{"floor":41,"key":"SpeedPotion"}],"is_trial":false,"path_per_floor":["M","M","M","$","M","E","M","R","T","E","R","M","E","M","R","B",null,"M","?","M","M","M","E","M","?","T","M","$","E","$","M","R","B",null,"M","M","M","$","?","R","M","R","T","?","M","R","M","M","R","B"],"character_chosen":"DEFECT","items_purchased":["Electrodynamics","Gremlin Horn","EssenceOfDarkness","Conserve Battery","Coolheaded","Lee\u0027s Waffle"],"campfire_rested":2,"item_purchase_floors":[4,28,28,28,30,38],"current_hp_per_floor":[77,71,68,68,49,34,20,44,44,27,51,47,40,40,40,30,82,77,61,56,62,62,55,55,55,55,54,54,44,44,34,52,47,82,82,57,39,89,50,68,67,85,85,85,70,88,89,77,89,37,37],"gold":518,"neow_bonus":"TEN_PERCENT_HP_BONUS","is_daily":false,"chose_seed":false,"campfire_upgraded":1,"win_rate":0.0,"timestamp":1614274767,"path_taken":["M","M","M","$","M","E","M","R","T","E","R","M","E","M","R","BOSS","M","?","M","M","M","E","M","?","T","M","$","E","?","M","R","BOSS","M","M","M","$","?","R","M","R","T","?","M","R","M","M","R","BOSS"],"items_purchased_type":["Card","Relic","Potion","Card","Card","Relic"],"build_version":"2020-12-22","purchased_purges":1,"victory":false,"max_hp_per_floor":[82,82,82,82,82,82,82,82,82,82,82,82,82,82,82,82,82,82,82,82,82,82,82,82,82,82,82,82,82,82,82,82,82,82,82,82,82,89,89,89,89,89,89,89,89,89,89,89,89,89,89],"relic_stats":{"Lee\u0027s Waffle":50,"Regal Pillow":0,"Gremlin Horn":[21,21],"counters":[30,119],"CeramicFish":99,"Eternal Feather":84,"Cursed Key":2,"Cables":[77,37,24,16,0],"Blood Vial":9,"Shovel":2,"Sundial":[6],"Necronomicon":[34],"obtain_stats":[{"Girya":13,"Lee\u0027s Waffle":38,"Regal Pillow":43,"Gremlin Horn":28,"CeramicFish":25,"Eternal Feather":29,"Cursed Key":17,"White Beast Statue":49,"Cables":10,"Old Coin":39,"Blood Vial":32,"Shovel":23,"Sundial":9,"Philosopher\u0027s Stone":34,"Bag of Marbles":6,"Necronomicon":19,"Cracked Core":0,"InkBottle":26},{"Girya":9,"Lee\u0027s Waffle":24,"Regal Pillow":26,"Gremlin Horn":18,"CeramicFish":17,"Eternal Feather":19,"Cursed Key":11,"White Beast Statue":29,"Cables":7,"Old Coin":25,"Blood Vial":20,"Shovel":16,"Sundial":6,"Philosopher\u0027s Stone":21,"Bag of Marbles":5,"Necronomicon":12,"Cracked Core":0,"InkBottle":17},{"Girya":30,"Lee\u0027s Waffle":91,"Regal Pillow":97,"Gremlin Horn":65,"CeramicFish":61,"Eternal Feather":69,"Cursed Key":42,"White Beast Statue":108,"Cables":23,"Old Coin":95,"Blood Vial":72,"Shovel":59,"Sundial":19,"Philosopher\u0027s Stone":82,"Bag of Marbles":15,"Necronomicon":46,"Cracked Core":0,"InkBottle":61}],"InkBottle":[26]},"card_choices":[{"not_picked":["Stack","Gash"],"picked":"Coolheaded","floor":1.0},{"not_picked":["Steam","Amplify"],"picked":"Streamline","floor":2.0},{"not_picked":["Stack","Hello World"],"picked":"Melter","floor":3.0},{"not_picked":["FTL","Storm"],"picked":"Rip and Tear","floor":5.0},{"not_picked":["Consume","Sweeping Beam"],"picked":"Self Repair","floor":6.0},{"not_picked":["Rebound","Beam Cell"],"picked":"Glacier","floor":7.0},{"not_picked":["Heatsinks","Hologram"],"picked":"Glacier","floor":10.0},{"not_picked":["Compile Driver","Chaos"],"picked":"Hologram","floor":12.0},{"not_picked":["Recycle","Streamline"],"picked":"Doom and Gloom","floor":13.0},{"not_picked":["Sweeping Beam","Auto Shields"],"picked":"Defragment","floor":14.0},{"not_picked":["Amplify","Biased Cognition"],"picked":"Seek","floor":16.0},{"not_picked":["Hologram","Coolheaded"],"picked":"Sweeping Beam+1","floor":18.0},{"not_picked":["Chaos","Steam","Gash"],"picked":"SKIP","floor":20.0},{"not_picked":["Undo","Rebound"],"picked":"Cold Snap","floor":21.0},{"not_picked":["Auto Shields","Blizzard","Darkness+1"],"picked":"SKIP","floor":22},{"not_picked":["Go for the Eyes","Stack","Steam"],"picked":"SKIP","floor":23},{"not_picked":["Blizzard","Gash"],"picked":"Creative AI","floor":24},{"not_picked":["Lockon","Gash+1"],"picked":"Defragment+1","floor":27},{"not_picked":["Redo","Thunder Strike","Melter"],"picked":"SKIP","floor":29},{"not_picked":["Stack","Hologram"],"picked":"Turbo","floor":31},{"not_picked":["Ball Lightning+1","Go for the Eyes"],"picked":"Barrage+1","floor":35},{"not_picked":["Auto Shields","Blizzard","Scrape"],"picked":"SKIP","floor":36},{"not_picked":["Steam","Force Field+1"],"picked":"Aggregate+1","floor":37},{"not_picked":["Leap","BootSequence+1","Stack+1"],"picked":"SKIP","floor":41},{"not_picked":["Rip and Tear","Heatsinks+1","Streamline"],"picked":"SKIP","floor":45},{"not_picked":["Static Discharge+1","Force Field"],"picked":"Conserve Battery","floor":47},{"not_picked":["Defragment","Steam+1"],"picked":"White Noise+1","floor":48}],"player_experience":734481,"relics_obtained":[{"floor":6.0,"key":"Bag of Marbles"},{"floor":9.0,"key":"Sundial"},{"floor":10.0,"key":"Cables"},{"floor":13.0,"key":"Girya"},{"floor":19.0,"key":"Necronomicon"},{"floor":23,"key":"Shovel"},{"floor":26,"key":"InkBottle"},{"floor":29,"key":"Eternal Feather"},{"floor":32,"key":"Blood Vial"},{"floor":39,"key":"Old Coin"},{"floor":43,"key":"Regal Pillow"},{"floor":49,"key":"White Beast Statue"}],"event_choices":[{"damage_healed":0.0,"max_hp_gain":0.0,"max_hp_loss":0.0,"gold_gain":0.0,"event_name":"Cursed Tome","player_choice":"Obtained Book","floor":19.0,"gold_loss":0.0,"damage_taken":16.0},{"damage_healed":0,"gold_gain":0,"player_choice":"Opened","damage_taken":0,"relics_obtained":["CeramicFish"],"max_hp_gain":0,"max_hp_loss":0,"event_name":"The Mausoleum","floor":25,"gold_loss":0,"cards_obtained":["Writhe"]},{"damage_healed":0,"gold_gain":0,"player_choice":"Fight","damage_taken":0,"max_hp_gain":0,"max_hp_loss":0,"event_name":"Mysterious Sphere","floor":39,"gold_loss":0},{"damage_healed":0,"gold_gain":0,"player_choice":"Ignored","damage_taken":0,"max_hp_gain":0,"max_hp_loss":0,"event_name":"Tomb of Lord Red Mask","floor":44,"gold_loss":0}],"is_beta":false,"boss_relics":[{"not_picked":["Pandora\u0027s Box","FrozenCore"],"picked":"Cursed Key"},{"not_picked":["Astrolabe","Nuclear Battery"],"picked":"Philosopher\u0027s Stone"}],"items_purged_floors":[28],"is_endless":false,"potions_floor_spawned":[5,7,12,13,14,16,18,23,29,33,35,36,41,47],"killed_by":"Awakened One","ascension_level":0}}