{"host":"i0m6ffz3lpe3z1ky","time":1614275976,"event":{"mods":["Aspiration","BaseMod","Bestiary","BetterRewards","Colored Map","Conspire","Energized Spire","Highlight Path","Hubris","Ironclad Rager","Minty Spire (QoL Compilation)","Quick Restart","Reliquary","Shop Mod","Spicy Shops","StSLib","Thieving Mod"],"gold_per_floor":[119,119,119,129,139,139,165,165,212,225,225,5,87,121,121,192,192,209,222,242,260,277,277,277],"floor_reached":23,"language":"KOR","playtime":1052,"items_purged":["Injury","Strike_R"],"score":455,"play_id":"997e0159-29df-40cb-a283-1f88efd1a38e","local_time":"20210226025936","is_ascension_mode":true,"campfire_choices":[{"data":"Demon Form","floor":6.0,"key":"SMITH"},{"data":"Shrug It Off","floor":8.0,"key":"SMITH"},{"data":"Finesse","floor":15,"key":"SMITH"}],"circlet_count":0,"master_deck":["AscendersBane","Strike_R","Strike_R","Strike_R","Strike_R","Defend_R","Defend_R","Defend_R","Defend_R","Bash","Shrug It Off+1","Finesse+1","Seeing Red","Shrug It Off","Demon Form+1","Inflame+1","Barricade+1"],"relics":["Burning Blood","Membership Card","OrangePellets","Sling","Vajra","Ancient Tea Set","Oddly Smooth Stone","reliquary:Spinner","Tiny Chest","reliquary:Stiletto","reliquary:BrokenClock","Regal Pillow","reliquary:ExpiredCoupon","reliquary:NewFriend","hubris:TinFlute","Frozen Egg 2","FossilizedHelix","Gremlin Horn","Pear","Smiling Mask","Black Star"],"acts_visited":["Exordium","TheCity"],"potions_floor_usage":[14,20,21,23],"damage_taken":[{"damage":0.0,"enemies":"Jaw Worm","floor":1.0,"turns":5.0},{"damage":2.0,"enemies":"2 Louse","floor":4.0,"turns":3.0},{"damage":0.0,"enemies":"Cultist","floor":5.0,"turns":3.0},{"damage":0.0,"enemies":"3 Sentries","floor":7.0,"turns":8.0},{"damage":0.0,"enemies":"Exordium Thugs","floor":10.0,"turns":7.0},{"damage":0,"enemies":"Gremlin Nob","floor":14,"turns":4},{"damage":40,"enemies":"Hexaghost","floor":16,"turns":8},{"damage":3,"enemies":"Chosen","floor":18,"turns":7},{"damage":25,"enemies":"Shell Parasite","floor":19,"turns":6},{"damage":20,"enemies":"Snecko","floor":20,"turns":10},{"damage":15,"enemies":"Centurion and Healer","floor":21,"turns":7},{"damage":11,"enemies":"Snake Plant","floor":22,"turns":5},{"damage":29,"enemies":"Slavers","floor":23,"turns":3}],"seed_played":"-1586706877566180661","potions_obtained":[{"floor":7.0,"key":"Swift Potion"},{"floor":14,"key":"LiquidMemories"},{"floor":16,"key":"SteroidPotion"},{"floor":18,"key":"Fire Potion"},{"floor":22,"key":"ElixirPotion"}],"is_trial":false,"path_per_floor":["M","?","?","M","M","R","E","R","T","M","?","$","T","E","R","B",null,"M","M","M","M","M","E"],"character_chosen":"IRONCLAD","items_purchased":["Membership Card","OrangePellets","ThievingMod:ThievingPotion","Gremlin Horn"],"campfire_rested":0,"item_purchase_floors":[0,0,0,12],"current_hp_per_floor":[39,64,64,68,74,74,75,75,75,75,75,75,85,85,85,51,77,80,61,47,38,33,4,4],"gold":277,"neow_bonus":"","is_daily":false,"chose_seed":false,"campfire_upgraded":3,"win_rate":0.0,"timestamp":1614275976,"path_taken":["M","?","?","M","M","R","E","R","T","M","?","$","?","E","R","BOSS","M","?","M","M","M","E"],"items_purchased_type":["Relic","Relic","Potion","Relic"],"build_version":"2020-12-22","purchased_purges":2,"victory":false,"max_hp_per_floor":[75,75,75,75,75,75,75,75,75,75,75,75,85,85,85,85,85,85,85,85,85,85,85,85],"card_choices":[{"not_picked":["Sword Boomerang","Fire Breathing"],"picked":"Seeing Red","floor":1.0},{"not_picked":["Flex","Clothesline"],"picked":"Shrug It Off","floor":4.0},{"not_picked":["Thunderclap","Pommel Strike"],"picked":"Demon Form","floor":5.0},{"not_picked":["Clothesline","hubris:SharpeningStone","Rupture"],"picked":"SKIP","floor":7.0},{"not_picked":["True Grit","Evolve","Clash"],"picked":"SKIP","floor":10.0},{"not_picked":["Feel No Pain+1","Flex","Warcry"],"picked":"SKIP","floor":14},{"not_picked":["Bludgeon","Demon Form+1"],"picked":"Barricade+1","floor":16},{"not_picked":["Warcry","Armaments","Dropkick"],"picked":"SKIP","floor":18},{"not_picked":["Dropkick","Perfected Strike","Thunderclap+1"],"picked":"SKIP","floor":19},{"not_picked":["Dual Wield","hubris:ReadiedAction","Warcry"],"picked":"SKIP","floor":20},{"not_picked":["Armaments","Dropkick","Body Slam"],"picked":"SKIP","floor":21},{"not_picked":["Anger","Hemokinesis","hubris:ReadiedAction"],"picked":"SKIP","floor":22}],"player_experience":441727,"relics_obtained":[{"floor":7.0,"key":"hubris:TinFlute"},{"floor":13.0,"key":"Pear"},{"floor":14,"key":"Smiling Mask"}],"event_choices":[{"damage_healed":25.0,"max_hp_gain":0.0,"max_hp_loss":0.0,"gold_gain":0.0,"event_name":"Big Fish","player_choice":"Banana","floor":2.0,"gold_loss":0.0,"damage_taken":0.0},{"damage_healed":0.0,"max_hp_gain":0.0,"max_hp_loss":0.0,"gold_gain":0.0,"event_name":"Liars Game","player_choice":"Ignored","floor":3.0,"gold_loss":0.0,"damage_taken":0.0}],"is_beta":false,"boss_relics":[{"not_picked":["Velvet Choker","energizedSpire:DeadBattery"],"picked":"Black Star"}],"items_purged_floors":[12,12],"is_endless":false,"potions_floor_spawned":[1,5,7,14,16,18,22],"killed_by":"Slavers","ascension_level":16}}