{"host":"tv94t6gxbgkn39zb","time":1614295153,"event":{"mods":["Abigail Mod","Bartender","BaseMod","CCEM2","Dio Mod","Downfall","Fox Events","Gremlin Mod","HololiveMod","Jorbs\u0027s Wanderer Trilogy","Koishi","Minty Spire (QoL Compilation)","Practice Mode","Prisma Mod","READ ME - Guardian Mod","READ ME - Snecko Mod","Rare Cards Sparkle","Reimu??????","Replay The Spire","SCP261 Mod","SIMod","Shade Mod","Shapeshifter Mod","StSLib","The Construct","The Cursed","The Death Knight","The Forsaken","The Hierophant","The Juggle","The Necromancer","The Servant 0.9.4","The Witch","TheVacant","Treasure Hunter","Waifu the Spire"],"gold_per_floor":[130,148,25,25,25,25,39,55,125,125,57,57,57,73,73,196,196,196],"floor_reached":17,"language":"FRA","playtime":694,"items_purged":[],"score":195,"play_id":"412cdae4-dff3-4586-a872-831bbfd13466","local_time":"20210226001913","is_ascension_mode":false,"campfire_choices":[{"data":"Hololive_CallYozoraMel","floor":6,"key":"SMITH"},{"data":"Hololive_SummonFox","floor":13,"key":"SMITH"},{"data":"Hololive_CallOkamiMio","floor":15,"key":"SMITH"}],"circlet_count":0,"master_deck":["Hololive_Strike","Hololive_Strike","Hololive_Defend","Hololive_Defend","Hololive_Drill","Hololive_CallKiryuuCoco","Hololive_CallInugamiKorone","Hololive_CallMoonaHoshinova","Hololive_CallCivia","Hololive_CallAiraniIofifteen","Hololive_CallArtia","Hololive_FlyingPonyTail","Hololive_CallYozoraMel+1","Hololive_CocoNews","Hololive_ScarfAndHalo","Hololive_SummonFox+1","Hololive_Spy","Hololive_CallOkamiMio+1","TH:TreasureMap","Hololive_Rebirth"],"relics":["Hololive_TheStar","NeowsBlessing","Golden Idol","Bottled Flame","CCEMRelics:DarkMatter"],"acts_visited":["Exordium","TheCity"],"potions_floor_usage":[],"damage_taken":[{"damage":0,"enemies":"Small Slimes","floor":1,"turns":1},{"damage":0,"enemies":"2 Louse","floor":2,"turns":1},{"damage":0,"enemies":"Cultist","floor":7,"turns":2},{"damage":0,"enemies":"Blue Slaver","floor":8,"turns":3},{"damage":0,"enemies":"Exordium Thugs","floor":14,"turns":4},{"damage":0,"enemies":"The Guardian","floor":16,"turns":5}],"seed_played":"-3621135992387309471","potions_obtained":[{"floor":1,"key":"ColorlessPotion"},{"floor":8,"key":"Guardian:BlockOnCardUsePotion"},{"floor":16,"key":"Energy Potion"}],"is_trial":false,"path_per_floor":["M","M","$","?","?","R","M","M","T","?","$","$","R","M","R","B",null],"character_chosen":"Hololive_HololiveCharacter","items_purchased":["Hololive_CallYozoraMel","Hololive_CocoNews","Hololive_Spy"],"campfire_rested":0,"item_purchase_floors":[3,3,11],"current_hp_per_floor":[35,35,35,27,27,27,27,35,35,35,35,35,35,35,35,35,35,35],"gold":196,"neow_bonus":"THREE_ENEMY_KILL","is_daily":false,"chose_seed":false,"campfire_upgraded":3,"win_rate":0.0,"timestamp":1614295153,"path_taken":["M","M","$","?","?","R","M","?","T","?","?","$","R","?","R","BOSS"],"items_purchased_type":["Card","Card","Card"],"build_version":"2020-12-22","purchased_purges":0,"victory":false,"max_hp_per_floor":[35,35,35,35,35,35,35,35,35,35,35,35,35,35,35,35,35,35],"card_choices":[{"not_picked":["Hololive_LuckPotion","Hololive_OvertimeWork","Hololive_CallAiraniIofifteen"],"picked":"Hololive_CallArtia","floor":1},{"not_picked":["Hololive_Sequa","Hololive_CallRosalyn","Hololive_ILoveYou"],"picked":"Hololive_FlyingPonyTail","floor":2},{"not_picked":["Hololive_Drill","Hololive_Yoholoon","Hololive_HuntDinosaur"],"picked":"Hololive_ScarfAndHalo","floor":7},{"not_picked":["Hololive_HuntDinosaur","Hololive_FlyingPonyTail","Hololive_CallKiryuuCoco"],"picked":"Hololive_SummonFox","floor":8},{"not_picked":["TH:ElvenBoots","TH:ArmorSpikes","TH:Mimic"],"picked":"SKIP","floor":9},{"not_picked":["TH:ElvenBoots","TH:ArmorSpikes","TH:Mimic"],"picked":"SKIP","floor":9},{"not_picked":["Hololive_CallOzoraSubaru","Hololive_ManjiGathering","Hololive_Drill"],"picked":"Hololive_CallOkamiMio","floor":14},{"not_picked":["TH:ArmorSpikes","TH:CopperCoins"],"picked":"TH:TreasureMap","floor":16},{"not_picked":["Hololive_Recruit","Hololive_OpenUp","Hololive_HighAtkLowDef"],"picked":"Hololive_Rebirth","floor":16}],"player_experience":364120,"relics_obtained":[{"floor":9,"key":"Bottled Flame"}],"event_choices":[{"damage_healed":0,"gold_gain":0,"player_choice":"Take Damage","damage_taken":8,"relics_obtained":["Golden Idol"],"max_hp_gain":0,"max_hp_loss":0,"event_name":"Golden Idol","floor":4,"gold_loss":0},{"damage_healed":0,"gold_gain":0,"player_choice":"Ignored","damage_taken":0,"max_hp_gain":0,"max_hp_loss":0,"event_name":"NoteForYourself","floor":5,"gold_loss":0},{"damage_healed":0,"gold_gain":0,"player_choice":"Bought 0 Potions","damage_taken":0,"max_hp_gain":0,"max_hp_loss":0,"event_name":"The Woman in Blue","floor":10,"gold_loss":0}],"is_beta":false,"boss_relics":[{"not_picked":["Fusion Hammer","Velvet Choker"],"picked":"CCEMRelics:DarkMatter"}],"items_purged_floors":[],"is_endless":false,"potions_floor_spawned":[1,8,16],"ascension_level":0}}