{"host":"ws1rigs6jhqnf67d","time":1614260534,"event":{"mods":["BaseMod","Friendly Minions","KinomotoSakuraMod(ƒæ÷Æ±æ”£)","Kiyohime£®«Âºß£©","Lobotomy","LobotomyExtend","Marisa£®ÏF”Í°°ƒß¿Ì…≥£©","Minty Spire (QoL Compilation)","Remilia£®¿Ÿ√◊¿Ú—«£©","StSLib","The Bug Knight","The Marked","The Senshi","WarShipGirlsR/’ΩΩ¢…Ÿ≈ÆR mod","Youmu£®ªÍ∆«—˝√Œ£©","[IsaacMod]“‘»ˆº‚À˛"],"gold_per_floor":[210,210,234,249,92,123,123,123,123,136,150,194,194,218,218,317,317,337,355,355,375,396,446,446,498,552,552,566,579,604,638,638,713,713,734,83,101,126,140,176,176,176],"floor_reached":41,"language":"ZHS","playtime":1963,"items_purged":[],"score":848,"play_id":"1ae05265-1860-476d-8901-c8613e029d1c","local_time":"20210225214214","is_ascension_mode":true,"campfire_choices":[{"floor":7,"key":"REST"},{"data":"Cloak And Dagger","floor":13,"key":"SMITH"},{"data":"Cloak And Dagger","floor":15,"key":"SMITH"},{"data":"Storm of Steel","floor":24,"key":"SMITH"},{"data":"Neutralize","floor":27,"key":"SMITH"},{"floor":32,"key":"REST"}],"circlet_count":0,"master_deck":["AscendersBane","Strike_G","Strike_G","Strike_G","Strike_G+1","Strike_G","Defend_G","Defend_G","Defend_G","Defend_G","Defend_G","Survivor","Neutralize+1","Finisher+1","Cloak And Dagger+1","Parasite","Cloak And Dagger+1","Backstab","Storm of Steel+1","Riddle With Holes","Escape Plan","Blade Dance","Accuracy","Glass Knife"],"relics":["Ring of the Snake","HushsDoor","DeadEye","LetterFromLob","Golden Idol","Toolbox","TuHaoJin","ShedSkin_r","YumHeart","The Courier","WristBlade","Blood Vial","D6","Whetstone","BelialBook","Black Star","Akabeko","BookofShadows","Vajra","Paper Crane","Thread and Needle","Bottled Lightning"],"acts_visited":["Exordium","TheCity","TheBeyond"],"potions_floor_usage":[12,33,41],"damage_taken":[{"damage":2,"enemies":"2 Louse","floor":1,"turns":3},{"damage":2,"enemies":"Jaw Worm","floor":3,"turns":7},{"damage":0,"enemies":"Cultist","floor":4,"turns":3},{"damage":13,"enemies":"Gremlin Nob","floor":6,"turns":4},{"damage":0,"enemies":"3 Sentries","floor":8,"turns":9},{"damage":0,"enemies":"Red Slaver","floor":10,"turns":5},{"damage":7,"enemies":"Exordium Wildlife","floor":11,"turns":4},{"damage":1,"enemies":"3 Sentries","floor":12,"turns":8},{"damage":0,"enemies":"Looter","floor":14,"turns":3},{"damage":22,"enemies":"Hexaghost","floor":16,"turns":13},{"damage":0,"enemies":"Spheric Guardian","floor":18,"turns":1},{"damage":0,"enemies":"2 Thieves","floor":19,"turns":2},{"damage":1,"enemies":"Cultist and Chosen","floor":21,"turns":3},{"damage":4,"enemies":"Centurion and Healer","floor":22,"turns":4},{"damage":17,"enemies":"Gremlin Leader","floor":23,"turns":6},{"damage":26,"enemies":"Slavers","floor":25,"turns":7},{"damage":7,"enemies":"Snecko","floor":28,"turns":4},{"damage":4,"enemies":"3 Cultists","floor":29,"turns":4},{"damage":0,"enemies":"Chosen and Byrds","floor":30,"turns":2},{"damage":25,"enemies":"Book of Stabbing","floor":31,"turns":4},{"damage":42,"enemies":"Champ","floor":33,"turns":7},{"damage":0,"enemies":"Orb Walker","floor":35,"turns":1},{"damage":8,"enemies":"3 Darklings","floor":37,"turns":3},{"damage":26,"enemies":"Maw","floor":38,"turns":5},{"damage":4,"enemies":"4 Shapes","floor":39,"turns":4},{"damage":21,"enemies":"Reptomancer","floor":40,"turns":6},{"damage":30,"enemies":"Transient","floor":41,"turns":4}],"seed_played":"1462535394023967305","potions_obtained":[{"floor":4,"key":"Dexterity Potion"},{"floor":6,"key":"PowerPotion"},{"floor":14,"key":"BlessingOfTheForge"},{"floor":25,"key":"SkillPotion"},{"floor":35,"key":"GhostInAJar"}],"is_trial":false,"path_per_floor":["M","?","M","M","$","E","R","E","T","M","M","E","R","M","R","B",null,"M","M","?","M","M","E","R","E","T","R","M","M","M","E","R","B",null,"M","$","M","M","M","E","M"],"character_chosen":"THE_SILENT","items_purchased":["Toolbox","Akabeko","BookofShadows","Vajra","Paper Crane"],"campfire_rested":2,"item_purchase_floors":[5,36,36,36,36],"current_hp_per_floor":[57,41,39,39,39,26,45,22,47,47,40,39,39,39,39,17,54,54,54,54,53,49,32,32,33,33,33,28,26,28,30,49,9,52,54,54,48,24,47,28,0,0],"gold":176,"neow_bonus":"HUNDRED_GOLD","is_daily":false,"chose_seed":false,"campfire_upgraded":4,"win_rate":0.0,"timestamp":1614260534,"path_taken":["M","?","?","M","?","E","R","E","T","M","M","E","R","M","R","BOSS","M","M","?","M","M","E","R","E","T","R","M","M","M","E","R","BOSS","M","$","M","M","M","E","?"],"items_purchased_type":["Relic","Relic","Relic","Relic","Relic"],"build_version":"2020-12-22","purchased_purges":0,"victory":false,"max_hp_per_floor":[66,66,66,66,66,66,66,66,66,66,66,66,66,66,66,66,66,66,66,66,66,66,66,66,66,66,66,66,66,66,66,66,66,66,66,66,66,66,66,66,66,66],"card_choices":[{"not_picked":["Reflex","Acrobatics","Deflect"],"picked":"SKIP","floor":1},{"not_picked":["Masterful Stab","Predator"],"picked":"Finisher","floor":3},{"not_picked":["Deadly Poison","Acrobatics"],"picked":"Cloak And Dagger","floor":4},{"not_picked":["Cloak And Dagger","Bane","Dodge and Roll"],"picked":"SKIP","floor":6},{"not_picked":["Masterful Stab","Acrobatics","Underhanded Strike"],"picked":"SKIP","floor":10},{"not_picked":["Deadly Poison","Outmaneuver"],"picked":"Cloak And Dagger","floor":11},{"not_picked":["Acrobatics","Caltrops"],"picked":"Backstab","floor":12},{"not_picked":["Dagger Throw","Escape Plan","Bane"],"picked":"SKIP","floor":14},{"not_picked":["Adrenaline","Night Terror"],"picked":"Storm of Steel","floor":16},{"not_picked":["Bane+1","Sucker Punch","Predator"],"picked":"SKIP","floor":18},{"not_picked":["Underhanded Strike","Prepared","Dagger Throw"],"picked":"SKIP","floor":19},{"not_picked":["Bane","Poisoned Stab","Bouncing Flask+1"],"picked":"SKIP","floor":21},{"not_picked":["Concentrate","Deadly Poison","Finisher"],"picked":"SKIP","floor":22},{"not_picked":["Calculated Gamble","Concentrate","Deadly Poison"],"picked":"SKIP","floor":23},{"not_picked":["Masterful Stab","Bullet Time"],"picked":"Riddle With Holes","floor":25},{"not_picked":["Endless Agony","Acrobatics"],"picked":"Escape Plan","floor":28},{"not_picked":["Noxious Fumes","Flying Knee+1"],"picked":"Blade Dance","floor":29},{"not_picked":["Dagger Spray","Deflect","All Out Attack"],"picked":"SKIP","floor":30},{"not_picked":["Setup","Catalyst"],"picked":"Accuracy","floor":31},{"not_picked":["Grand Finale","Burst"],"picked":"Glass Knife","floor":33},{"not_picked":["Outmaneuver","Escape Plan","Expertise"],"picked":"SKIP","floor":35},{"not_picked":["Backflip","Reflex","Cloak And Dagger"],"picked":"SKIP","floor":37},{"not_picked":["Prepared","Underhanded Strike","PiercingWail+1"],"picked":"SKIP","floor":38},{"not_picked":["Slice","Predator+1","Deadly Poison"],"picked":"SKIP","floor":39},{"not_picked":["Tactician","Acrobatics","Prepared"],"picked":"SKIP","floor":40}],"player_experience":947360,"relics_obtained":[{"floor":1,"key":"LetterFromLob"},{"floor":6,"key":"TuHaoJin"},{"floor":9,"key":"YumHeart"},{"floor":12,"key":"The Courier"},{"floor":23,"key":"Blood Vial"},{"floor":25,"key":"D6"},{"floor":26,"key":"Whetstone"},{"floor":31,"key":"BelialBook"},{"floor":40,"key":"Thread and Needle"},{"floor":40,"key":"Bottled Lightning"}],"event_choices":[{"damage_healed":0,"gold_gain":0,"player_choice":"Take Damage","damage_taken":16,"relics_obtained":["Golden Idol"],"max_hp_gain":0,"max_hp_loss":0,"event_name":"Golden Idol","floor":2,"gold_loss":0},{"damage_healed":0,"gold_gain":0,"player_choice":"Ignored","damage_taken":0,"max_hp_gain":0,"max_hp_loss":0,"event_name":"Vampires","floor":20,"gold_loss":0}],"is_beta":false,"boss_relics":[{"not_picked":["Tiny House","Sozu"],"picked":"WristBlade"},{"not_picked":[]},{"not_picked":["Ring of the Serpent","SacredBark"],"picked":"Black Star"},{"not_picked":[]}],"items_purged_floors":[],"is_endless":false,"potions_floor_spawned":[4,6,8,10,11,14,21,23,25,29,30,33,35,40],"killed_by":"Transient","ascension_level":14}}