{"host":"0b6qkelyb1zitflw","time":1614274370,"event":{"mods":["BaseMod","Custom Start","Highlight Path","KOR Keyword Fix","Library of Ruina","Library of Ruina Extra","Minty Spire (QoL Compilation)","StSLib"],"gold_per_floor":[219,235,160,160,170,170,204,204,231,231,131,144,158,158,158,260,260,276,151,162,180,180,180,193,118,141,153,252,99,181,195,195,300,300,318,318,318],"floor_reached":36,"language":"KOR","playtime":1047,"items_purged":["LightDefense","LightDefense","SnakesPrey+1"],"score":414,"play_id":"9cedc0df-904c-4e85-ab6a-bc1de1ce6ee2","local_time":"20210226023250","is_ascension_mode":false,"campfire_choices":[{"floor":6,"key":"REST"},{"floor":8,"key":"REST"},{"data":"SnakesPrey","floor":10,"key":"SMITH"},{"floor":15,"key":"REST"},{"data":"SharpenedBlade","floor":23,"key":"SMITH"},{"floor":32,"key":"REST"}],"circlet_count":0,"master_deck":["Dodge","LightAttack","LightAttack","LightAttack","ChargeAndCover","FocusedStrikes","SharpenedBlade+1","ClassAndRespect","SavageMode","TendonChords","Tttonst"],"relics":["PageOfLibrarian","Bronze Scales","Centennial Puzzle","Busted Crown","Dream Catcher","HandDrill","PageOfWizard","SlaversCollar"],"acts_visited":["Exordium","TheCity","TheBeyond"],"potions_floor_usage":[36,36,36],"damage_taken":[{"damage":0.0,"enemies":"2 Louse","floor":1.0,"turns":3.0},{"damage":1,"enemies":"Cultist","floor":2,"turns":3},{"damage":11,"enemies":"Jaw Worm","floor":5,"turns":2},{"damage":30,"enemies":"Lagavulin","floor":7,"turns":6},{"damage":11,"enemies":"Exordium Thugs","floor":12,"turns":3},{"damage":10,"enemies":"2 Fungi Beasts","floor":13,"turns":2},{"damage":35,"enemies":"Slime Boss","floor":16,"turns":7},{"damage":10,"enemies":"Chosen","floor":18,"turns":3},{"damage":0,"enemies":"Spheric Guardian","floor":20,"turns":3},{"damage":1,"enemies":"Snecko","floor":21,"turns":3},{"damage":17,"enemies":"3 Cultists","floor":24,"turns":5},{"damage":6,"enemies":"Snake Plant","floor":27,"turns":2},{"damage":10,"enemies":"Sentry and Sphere","floor":31,"turns":3},{"damage":30,"enemies":"Automaton","floor":33,"turns":6},{"damage":15,"enemies":"3 Shapes","floor":35,"turns":3},{"damage":93,"enemies":"2 Orb Walkers","floor":36,"turns":4}],"seed_played":"-7120270414338351955","potions_obtained":[{"floor":18,"key":"ColorlessPotion"},{"floor":22,"key":"DistilledChaos"},{"floor":22,"key":"ColorlessPotion"},{"floor":31,"key":"LiquidBronze"}],"is_trial":false,"path_per_floor":["M","M","$","?","M","R","E","R","T","R","$","M","M","?","R","B",null,"M","$","M","M","?","R","M","?","T","M","?","$","T","M","R","B",null,"M","?"],"character_chosen":"Librarian","items_purchased":["HandDrill"],"campfire_rested":4,"item_purchase_floors":[29],"current_hp_per_floor":[60,59,59,59,48,75,45,72,72,72,72,61,51,51,78,43,93,83,83,83,82,82,82,65,65,65,59,59,59,59,52,79,58,93,78,0,0],"gold":318,"neow_bonus":"HUNDRED_GOLD","is_daily":false,"chose_seed":false,"campfire_upgraded":2,"win_rate":0.0,"timestamp":1614274370,"path_taken":["M","M","$","?","?","R","E","R","T","R","$","M","M","?","R","BOSS","M","?","M","M","?","R","?","?","T","M","?","$","?","M","R","BOSS","M","?"],"items_purchased_type":["Relic"],"build_version":"2020-12-22","purchased_purges":3,"victory":false,"max_hp_per_floor":[63,93,93,93,93,93,93,93,93,93,93,93,93,93,93,93,93,93,93,93,93,93,93,93,93,93,93,93,93,93,93,93,93,93,93,93,93],"card_choices":[{"not_picked":["Pound","HighKick","MindPrepared","DefenseOrder","YouOnlyLiveOnce","LossOfSenses","PreemptiveStrike","ExtremeEdge","DarkCloud"],"picked":"SKIP","floor":1.0},{"not_picked":["Thrust","CookingPrep","InhaleSmoke","ShockRound","FleetFootsteps","Leap_lor","NightInTheBackstreets","QuickAttack","BiAn"],"picked":"SKIP","floor":2},{"not_picked":["YourShield","SummaryJudgment","Quickness","PinpointShot","Riposte","SunsetBlade","SparkingSpear","EnergyShield","StrikeDown"],"picked":"SKIP","floor":5},{"not_picked":["MindCrush","BiAn","TasteMyFlamingBat","ClassAndRespect","PinpointShot","InnerArdor","ViolentFlame","ConcentratedFire"],"picked":"SnakesPrey","floor":7},{"not_picked":["SpearedSweep","DesperateStruggle","ToOvercomeCrisis","WillBeTasty","Feast","StrongStrike","Diversion","LawAndOrder"],"picked":"SharpenedBlade","floor":12},{"not_picked":["BackAttack","DesperateStruggle","NightInTheBackstreets","YourShield","StrongStrike","Standoff","UpbeatPerformance","WillProduceFineSilk","SomberProcuration"],"picked":"SKIP","floor":13},{"not_picked":["GrazeTheGrass+1","GaleKick","MultiHit","Fence","StrikeDown+1","MindPrepared","HighKick"],"picked":"SKIP","floor":18},{"not_picked":["MultiHit","SharpSwipe","SilentMist+1","CoordinatedAssault+1","Multislash","TheArtOfRapidSteps+1"],"picked":"ClassAndRespect","floor":20},{"not_picked":["FierceCharge","EnergyShield","Faith","HandleRequest+1","RulesOfTheBackstreets","AGoldenOpportunity","MultiHit"],"picked":"SKIP","floor":21},{"not_picked":["FleetEdge","JiaoTu+1","Crush","StartinOutLightly","MultiHit+1","WaitUp"],"picked":"SavageMode","floor":24},{"not_picked":["StructuralAnalysis+1","ShockingBlow+1","FleetEdge","FieryDragonSlash","BackAttack+1","AGoldenOpportunity"],"picked":"TendonChords","floor":27},{"not_picked":["ShockingBlow+1","MultiHit","GrazeTheGrass","CutIn","TraceOfFumes+1","GreatSerpentsImpact","FlashOfSunup"],"picked":"SKIP","floor":31},{"not_picked":["SerpentSwordTechnique+1","Parry2+1","Reload+1","PinpointShot+1","ConcentratedFire","StructuralAnalysis"],"picked":"Tttonst","floor":35}],"player_experience":316234,"relics_obtained":[{"floor":7,"key":"Bronze Scales"},{"floor":9,"key":"Centennial Puzzle"},{"floor":26,"key":"Dream Catcher"},{"floor":30,"key":"PageOfWizard"}],"event_choices":[{"cards_removed":["LightDefense"],"damage_healed":0,"gold_gain":0,"player_choice":"Purged","damage_taken":0,"max_hp_gain":0,"max_hp_loss":0,"event_name":"Purifier","floor":4,"gold_loss":0},{"damage_healed":0,"gold_gain":0,"player_choice":"Ignored","damage_taken":0,"max_hp_gain":0,"max_hp_loss":0,"event_name":"Transmorgrifier","floor":14,"gold_loss":0},{"damage_healed":0,"gold_gain":0,"player_choice":"Got Potions","damage_taken":0,"max_hp_gain":0,"max_hp_loss":0,"event_name":"Lab","floor":22,"gold_loss":0},{"cards_removed":["LightDefense"],"damage_healed":0,"gold_gain":0,"player_choice":"Gave Gold","damage_taken":0,"max_hp_gain":0,"max_hp_loss":0,"event_name":"Beggar","floor":25,"gold_loss":75},{"damage_healed":0,"gold_gain":99,"player_choice":"Stole From Cult","damage_taken":0,"max_hp_gain":0,"max_hp_loss":0,"event_name":"Nest","floor":28,"gold_loss":0},{"damage_healed":0,"gold_gain":0,"player_choice":"Fight","damage_taken":0,"max_hp_gain":0,"max_hp_loss":0,"event_name":"Mysterious Sphere","floor":36,"gold_loss":0}],"is_beta":false,"boss_relics":[{"not_picked":["Fusion Hammer","Black Star"],"picked":"Busted Crown"},{"not_picked":["Runic Dome","Velvet Choker"],"picked":"SlaversCollar"}],"items_purged_floors":[3,11,19],"is_endless":false,"potions_floor_spawned":[1,7,12,18,27,31,35],"killed_by":"2 Orb Walkers","ascension_level":0}}