{"host":"rm0ctv8qd8mnbkg1","time":1614252148,"event":{"mods":["Act Like it!","Aspiration","BaseMod","Beaked The Cultist","BetterRewards","Colored Map","DNKmod","Dark Map","Defuse TimeMaze Blight","Friendly Minions","Gensokyo","Hubris","Library of Ruina","Library of Ruina Extra","Marisa????????","Minty Spire (QoL Compilation)","MostiFishMod","Permanent Neow","Rare Cards Sparkle","Relic Sorter","Reliquary","Replay The Spire","Ruina","RumiaBox-????????","Shade Mod","Shop Mod","Spicy Shops","Spire Arcade","StSLib","The Animator","The Construct","The Servant 0.9.4","TheVacant","Wandering Minibosses","??????REMEMod"],"gold_per_floor":[10112,10123,9765,9974,9994,10027,10027,10027,10027],"floor_reached":8,"language":"ENG","playtime":393,"items_purged":[],"score":133,"play_id":"dd6e6ab0-5b57-40f0-a188-3c251e14d141","local_time":"20210225112228","is_ascension_mode":false,"campfire_choices":[],"circlet_count":0,"master_deck":["Strike_P","Strike_P","Strike_P","Strike_P","Defend_P","Defend_P","Defend_P","Defend_P","Eruption","Vigilance","MostiFishMod:OutWit","REME_Repentance","WindmillStrike","ForeignInfluence","Adaptation"],"relics":["PureWater","REME_ComplimentaryCards","DaveBox","Transparent","CloakClasp","GoldenEye"],"acts_visited":["Exordium"],"potions_floor_usage":[],"damage_taken":[{"damage":300,"enemies":"Cultist","floor":1,"turns":2},{"damage":400,"enemies":"Jaw Worm","floor":2,"turns":2},{"damage":700,"enemies":"Small Slimes","floor":4,"turns":5},{"damage":402,"enemies":"3 Louse","floor":5,"turns":2},{"damage":700,"enemies":"3 Sentries","floor":6,"turns":4},{"damage":400,"enemies":"Lagavulin","floor":8,"turns":2}],"seed_played":"-6043285141613773415","potions_obtained":[{"floor":2,"key":"Dexterity Potion"},{"floor":4,"key":"LiquidBronze"}],"is_trial":false,"path_per_floor":["M","M","$","M","M","E","?","E"],"character_chosen":"WATCHER","items_purchased":["CloakClasp","WindmillStrike"],"campfire_rested":0,"item_purchase_floors":[3,3],"current_hp_per_floor":[1000,1000,1000,900,1000,900,900,500,500],"gold":10027,"neow_bonus":"HUNDRED_GOLD","is_daily":false,"chose_seed":false,"campfire_upgraded":0,"win_rate":0.0,"timestamp":1614252148,"path_taken":["M","M","$","M","M","E","?","E"],"items_purchased_type":["Relic","Card"],"build_version":"2020-12-22","purchased_purges":0,"victory":false,"max_hp_per_floor":[1000,1000,1000,1000,1000,1000,1000,1000,1000],"card_choices":[{"not_picked":["ClearTheMind","Sanctity","JustLucky"],"picked":"SKIP","floor":1},{"not_picked":["Study","Tantrum"],"picked":"REME_Repentance","floor":2},{"not_picked":["CutThroughFate","EmptyFist"],"picked":"ForeignInfluence","floor":4},{"not_picked":["JustLucky","Crescendo","EmptyBody"],"picked":"SKIP","floor":5},{"not_picked":["ClearTheMind","Swivel"],"picked":"Adaptation","floor":6}],"player_experience":311673,"relics_obtained":[{"floor":6,"key":"GoldenEye"}],"event_choices":[],"is_beta":false,"boss_relics":[],"items_purged_floors":[],"is_endless":false,"potions_floor_spawned":[2,4,6],"killed_by":"Lagavulin","ascension_level":0}}