{"host":"312klq0911jlgvh2","time":1614279619,"event":{"mods":["100% Spire Juice","2.2 Compatiblity","AchievementEnabler","Act Like it!","Ascension Unlocker","Aspiration","Astrologer","Aya Shameimaru","BaseMod","Beaked The Cultist","Block Reminder","CapriCore","Chen","Clockwork Mod","Colored Powertips","Conspire","Custom Start","Downfall","Energized Spire","Evolution","Friendly Minions","Gensokyo","GifTheSpireLib","Gold Saver","GungeonMod","Halation","Hermit","HololiveMod","Hubris","Infinite Spire","Jedi Mod","Koishi","Library of Ruina","Library of Ruina Extra","Marisa????????","Mimic Mod","Minty Spire (QoL Compilation)","Prisma Mod","Random Character Button","Reimu??????","Relic Sorter","Reliquary","Remilia??????","Replay The Spire","Retaliation","Ruina","RumiaBox-????????","Spikes Relics","StS++","StSLib","Stuff the Spire","Synergy Search","The Animator","The Blue Laboratory","The Bug Knight","The Poker Player","TheVacant","Trackpad","Uncapped","UnlockEverythingMod","yUi"],"gold_per_floor":[1014,1031,1043,282,299,299,315,331,331,341,358,370,507,517,517,627,627,638,649,667,681,701,713,732,732,732,869,881,894,894,842,842,952,952,966,985,1005,1043,1078,1267,1299,1419,1490,1635,1654,1654,1654,1754,1754,1905,1905,1908,1912,1915,1921,1925,1925,1925,1925,1972,1976,1983,1977,1983,2015,2015,2086,2086,2087,2077,2047,2052,2052,2142,2142,2142,2187,2187,1684,1684,1680,1680,1680,1729,1729,1721,1719,1425,1399,1408,1513,1513,1503,1495,1626,1614,1604,1601,1595,1595,1695,1695,1695],"floor_reached":102,"language":"ENG","playtime":6282,"items_purged":[],"score":2162,"play_id":"2c0ec540-c69a-4c92-8eb7-ee5283ac2177","local_time":"20210225140019","daily_mods":["Draft","Hoarder","Vintage","Heirloom"],"is_ascension_mode":false,"campfire_choices":[{"data":"PrismaMod:IllyaRussianRoulette","floor":6.0,"key":"SMITH"},{"data":"PrismaMod:IllyaUberChannel","floor":15.0,"key":"SMITH"},{"data":"PrismaMod:IllyaCarnivalOrbs","floor":25.0,"key":"SMITH"},{"data":"PrismaMod:IllyaUncommonDefend","floor":30.0,"key":"SMITH"},{"data":"PrismaMod:IllyaUncommonDefend","floor":32.0,"key":"SMITH"},{"floor":47.0,"key":"REST"},{"data":"PrismaMod:IllyaUncommonDefend","floor":49.0,"key":"SMITH"},{"data":"PrismaMod:IllyaCarnivalPrismaAstolfo","floor":57.0,"key":"SMITH"},{"data":"PrismaMod:IllyaUberChannel","floor":66.0,"key":"SMITH"},{"floor":76.0,"key":"DIG"},{"data":"PrismaMod:IllyaCommandSeal","floor":83.0,"key":"SMITH"},{"data":"PrismaMod:IllyaHassanGift","floor":100.0,"key":"SMITH"}],"circlet_count":0,"master_deck":["PrismaMod:IllyaRussianRoulette+1","PrismaMod:IllyaRussianRoulette","PrismaMod:IllyaRussianRoulette","PrismaMod:IllyaHassanGift+1","PrismaMod:IllyaHassanGift","PrismaMod:IllyaHassanGift","PrismaMod:IllyaUberChannel+1","PrismaMod:IllyaUberChannel+1","PrismaMod:IllyaUberChannel","PrismaMod:IllyaDualEvoke+1","PrismaMod:IllyaDualEvoke+1","PrismaMod:IllyaDualEvoke+1","PrismaMod:IllyaPartialInstallAssassin","PrismaMod:IllyaPartialInstallAssassin","PrismaMod:IllyaPartialInstallAssassin","PrismaMod:IllyaBlindPoisonToss","PrismaMod:IllyaBlindPoisonToss+1","PrismaMod:IllyaBlindPoisonToss","PrismaMod:IllyaDetonatingBlow+1","PrismaMod:IllyaDetonatingBlow+1","PrismaMod:IllyaCommandSeal","PrismaMod:IllyaCommandSeal+1","PrismaMod:IllyaCommandSeal+1","PrismaMod:IllyaFriendMaker+1","PrismaMod:IllyaFriendMaker+1","PrismaMod:IllyaFriendMaker+1","PrismaMod:IllyaBoysLove+1","PrismaMod:IllyaBoysLove","PrismaMod:IllyaBoysLove","PrismaMod:IllyaStunPoison+1","PrismaMod:IllyaStunPoison+1","PrismaMod:IllyaStunPoison+1","PrismaMod:IllyaFeed+1","PrismaMod:IllyaFeed+1","PrismaMod:IllyaFeed+1","PrismaMod:IllyaUncommonDefend+1","PrismaMod:IllyaUncommonDefend+1","PrismaMod:IllyaMinorReinForce","PrismaMod:IllyaMinorReinForce","PrismaMod:IllyaMinorReinForce","PrismaMod:IllyaUncommonAOEAttack+1","PrismaMod:IllyaUncommonAOEAttack+1","PrismaMod:IllyaUncommonAOEAttack+1","PrismaMod:IllyaCarnivalAttack+1","PrismaMod:IllyaCarnivalAttack+1","PrismaMod:IllyaCarnivalAttack+1","PrismaMod:IllyaInstallArcher","PrismaMod:IllyaInstallArcher","PrismaMod:IllyaInstallArcher","PrismaMod:IllyaAOECommonAttack+1","PrismaMod:IllyaAOECommonAttack+1","PrismaMod:IllyaAOECommonAttack+1","PrismaMod:IllyaRussianRoulette","PrismaMod:IllyaRussianRoulette","PrismaMod:IllyaRussianRoulette","PrismaMod:IllyaCarnivalOrbs+1","PrismaMod:IllyaCarnivalOrbs","PrismaMod:IllyaCarnivalOrbs","PrismaMod:IllyaGrail","PrismaMod:IllyaGrail","PrismaMod:IllyaGrail","PrismaMod:IllyaCarnivalPrismaAstolfo+1","PrismaMod:IllyaCarnivalPrismaAstolfo","PrismaMod:IllyaCarnivalPrismaAstolfo","PrismaMod:IllyaAlice+1","PrismaMod:IllyaAlice+1","PrismaMod:IllyaAlice+1","Gensokyo:SummonYinYangFox","Gensokyo:SummonYinYangFox","Gensokyo:SummonFieryMouse","PrismaMod:IllyaMinorReinForce+1","PrismaMod:IllyaMinorReinForce+1","PrismaMod:IllyaMinorReinForce+1","PrismaMod:IllyaInstallAssassin","PrismaMod:IllyaInstallAssassin","PrismaMod:IllyaInstallAssassin","PrismaMod:IllyaInstallSaber","PrismaMod:IllyaInstallSaber","PrismaMod:IllyaInstallSaber","Gensokyo:SummonFieryMouse","infinitespire:Starlight","infinitespire:Starlight","infinitespire:Starlight","infinitespire:Gouge","infinitespire:Gouge","infinitespire:Gouge","PrismaMod:IllyaUncommonDefend+1"],"relics":["PrismaMod:PrismaRuby","Replay:Accelerometer","EVO:Axolotl","hubris:Potato","Replay:Baseball","StuffTheSpire:TintedRock","Pen Nib","Replay:Bottled Eggs","DemoMod:WhiteGuonStone","Bronze Scales","DemoMod:OrangeGuonStone","DemoMod:NanoMachines","CeramicFish","trackpad:WondrousWand","halation:Toothbrush","Anchor","trackpad:SappingStone","Gremlin Food","Nunchaku","Centennial Puzzle","Onion Ring","reliquary:Knoch","hubris:Zylophone","Pet Ghost","Snecko Heart","MealTicket","Potion Belt","reliquary:PrincelyHelmet","sneckomod:BlankCard","MagicDraw2","StuffTheSpire:SapphireSignet","infinitespire:Satchel","Gensokyo:Companionship","HollowMod:PaleOreRelic","DemoMod:ResourcefulSack","Bronze Scales","ReplayTheSpireMod:Ninjato","DemoMod:Armor","reliquary:RedPaperclip","DemoMod:GlassGuonStoneRelic","StuffTheSpire:Mouthbags","Strawberry","CrazyTorch:ReiMu","reliquary:Buckler","Replay:Rubber Ducky","Vajra","infinitespire:Joker Card","trackpad:WritersBlock","conspire:Dentures","ChaoDraw","Busted Crown","ZombieArmy","StuffTheSpire:MayFlowers","PrismaMod:AliceRelic","Whetstone","halation:IllGainedPizza","DemoMod:Metronome","Boot","Shovel","Art of War","DemoMod:MonsterBlood","StuffTheSpire:OldFever","DemoMod:LamentConfigurum","bronze:MakeshiftBattery","StuffTheSpire:Experiment12","conspire:GiftBox","SnailShell","halation:Sosunser","Pantograph","PrismaticShard","DemoMod:ClearGuonStone","hubris:SoftwareUpdate","Tiny Chest","BrokenLever","Blue Candle","StSpp:PetrifiedCaterpillar"],"acts_visited":["Exordium","Exordium","TheBeyond","Exordium","Exordium","ruina:Briah","Gensokyo:Gensokyoest"],"potions_floor_usage":[],"damage_taken":[{"damage":0.0,"enemies":"conspire:RoseBush","floor":1.0,"turns":2.0},{"damage":4.0,"enemies":"Cultist","floor":2.0,"turns":3.0},{"damage":0.0,"enemies":"Small Slimes","floor":3.0,"turns":3.0},{"damage":12.0,"enemies":"3 Louse","floor":5.0,"turns":2.0},{"damage":2.0,"enemies":"Blue Slaver","floor":7.0,"turns":3.0},{"damage":0.0,"enemies":"Red Slaver","floor":8.0,"turns":4.0},{"damage":0.0,"enemies":"Large Slime","floor":10.0,"turns":3.0},{"damage":0.0,"enemies":"Looter","floor":11.0,"turns":2.0},{"damage":0.0,"enemies":"2 Fungi Beasts","floor":12.0,"turns":3.0},{"damage":0.0,"enemies":"HollowMod:MossKnight","floor":13.0,"turns":4.0},{"damage":0.0,"enemies":"Large Slime","floor":14.0,"turns":2.0},{"damage":0.0,"enemies":"Slime Boss","floor":16.0,"turns":6.0},{"damage":0.0,"enemies":"Gensokyo:AngelMirror","floor":18.0,"turns":3.0},{"damage":0.0,"enemies":"Gensokyo:2_Gloops","floor":19.0,"turns":3.0},{"damage":4.0,"enemies":"Gensokyo:Swordslinger","floor":20.0,"turns":3.0},{"damage":0.0,"enemies":"Gensokyo:Slime_Group","floor":21.0,"turns":3.0},{"damage":4.0,"enemies":"Gensokyo:Monolith_and_Dog","floor":22.0,"turns":3.0},{"damage":13.0,"enemies":"Gensokyo:Wraith","floor":23.0,"turns":4.0},{"damage":0.0,"enemies":"Gensokyo:Slime_Group","floor":24.0,"turns":3.0},{"damage":9.0,"enemies":"Nightmare","floor":27.0,"turns":5.0},{"damage":0.0,"enemies":"Gensokyo:Monolith_and_Dog","floor":28.0,"turns":2.0},{"damage":0.0,"enemies":"Gensokyo:3_Gloops","floor":29.0,"turns":1.0},{"damage":47.0,"enemies":"Gensokyo:Kaguya","floor":33.0,"turns":8.0},{"damage":0.0,"enemies":"Orb Walker","floor":35.0,"turns":3.0},{"damage":2.0,"enemies":"3 Shapes","floor":36.0,"turns":3.0},{"damage":0.0,"enemies":"Transient","floor":37.0,"turns":5.0},{"damage":0.0,"enemies":"Spire Growth","floor":38.0,"turns":2.0},{"damage":8.0,"enemies":"Maw","floor":39.0,"turns":6.0},{"damage":15.0,"enemies":"Giant Head","floor":40.0,"turns":8.0},{"damage":0.0,"enemies":"Jaw Worm Horde","floor":41.0,"turns":3.0},{"damage":23.0,"enemies":"Nemesis","floor":42.0,"turns":7.0},{"damage":0.0,"enemies":"Spire Growth","floor":43.0,"turns":7.0},{"damage":63.0,"enemies":"Giant Head","floor":44.0,"turns":8.0},{"damage":0.0,"enemies":"Spire Growth","floor":45.0,"turns":4.0},{"damage":30.0,"enemies":"Donu and Deca","floor":50.0,"turns":7.0},{"damage":0.0,"enemies":"2 Louse","floor":52.0,"turns":2.0},{"damage":0.0,"enemies":"Jaw Worm","floor":53.0,"turns":2.0},{"damage":0.0,"enemies":"Cultist","floor":54.0,"turns":2.0},{"damage":0.0,"enemies":"2 Fungi Beasts","floor":55.0,"turns":2.0},{"damage":0.0,"enemies":"Looter","floor":56.0,"turns":2.0},{"damage":0.0,"enemies":"Exordium Thugs","floor":61.0,"turns":2.0},{"damage":0.0,"enemies":"Gremlin Gang","floor":62.0,"turns":2.0},{"damage":0.0,"enemies":"Large Slime","floor":63.0,"turns":3.0},{"damage":0.0,"enemies":"Blue Slaver","floor":64.0,"turns":2.0},{"damage":0.0,"enemies":"Looter","floor":65.0,"turns":1.0},{"damage":0.0,"enemies":"Hexaghost","floor":67.0,"turns":4.0},{"damage":0.0,"enemies":"ruina:Nosferatu","floor":69.0,"turns":2.0},{"damage":0.0,"enemies":"ruina:3_Bats","floor":70.0,"turns":2.0},{"damage":0.0,"enemies":"ruina:KnightOfDespair","floor":71.0,"turns":5.0},{"damage":0.0,"enemies":"ruina:KingOfGreed","floor":72.0,"turns":2.0},{"damage":0.0,"enemies":"ruina:3_Scarecrows","floor":73.0,"turns":3.0},{"damage":0.0,"enemies":"ruina:ServantOfWrath","floor":74.0,"turns":3.0},{"damage":0.0,"enemies":"ruina:QueenOfHate","floor":80.0,"turns":2.0},{"damage":0.0,"enemies":"ruina:Woodsman","floor":81.0,"turns":4.0},{"damage":0.0,"enemies":"ruina:Ozma","floor":84.0,"turns":6.0},{"damage":0.0,"enemies":"Gensokyo:3_Boulders","floor":86.0,"turns":2.0},{"damage":0.0,"enemies":"Gensokyo:3_Bats","floor":87.0,"turns":2.0},{"damage":0.0,"enemies":"Gensokyo:Rafflesia","floor":89.0,"turns":4.0},{"damage":0.0,"enemies":"Gensokyo:Doremy","floor":91.0,"turns":3.0},{"damage":0.0,"enemies":"Gensokyo:Sharpion","floor":93.0,"turns":3.0},{"damage":0.0,"enemies":"Gensokyo:AtlasGolem","floor":94.0,"turns":5.0},{"damage":0.0,"enemies":"Nightmare","floor":95.0,"turns":6.0},{"damage":0.0,"enemies":"Gensokyo:AtlasGolem","floor":96.0,"turns":3.0},{"damage":0.0,"enemies":"Gensokyo:4_Bats","floor":97.0,"turns":4.0},{"damage":0.0,"enemies":"Gensokyo:Dusk_and_Dawn","floor":98.0,"turns":3.0},{"damage":0.0,"enemies":"Gensokyo:SeedOfUnknown","floor":99.0,"turns":3.0},{"damage":0,"enemies":"Gensokyo:Yuyuko","floor":101,"turns":1}],"seed_played":"-4533238032300646110","potions_obtained":[{"floor":2.0,"key":"Elixir"},{"floor":3.0,"key":"blueLaboratory:FrostheartPotion"},{"floor":36.0,"key":"blueLaboratory:BubblePotion"},{"floor":37.0,"key":"Energy Potion"},{"floor":39.0,"key":"blueLaboratory:TrueEctoplasm"},{"floor":41.0,"key":"blueLaboratory:TrueEctoplasm"},{"floor":45.0,"key":"Strength Potion"},{"floor":50.0,"key":"Energy Potion"},{"floor":53.0,"key":"blueLaboratory:Moonshine"},{"floor":62.0,"key":"DemoMod:LeadSkinPotion"}],"is_trial":true,"path_per_floor":["M","M","M","$","M","R","M","M","T","M","M","M","E","M","R","B",null,"M","M","M","M","M","M","M","R","T","NM","M","M","R","COS","R","B",null,"M","M","M","M","M","E","M","E","MIM","E","M","?","R","?","R","B",null,"M","M","M","M","M","R","?","?","T","M","M","M","M","M","R","B",null,"M","M","M","M","M","E","AVR","R","T","$","?","M","M","?","R","B",null,"M","M","$","M","AVR","E","?","M","MIM","NM","M","M","M","M","R","B",null],"character_chosen":"ILLYA","items_purchased":["PrismaMod:IllyaCarnivalAttack","Pen Nib","Replay:Bottled Eggs","PrismaMod:IllyaInstallArcher","PrismaMod:IllyaAOECommonAttack","SnailShell","halation:Sosunser"],"campfire_rested":1,"item_purchase_floors":[4,4,4,4,4,88,88],"current_hp_per_floor":[75,72,75,75,66,66,64,67,67,70,70,75,76,76,76,76,76,76,76,72,75,72,63,76,76,76,70,70,73,73,73,73,32,76,76,76,76,76,68,61,73,68,85,37,45,45,70,70,70,91,91,96,106,106,106,106,106,106,106,106,106,106,106,106,106,106,106,106,106,109,109,109,109,109,109,109,116,116,116,116,116,116,116,119,119,119,119,119,119,119,119,119,119,119,125,125,125,125,125,125,128,128,128],"gold":1695,"neow_bonus":"","is_daily":false,"chose_seed":false,"campfire_upgraded":10,"win_rate":0.0,"timestamp":1614279619,"path_taken":["M","M","M","$","?","R","M","M","T","M","M","M","E","M","R","BOSS","M","M","M","M","M","M","?","R","T","NM","M","M","R","COS","R","BOSS","M","M","M","M","M","E","M","E","MIM","E","M","?","R","?","R","BOSS","M","M","M","M","M","R","?","?","T","M","M","M","M","M","R","BOSS","M","M","M","M","M","E","AVR","R","T","$","?","M","M","?","R","BOSS","M","M","$","M","AVR","E","?","M","MIM","NM","M","M","M","M","R","BOSS"],"items_purchased_type":["Card","Relic","Relic","Card","Card","Relic","Relic"],"build_version":"2020-12-22","purchased_purges":0,"victory":false,"max_hp_per_floor":[75,76,76,76,76,76,76,76,76,76,76,76,76,76,76,76,76,76,76,76,76,76,76,76,76,76,76,76,76,76,76,76,76,76,76,76,76,76,76,76,82,85,85,85,85,85,85,85,85,91,91,96,106,106,106,106,106,106,106,106,106,106,106,106,106,106,106,106,106,109,109,109,109,109,109,109,116,116,116,116,116,116,116,119,119,119,119,119,119,119,119,119,119,119,125,125,125,125,125,125,128,128,128],"card_choices":[{"not_picked":["PrismaMod:IllyaPoisonBlock","PrismaMod:IllyaDualEvoke"],"picked":"PrismaMod:IllyaRussianRoulette","floor":0.0},{"not_picked":["PrismaMod:IllyaUncommonEvoke","PrismaMod:IllyaSaphire"],"picked":"PrismaMod:IllyaHassanGift","floor":0.0},{"not_picked":["PrismaMod:IllyaDualEvoke","PrismaMod:IllyaGrailKun"],"picked":"PrismaMod:IllyaUberChannel","floor":0.0},{"not_picked":["PrismaMod:IllyaMaid","PrismaMod:IllyaRapidFire"],"picked":"PrismaMod:IllyaDualEvoke","floor":0.0},{"not_picked":["PrismaMod:IllyaCommonEvoke","PrismaMod:IllyaPoisonTippedWeapons"],"picked":"PrismaMod:IllyaPartialInstallAssassin","floor":0.0},{"not_picked":["PrismaMod:IllyaRapidFire","PrismaMod:IllyaCheapChannelPoison"],"picked":"PrismaMod:IllyaBlindPoisonToss","floor":0.0},{"not_picked":["PrismaMod:IllyaMinorReinForce","PrismaMod:IllyaBlindPoisonToss"],"picked":"PrismaMod:IllyaDetonatingBlow","floor":0.0},{"not_picked":["PrismaMod:IllyaAssassinRevenge","PrismaMod:IllyaTestament"],"picked":"PrismaMod:IllyaCommandSeal","floor":0.0},{"not_picked":["PrismaMod:IllyaRubysPotion","PrismaMod:IllyaBlindPoisonToss"],"picked":"PrismaMod:IllyaFriendMaker","floor":0.0},{"not_picked":["PrismaMod:IllyaReinForce","PrismaMod:IllyaSaphire"],"picked":"PrismaMod:IllyaBoysLove","floor":0.0},{"not_picked":["PrismaMod:IllyaFeed","PrismaMod:IllyaCheapChannelDefend"],"picked":"PrismaMod:IllyaStunPoison","floor":0.0},{"not_picked":["PrismaMod:IllyaDevil","PrismaMod:IllyaSaphire"],"picked":"PrismaMod:IllyaFeed","floor":0.0},{"not_picked":["PrismaMod:IllyaGrailKun","PrismaMod:IllyaGrail"],"picked":"PrismaMod:IllyaUncommonDefend","floor":0.0},{"not_picked":["PrismaMod:IllyaAOECommonAttack","PrismaMod:IllyaMinorRapidFire"],"picked":"PrismaMod:IllyaMinorReinForce","floor":0.0},{"not_picked":["PrismaMod:IllyaSaphire","PrismaMod:IllyaCheapDefend"],"picked":"PrismaMod:IllyaUncommonAOEAttack","floor":0.0},{"not_picked":["PrismaMod:IllyaMaid","PrismaMod:IllyaUberPoisonChannel"],"picked":"PrismaMod:IllyaRussianRoulette","floor":13.0},{"not_picked":["PrismaMod:IllyaInstallAssassin","PrismaMod:IllyaUberPoisonChannel"],"picked":"PrismaMod:IllyaCarnivalOrbs","floor":16.0},{"not_picked":["PrismaMod:IllyaInstallMoonCancer","PrismaMod:IllyaUpgradeOrbs"],"picked":"PrismaMod:IllyaGrail","floor":27.0},{"not_picked":["PrismaMod:IllyaUberPoisonChannel","PrismaMod:IllyaInstallLancer"],"picked":"PrismaMod:IllyaCarnivalPrismaAstolfo","floor":33.0},{"not_picked":["PrismaMod:IllyaPoisoningPhantasm","PrismaMod:IllyaRapidFire+1"],"picked":"PrismaMod:IllyaAlice+1","floor":40.0},{"not_picked":["PrismaMod:IllyaPartialInstallAssassin","PrismaMod:IllyaPoisonTippedWeapons+1","PrismaMod:IllyaCheapChannelPoison"],"picked":"SKIP","floor":42.0},{"not_picked":["PrismaMod:IllyaMinorRapidFire","PrismaMod:IllyaUncommonEvoke+1"],"picked":"PrismaMod:IllyaMinorReinForce+1","floor":44.0},{"not_picked":["PrismaMod:IllyaUberAttackChannel","PrismaMod:IllyaInstallMoonCancer"],"picked":"PrismaMod:IllyaInstallAssassin","floor":50.0},{"not_picked":["PrismaMod:IllyaCarnivalPrismaAstolfo","PrismaMod:IllyaCarnivalDefend"],"picked":"PrismaMod:IllyaInstallSaber","floor":67.0},{"not_picked":["PrismaMod:IllyaUncommonDefend"],"picked":"SKIP","floor":74.0},{"not_picked":["infinitespire:UltimateForm","infinitespire:Menacing"],"picked":"infinitespire:Starlight","floor":79.0},{"not_picked":["Hololive_CallAmaneKanata+1"],"picked":"SKIP","floor":91.0},{"not_picked":["Hololive_CocoNews+1"],"picked":"SKIP","floor":95.0}],"player_experience":566563,"relics_obtained":[{"floor":1.0,"key":"Replay:Baseball"},{"floor":2.0,"key":"StuffTheSpire:Rhapsscallions"},{"floor":3.0,"key":"StuffTheSpire:TintedRock"},{"floor":5.0,"key":"DemoMod:WhiteGuonStone"},{"floor":7.0,"key":"Bronze Scales"},{"floor":8.0,"key":"DemoMod:OrangeGuonStone"},{"floor":9.0,"key":"DemoMod:NanoMachines"},{"floor":10.0,"key":"Slimebound:StickyStick"},{"floor":11.0,"key":"CeramicFish"},{"floor":12.0,"key":"trackpad:WondrousWand"},{"floor":13.0,"key":"halation:Toothbrush"},{"floor":14.0,"key":"trackpad:AdjectivePendant"},{"floor":18.0,"key":"Anchor"},{"floor":20.0,"key":"trackpad:SappingStone"},{"floor":21.0,"key":"Gremlin Food"},{"floor":22.0,"key":"Nunchaku"},{"floor":23.0,"key":"Replay:Accelerometer"},{"floor":24.0,"key":"Centennial Puzzle"},{"floor":26.0,"key":"Onion Ring"},{"floor":27.0,"key":"reliquary:Knoch"},{"floor":28.0,"key":"hubris:Zylophone"},{"floor":29.0,"key":"Pet Ghost"},{"floor":35.0,"key":"MealTicket"},{"floor":36.0,"key":"Potion Belt"},{"floor":37.0,"key":"reliquary:PrincelyHelmet"},{"floor":38.0,"key":"sneckomod:BlankCard"},{"floor":39.0,"key":"MagicDraw2"},{"floor":40.0,"key":"StuffTheSpire:SapphireSignet"},{"floor":41.0,"key":"infinitespire:Satchel"},{"floor":42.0,"key":"HollowMod:PaleOreRelic"},{"floor":43.0,"key":"DemoMod:ResourcefulSack"},{"floor":44.0,"key":"reliquary:SculptingSteel"},{"floor":45.0,"key":"ReplayTheSpireMod:Ninjato"},{"floor":52.0,"key":"StuffTheSpire:Mouthbags"},{"floor":53.0,"key":"Strawberry"},{"floor":55.0,"key":"CrazyTorch:ReiMu"},{"floor":56.0,"key":"reliquary:Buckler"},{"floor":60.0,"key":"Replay:Rubber Ducky"},{"floor":61.0,"key":"Vajra"},{"floor":62.0,"key":"infinitespire:Joker Card"},{"floor":63.0,"key":"trackpad:WritersBlock"},{"floor":64.0,"key":"conspire:Dentures"},{"floor":65.0,"key":"ChaoDraw"},{"floor":69.0,"key":"ZombieArmy"},{"floor":70.0,"key":"StuffTheSpire:MayFlowers"},{"floor":71.0,"key":"Whetstone"},{"floor":72.0,"key":"halation:IllGainedPizza"},{"floor":73.0,"key":"DemoMod:Metronome"},{"floor":74.0,"key":"Boot"},{"floor":76.0,"key":"Art of War"},{"floor":77.0,"key":"DemoMod:MonsterBlood"},{"floor":80.0,"key":"StuffTheSpire:OldFever"},{"floor":81.0,"key":"DemoMod:LamentConfigurum"},{"floor":86.0,"key":"StuffTheSpire:Experiment12"},{"floor":87.0,"key":"conspire:GiftBox"},{"floor":89.0,"key":"Pantograph"},{"floor":91.0,"key":"DemoMod:ClearGuonStone"},{"floor":93.0,"key":"Tiny Chest"},{"floor":96.0,"key":"BrokenLever"},{"floor":97.0,"key":"Blue Candle"},{"floor":98.0,"key":"StSpp:PetrifiedCaterpillar"}],"event_choices":[{"damage_healed":0.0,"max_hp_gain":0.0,"max_hp_loss":0.0,"gold_gain":100.0,"event_name":"Golden Shrine","player_choice":"Pray","floor":48.0,"gold_loss":0.0,"damage_taken":0.0}],"is_beta":false,"boss_relics":[{"not_picked":["reliquary:WritOfMandamus","energizedSpire:HugeHouse","SacredBark"]},{"not_picked":["aspiration:RunicSpoon","Calling Bell"],"picked":"Snecko Heart"},{"not_picked":["hubris:HollowSoul","conspire:RoyalGoblet"],"picked":"reliquary:RedPaperclip"},{"not_picked":["energizedSpire:RedRose","hubris:VirtuousBlindfold"],"picked":"Busted Crown"},{"not_picked":["StSpp:CrystalBall","hubris:Backtick"],"picked":"bronze:MakeshiftBattery"},{"not_picked":["energizedSpire:HugeHouse","halation:Risk","StuffTheSpire:ModemDavis"]}],"items_purged_floors":[],"is_endless":true,"potions_floor_spawned":[2,3,5,7,13,16,18,21,22,24,29,36,37,39,41,44,45,50,53,54,62,63,70,71,72,84,95,96,97,98,99],"ascension_level":0}}