{"host":"liu","time":1614265301,"event":{"mods":["100% Spire Juice","ATMod(°¢èªMod)","Act Like it!","Arknights","BaseMod","KinomotoSakuraMod(Ä¾Ö®±¾Ó£)","Lobotomy","Marisa£¨ìFÓê¡¡Ä§ÀíÉ³£©","Minty Spire (QoL Compilation)","Reimu£¨²©ÀöÁéÃÎ£©","Remilia£¨ÀÙÃ×ÀòÑÇ£©","StSLib","TestMod","The Construct","The Senshi","Youmu£¨»êÆÇÑýÃÎ£©","¡¾ÒÅÎï¿¨ÅÆ¡¿REMEMod"],"gold_per_floor":[114,133,133,58,58,85,102,136,136,136,149,99,127,40,40,111,111,122,22,22,42,5,5,40,40,65,65,65,98,98,98,98,172,172,186,202,202,250,104,138,157,70,93,93,125,125,153,153,153,153,153,153,28,53,53,53],"floor_reached":55,"language":"ZHS","playtime":1716,"items_purged":["Defend_G","Strike_G","Strike_G"],"score":1655,"play_id":"074367e0-7877-44f9-8126-4228d192d1e0","local_time":"20210225230141","is_ascension_mode":true,"campfire_choices":[{"data":"AT_LightSaberMaster","floor":10.0,"key":"SMITH"},{"data":"testmod-LimitFlipper","floor":15.0,"key":"SMITH"},{"data":"AT_TinkerSharpsword","floor":23.0,"key":"SMITH"},{"data":"AT_ThistleTea","floor":28.0,"key":"SMITH"},{"floor":32.0,"key":"REST"},{"data":"testmod-RabbitOfFibonacci","floor":44.0,"key":"SMITH"},{"floor":49.0,"key":"RECALL"},{"data":"testmod-RabbitOfFibonacci+1","floor":52.0,"key":"SMITH"}],"circlet_count":0,"master_deck":["AscendersBane","Defend_G","Defend_G","Defend_G","Survivor","Neutralize","REME_HeartOfCthun","AT_DrawKnifeCut","AT_LightSaberMaster+1","AT_ThistleTea+1","Quick Slash","Backflip","AT_ShadowStep","Underhanded Strike","AT_WindFlip","Terror","Infinite Blades","testmod-LimitFlipper+1","AT_KingSlayer","AT_TinkerSharpsword+1","Riddle With Holes","Prepared","Glass Knife","AT_ShadowStep","Riddle With Holes","testmod-RabbitOfFibonacci+2","testmod-PocketStoneCalender"],"relics":["Ring of the Snake","AT_ATBox","testmod-TestBox","REME_ComplimentaryCards","testmod-ConstraintPeriapt","Torii","Dead Branch","FossilizedHelix","Ninja Scroll","testmod-PortableAltar","testmod-IndustrialRevolution","Pen Nib","testmod-TurbochargingSystem","Bronze Scales","testmod-Fanaticism","testmod-RainbowHikingShoes","AT_SunfireAegis","Darkstone Periapt","AT_RedTearstoneRing","AT_ArchangelStaff","REME_HandOfSuture","PureWhite:ReiMu"],"acts_visited":["Exordium","TheCity","TheBeyond","TheEnding"],"potions_floor_usage":[],"damage_taken":[{"damage":0.0,"enemies":"ats:Genji","floor":1.0,"turns":2.0},{"damage":0.0,"enemies":"Cultist","floor":2.0,"turns":3.0},{"damage":17.0,"enemies":"Lagavulin","floor":6.0,"turns":3.0},{"damage":0.0,"enemies":"2 Louse","floor":7.0,"turns":1.0},{"damage":15.0,"enemies":"Gremlin Nob","floor":8.0,"turns":3.0},{"damage":0.0,"enemies":"Blue Slaver","floor":11.0,"turns":2.0},{"damage":0.0,"enemies":"Lagavulin","floor":13.0,"turns":2.0},{"damage":0.0,"enemies":"Slime Boss","floor":16.0,"turns":3.0},{"damage":11.0,"enemies":"Shell Parasite","floor":18.0,"turns":3.0},{"damage":24.0,"enemies":"2 Thieves","floor":21.0,"turns":2.0},{"damage":32.0,"enemies":"REME_1_Revenger","floor":24.0,"turns":4.0},{"damage":9.0,"enemies":"Book of Stabbing","floor":29.0,"turns":3.0},{"damage":19.0,"enemies":"Champ","floor":33.0,"turns":5.0},{"damage":0.0,"enemies":"3 Darklings","floor":35.0,"turns":2.0},{"damage":12.0,"enemies":"3 Shapes","floor":36.0,"turns":1.0},{"damage":0.0,"enemies":"2 Orb Walkers","floor":38.0,"turns":2.0},{"damage":0.0,"enemies":"Reptomancer","floor":40.0,"turns":1.0},{"damage":0.0,"enemies":"Sphere and 2 Shapes","floor":41.0,"turns":1.0},{"damage":0.0,"enemies":"Giant Head","floor":45.0,"turns":2.0},{"damage":0.0,"enemies":"Nemesis","floor":47.0,"turns":1.0},{"damage":0.0,"enemies":"Donu and Deca","floor":50.0,"turns":2.0},{"damage":0.0,"enemies":"Shield and Spear","floor":54.0,"turns":2.0},{"damage":39,"enemies":"The Heart","floor":55,"turns":3}],"seed_played":"-8283942651304819722","potions_obtained":[{"floor":1.0,"key":"Strength Potion"},{"floor":8.0,"key":"Poison Potion"},{"floor":11.0,"key":"FairyPotion"},{"floor":13.0,"key":"testmod-SpacePotion"},{"floor":29.0,"key":"testmod-SpacePotion"},{"floor":40.0,"key":"Strength Potion"}],"is_trial":false,"path_per_floor":["M","M","?","$","?","E","M","E","T","R","M","?","E","$","R","B",null,"M","$","?","M","$","R","E","?","T","$","R","E","?","T","R","B",null,"M","M","?","?","$","E","M","$","T","R","E","?","E","?","R","B",null,"R","$","E","B"],"character_chosen":"THE_SILENT","items_purchased":["testmod-LimitFlipper","Riddle With Holes","AT_SunfireAegis","testmod-RabbitOfFibonacci"],"campfire_rested":1,"item_purchase_floors":[14,22,39,42],"current_hp_per_floor":[63,64,64,64,64,52,52,40,40,40,41,41,41,41,41,43,63,53,53,53,31,31,31,18,38,38,38,38,29,20,20,38,21,49,52,43,43,44,44,46,46,46,46,46,47,46,45,44,43,42,41,40,39,38,0,0],"gold":53,"neow_bonus":"RANDOM_COLORLESS","is_daily":false,"chose_seed":false,"campfire_upgraded":6,"win_rate":0.0,"timestamp":1614265301,"path_taken":["M","M","?","$","?","E","M","E","T","R","?","?","E","$","R","BOSS","M","$","?","M","$","R","E","?","T","$","R","E","?","?","R","BOSS","M","M","?","?","?","E","M","$","T","R","E","?","E","?","R","BOSS","R","$","E","BOSS"],"items_purchased_type":["Card","Card","Relic","Card"],"build_version":"2020-12-18","purchased_purges":3,"victory":false,"max_hp_per_floor":[70,70,70,70,70,70,70,70,70,70,70,70,70,70,70,70,70,69,68,67,66,65,64,63,62,61,60,59,58,62,61,60,59,58,57,56,55,54,53,52,51,50,49,48,47,46,45,44,43,42,41,40,39,38,37,37],"card_choices":[{"not_picked":["REME_MagicPocketWatch","testmod-BackupPower"],"picked":"AT_LightSaberMaster","floor":0.0},{"not_picked":["Dodge and Roll","Backflip"],"picked":"AT_ThistleTea","floor":1.0},{"not_picked":["Riddle With Holes","Backflip"],"picked":"Quick Slash","floor":2.0},{"not_picked":["Cloak And Dagger","Caltrops","Backstab"],"picked":"SKIP","floor":6.0},{"not_picked":["Blade Dance","Escape Plan"],"picked":"Underhanded Strike","floor":7.0},{"not_picked":["Malaise","A Thousand Cuts"],"picked":"AT_WindFlip","floor":8.0},{"not_picked":["Poisoned Stab","Dagger Throw","Terror"],"picked":"SKIP","floor":11.0},{"not_picked":["Poisoned Stab","Dagger Throw"],"picked":"Terror","floor":11.0},{"not_picked":["AT_EssenceShift","Blade Dance"],"picked":"Infinite Blades","floor":13.0},{"not_picked":["Corpse Explosion","AT_MyraUnstableElement"],"picked":"AT_KingSlayer","floor":16.0},{"not_picked":["Underhanded Strike","Heel Hook"],"picked":"AT_TinkerSharpsword","floor":18.0},{"not_picked":["Poisoned Stab","Dodge and Roll","Underhanded Strike"],"picked":"SKIP","floor":21.0},{"not_picked":["Outmaneuver+1","PiercingWail"],"picked":"Prepared","floor":24.0},{"not_picked":["Blade Dance","Dagger Throw+1","Outmaneuver"],"picked":"SKIP","floor":29.0},{"not_picked":["REME_GrazeFinale","Grand Finale"],"picked":"Glass Knife","floor":33.0},{"not_picked":["Sucker Punch","Dodge and Roll+1"],"picked":"AT_ShadowStep","floor":35.0},{"not_picked":["Leg Sweep+1","All Out Attack","Blade Dance"],"picked":"SKIP","floor":36.0},{"not_picked":["Predator","PiercingWail"],"picked":"Riddle With Holes","floor":38.0},{"not_picked":["Finisher","Blade Dance","Expertise"],"picked":"SKIP","floor":40.0},{"not_picked":["Dodge and Roll","Deadly Poison","PiercingWail+1"],"picked":"SKIP","floor":41.0},{"not_picked":["Concentrate","Reflex","Dash"],"picked":"SKIP","floor":45.0},{"not_picked":["testmod-WeaknessCounterattack","testmod-PowerStrike"],"picked":"testmod-PocketStoneCalender","floor":46.0},{"not_picked":["AT_WomanClash+1","Acrobatics","Bouncing Flask+1"],"picked":"SKIP","floor":47.0},{"not_picked":["Blade Dance+1","Reflex","AT_WindFlip"],"picked":"SKIP","floor":54.0}],"player_experience":408071,"relics_obtained":[{"floor":6.0,"key":"Torii"},{"floor":8.0,"key":"Dead Branch"},{"floor":9.0,"key":"FossilizedHelix"},{"floor":13.0,"key":"Ninja Scroll"},{"floor":24.0,"key":"Pen Nib"},{"floor":26.0,"key":"testmod-TurbochargingSystem"},{"floor":29.0,"key":"Bronze Scales"},{"floor":38.0,"key":"testmod-RainbowHikingShoes"},{"floor":40.0,"key":"Darkstone Periapt"},{"floor":43.0,"key":"AT_RedTearstoneRing"},{"floor":45.0,"key":"AT_ArchangelStaff"},{"floor":47.0,"key":"REME_HandOfSuture"},{"floor":54.0,"key":"PureWhite:ReiMu"}],"event_choices":[{"damage_healed":0.0,"max_hp_gain":0.0,"max_hp_loss":0.0,"gold_gain":0.0,"cards_transformed":["Strike_G"],"event_name":"Living Wall","player_choice":"Change","floor":3.0,"gold_loss":0.0,"damage_taken":0.0,"cards_obtained":["Backflip"]},{"damage_healed":0.0,"max_hp_gain":0.0,"max_hp_loss":0.0,"gold_gain":0.0,"cards_transformed":["Strike_G"],"event_name":"Transmorgrifier","player_choice":"Transformed","floor":5.0,"gold_loss":0.0,"damage_taken":0.0,"cards_obtained":["AT_ShadowStep"]},{"cards_removed":["Strike_G"],"damage_healed":0.0,"max_hp_gain":0.0,"max_hp_loss":0.0,"gold_gain":0.0,"event_name":"The Cleric","player_choice":"Card Removal","floor":12.0,"gold_loss":50.0,"damage_taken":0.0},{"damage_healed":0.0,"max_hp_gain":0.0,"max_hp_loss":0.0,"gold_gain":0.0,"event_name":"The Mausoleum","player_choice":"Opened","floor":20.0,"gold_loss":0.0,"damage_taken":0.0,"relics_obtained":["testmod-IndustrialRevolution"]},{"damage_healed":20.0,"max_hp_gain":0.0,"max_hp_loss":0.0,"gold_gain":0.0,"event_name":"The Library","player_choice":"Heal","floor":25.0,"gold_loss":0.0,"damage_taken":0.0},{"damage_healed":0.0,"max_hp_gain":5.0,"max_hp_loss":0.0,"gold_gain":0.0,"event_name":"Forgotten Altar","player_choice":"Shed Blood","floor":30.0,"gold_loss":0.0,"damage_taken":14.0},{"cards_removed":["Defend_G"],"damage_healed":0.0,"max_hp_gain":0.0,"max_hp_loss":0.0,"gold_gain":0.0,"event_name":"Falling","player_choice":"Removed Skill","floor":37.0,"gold_loss":0.0,"damage_taken":0.0},{"damage_healed":0.0,"max_hp_gain":0.0,"max_hp_loss":0.0,"gold_gain":0.0,"event_name":"Mysterious Sphere","player_choice":"Fight","floor":38.0,"gold_loss":0.0,"damage_taken":0.0},{"damage_healed":0.0,"max_hp_gain":0.0,"max_hp_loss":0.0,"gold_gain":0.0,"event_name":"SensoryStone","player_choice":"Memory 1","floor":46.0,"gold_loss":0.0,"damage_taken":0.0},{"damage_healed":0.0,"max_hp_gain":0.0,"max_hp_loss":0.0,"gold_gain":0.0,"event_name":"¸ø×Ô¼ºµÄºÐ×Ó","player_choice":"Ignored","floor":48.0,"gold_loss":0.0,"damage_taken":0.0}],"is_beta":true,"boss_relics":[{"not_picked":["HoveringKite","testmod-HarvestTotem"],"picked":"testmod-PortableAltar"},{"not_picked":["Philosopher\u0027s Stone","SacredBark"],"picked":"testmod-Fanaticism"}],"items_purged_floors":[4,19,53],"is_endless":false,"potions_floor_spawned":[1,8,11,13,29,36,40],"killed_by":"The Heart","ascension_level":13}}