{"host":"fr1l74x1jw61j7hk","time":1614257017,"event":{"mods":["BaseMod","Downfall","Minty Spire (QoL Compilation)","StSLib"],"gold_per_floor":[0,16,16,31,31,50,76,176,76,143,153,166,216,320,334,334,334,334],"floor_reached":16,"language":"ZHS","playtime":740,"items_purged":[],"score":94,"play_id":"25831239-b44c-49d7-b81b-f56e0ccb93d1","local_time":"20210225204337","is_ascension_mode":false,"campfire_choices":[{"data":"Slimebound:Split","floor":1,"key":"SMITH"},{"data":"Slimebound:ProtectTheBoss","floor":9,"key":"SMITH"}],"circlet_count":0,"master_deck":["Slimebound:Strike_Slimebound+1","Slimebound:Strike_Slimebound","Slimebound:Strike_Slimebound+1","Slimebound:Tackle","Slimebound:Defend_Slimebound","Slimebound:Defend_Slimebound","Slimebound:Defend_Slimebound","Slimebound:Defend_Slimebound+1","Slimebound:Split+1","Slimebound:CorrosiveSpit","Slimebound:LeadByExample","Regret","Slimebound:PressTheAttack","Slimebound:Split+1","Slimebound:SlimeBarrage","Slimebound:ProtectTheBoss+1","Slimebound:Nibble","Slimebound:HauntingLick","Slimebound:SamplingLick","downfall:Malfunctioning","Slimebound:GrowthPunch"],"relics":["Slimebound:AbsorbEndCombat","WingedGreaves","Toy Ornithopter","downfall:CloakOfManyFaces","CultistMask","FaceOfCleric","NlothsMask","GremlinMask","SsserpentHead","downfall:HeartBlessingBlue"],"acts_visited":["Exordium"],"potions_floor_usage":[8,8,16,16],"damage_taken":[{"damage":17,"enemies":"Jaw Worm","floor":2,"turns":4},{"damage":4,"enemies":"Small Slimes","floor":4,"turns":4},{"damage":4,"enemies":"Cultist","floor":6,"turns":4},{"damage":30,"enemies":"downfall:FaceTrader","floor":8,"turns":7},{"damage":20,"enemies":"3 Louse","floor":10,"turns":4},{"damage":22,"enemies":"Red Slaver","floor":11,"turns":4},{"damage":3,"enemies":"Blue Slaver","floor":12,"turns":4},{"damage":16,"enemies":"Large Slime","floor":15,"turns":3},{"damage":35,"enemies":"IC_STATUS_ARCHETYPE","floor":16,"turns":8}],"seed_played":"1391762811653833194","potions_obtained":[{"floor":2,"key":"Fire Potion"},{"floor":4,"key":"Weak Potion"},{"floor":8,"key":"EssenceOfSteel"},{"floor":11,"key":"BlessingOfTheForge"},{"floor":15,"key":"Dexterity Potion"}],"is_trial":false,"path_per_floor":["R","M","?","M","?","M","T","?","R","M","M","M","?","T","M","B"],"character_chosen":"SLIMEBOUND","items_purchased":[],"campfire_rested":0,"item_purchase_floors":[],"current_hp_per_floor":[65,50,50,50,50,54,54,42,52,37,20,22,22,22,11,0,0,0],"gold":334,"neow_bonus":"ONE_RARE_RELIC","is_daily":false,"chose_seed":false,"campfire_upgraded":2,"win_rate":0.0,"timestamp":1614257017,"path_taken":["R","M","?","M","?","?","T","?","R","?","M","M","?","?","M","BOSS"],"items_purchased_type":[],"build_version":"2020-12-22","purchased_purges":0,"victory":false,"max_hp_per_floor":[65,65,65,65,65,65,65,65,75,76,77,78,78,78,79,79,79,79],"card_choices":[{"not_picked":["Slimebound:Nibble","Slimebound:ProtectTheBoss"],"picked":"Slimebound:LeadByExample","floor":2},{"not_picked":["Slimebound:SplitLeeching","Slimebound:Prepare"],"picked":"Slimebound:PressTheAttack","floor":4},{"not_picked":["Slimebound:SplitAcid","Slimebound:PressTheAttack"],"picked":"Slimebound:SlimeBarrage","floor":6},{"not_picked":["Slimebound:LeechLife","Slimebound:SplitMire"],"picked":"Slimebound:ProtectTheBoss","floor":8},{"not_picked":["Slimebound:SplitBruiser","Slimebound:SamplingLick"],"picked":"Slimebound:Nibble","floor":10},{"not_picked":["Slimebound:BestDefense","Slimebound:SlimeSpikes"],"picked":"Slimebound:HauntingLick","floor":11},{"not_picked":["Slimebound:PressTheAttack","Slimebound:LivingWall"],"picked":"Slimebound:SamplingLick","floor":12},{"not_picked":["Slimebound:MegaLick","Slimebound:DisruptingSlam"],"picked":"Slimebound:GrowthPunch","floor":15}],"player_experience":518926,"relics_obtained":[{"floor":8,"key":"downfall:CloakOfManyFaces"}],"event_choices":[{"damage_healed":0,"gold_gain":0,"player_choice":"Box","damage_taken":0,"relics_obtained":["Toy Ornithopter"],"max_hp_gain":0,"max_hp_loss":0,"event_name":"Big Fish","floor":3,"gold_loss":0,"cards_obtained":["Regret"]}],"is_beta":false,"boss_relics":[],"items_purged_floors":[],"is_endless":false,"potions_floor_spawned":[2,4,8,11,15],"killed_by":"IC_STATUS_ARCHETYPE","ascension_level":0}}