{"host":"kh6fvhxn285ncg0o","time":1614295985,"event":{"mods":["Act Like it!","BaseMod","Colored Map","Friendly Minions","Keyboard Shortcuts","Minty Spire (QoL Compilation)","Quick Restart","Relic Stats","StSLib","SuperFastMode","UnlockEverythingMod"],"gold_per_floor":[116,191,341,95,105,125,158,158,158,192,192,204,204,218,218,218,218],"floor_reached":16,"language":"KOR","playtime":343,"items_purged":["Doubt"],"score":220,"play_id":"c7e1039e-ebd3-4d4e-9558-76f2132eeba1","local_time":"20210226083305","is_ascension_mode":true,"campfire_choices":[{"data":"Bash","floor":8,"key":"SMITH"},{"data":"Battle Trance","floor":11,"key":"SMITH"},{"data":"Rage","floor":13,"key":"SMITH"},{"floor":15,"key":"REST"}],"circlet_count":0,"master_deck":["AscendersBane","Strike_R","Strike_R","Strike_R","Strike_R","Strike_R","Defend_R","Defend_R","Defend_R","Defend_R","Bash+1","Battle Trance+1","Evolve","Rage+1","Shrug It Off+1","Feel No Pain","Entrench+1"],"relics":["Cursed Key","Sling","Toxic Egg 2","Pear"],"acts_visited":["Exordium"],"potions_floor_usage":[10,14,16],"damage_taken":[{"damage":2,"enemies":"Jaw Worm","floor":1,"turns":3},{"damage":3,"enemies":"Small Slimes","floor":5,"turns":3},{"damage":5,"enemies":"2 Louse","floor":6,"turns":3},{"damage":11,"enemies":"Gremlin Nob","floor":7,"turns":3},{"damage":18,"enemies":"Lagavulin","floor":10,"turns":6},{"damage":1,"enemies":"Exordium Wildlife","floor":12,"turns":4},{"damage":10,"enemies":"Gremlin Gang","floor":14,"turns":6},{"damage":44,"enemies":"The Guardian","floor":16,"turns":13}],"seed_played":"4954492498906070189","potions_obtained":[{"floor":7,"key":"Block Potion"},{"floor":10,"key":"AttackPotion"},{"floor":12,"key":"EssenceOfSteel"}],"is_trial":false,"path_per_floor":["M","?","?","$","M","M","E","R","T","E","R","M","R","M","R","B"],"character_chosen":"IRONCLAD","items_purchased":["Sling"],"campfire_rested":1,"item_purchase_floors":[4],"current_hp_per_floor":[66,55,55,55,52,47,36,36,36,28,28,27,27,17,42,0,0],"gold":218,"neow_bonus":"BOSS_RELIC","is_daily":false,"chose_seed":false,"campfire_upgraded":3,"win_rate":0.0,"timestamp":1614295985,"path_taken":["M","?","?","$","?","M","E","R","T","E","R","M","R","M","R","BOSS"],"items_purchased_type":["Relic"],"build_version":"2020-12-22","purchased_purges":1,"victory":false,"max_hp_per_floor":[75,75,75,75,75,75,75,75,75,85,85,85,85,85,85,85,85],"relic_stats":{"counters":[8,41],"Cursed Key":0,"obtain_stats":[{"Pear":10,"Toxic Egg 2":7,"Cursed Key":0,"Sling":4,"Burning Blood":0},{"Pear":5,"Toxic Egg 2":4,"Cursed Key":0,"Sling":1,"Burning Blood":0},{"Pear":18,"Toxic Egg 2":12,"Cursed Key":0,"Sling":3,"Burning Blood":0}]},"card_choices":[{"not_picked":["Headbutt","Blood for Blood"],"picked":"Battle Trance","floor":1},{"not_picked":["Havoc","Clothesline"],"picked":"Evolve","floor":5},{"not_picked":["True Grit","Havoc"],"picked":"Rage","floor":6},{"not_picked":["Cleave","Clash"],"picked":"Shrug It Off+1","floor":7},{"not_picked":["Flex+1","Seeing Red+1"],"picked":"Feel No Pain","floor":10},{"not_picked":["Searing Blow","Perfected Strike"],"picked":"Entrench+1","floor":12},{"not_picked":["Thunderclap","Iron Wave","Rage+1"],"picked":"SKIP","floor":14}],"player_experience":1541622,"relics_obtained":[{"floor":7,"key":"Toxic Egg 2"},{"floor":10,"key":"Pear"}],"event_choices":[{"damage_healed":0,"gold_gain":75,"player_choice":"Gather Gold","damage_taken":11,"max_hp_gain":0,"max_hp_loss":0,"event_name":"World of Goop","floor":2,"gold_loss":0},{"damage_healed":0,"gold_gain":150,"player_choice":"AGREE","damage_taken":0,"max_hp_gain":0,"max_hp_loss":0,"event_name":"Liars Game","floor":3,"gold_loss":0,"cards_obtained":["Doubt"]}],"is_beta":false,"boss_relics":[],"items_purged_floors":[4],"is_endless":false,"potions_floor_spawned":[7,10,12],"killed_by":"The Guardian","ascension_level":20}}