{"host":"gh97pv908ci4ql26","time":1614230321,"event":{"mods":["AchievementEnabler","BaseMod","Better Altar","Better Match","Better Note","Better Sensory Stone","Better Skull","Better Third Choice","Block Reminder","Colored Powertips","Curses Come First","Displayed Cursed Tome","Emptier Cage","Minty Spire (QoL Compilation)","Permanent Neow","Rare Cards Sparkle","Replay The Spire","Smile Girya","StSLib","Together in Spire"],"gold_per_floor":[13,13,30,30,40,69,81,81,107,139,157,157,4,19,19,118,118,99,114,129,31,31,63,76,76,102,102,114,389,83,115,115,210,210,227,246,99,149,166,166,184,214,214,126,156,156,156,173,173,173,173,173,18,52,52],"floor_reached":56,"language":"ENG","playtime":4325,"items_purged":["Regret","Strike_P","Parasite","Doubt"],"score":1232,"play_id":"82b1289f-bda8-4f2a-8644-2088c4531732","local_time":"20210224211841","is_ascension_mode":false,"campfire_choices":[{"floor":8.0,"key":"DIG"},{"floor":15.0,"key":"DIG"},{"floor":25,"key":"DIG"},{"floor":27,"key":"DIG"},{"floor":32,"key":"DIG"},{"floor":40,"key":"DIG"},{"floor":47,"key":"DIG"},{"floor":49,"key":"DIG"},{"floor":52,"key":"DIG"}],"circlet_count":0,"master_deck":["Strike_P","Strike_P+1","Defend_P","Defend_P","Defend_P","Defend_P+1","Eruption","Vigilance","PathToVictory+1","PathToVictory","Prostrate","ReachHeaven+1","EmptyFist","LessonLearned","Consecrate","PathToVictory","ConjureBlade+1","PathToVictory+1","Collect","Replay:ManipulateFuture","Madness","Prostrate","PathToVictory+1","Wireheading","Finesse","Pot Of Greed","Pot Of Greed","Pot Of Greed","PathToVictory+1","MasterReality","ClearTheMind","PathToVictory+1","TalkToTheHand+1","Swivel+1","ClearTheMind+1","Prostrate+1","PathToVictory+1","Pot Of Greed","FlurryOfBlows+1","ReplayTheSpireMod:IOU","ReplayTheSpireMod:IOU","Finesse","Replay:Cycle","Indignation+1"],"relics":["PureWater","Shovel","ReplayTheSpireMod:Ring of Exchange","Mummified Hand","Toy Ornithopter","ReplayTheSpireMod:TigerMarble","Frozen Eye","Shuriken","Replay:Grab Bag","Coffee Dripper","Painkiller Herb","SacredBark","Dream Catcher","Orichalcum","Gremlin Food","Blood Vial","Bag of Preparation","Grinning Jar","White Beast Statue","Membership Card","MealTicket","Peace Pipe","Replay:WaspNest","Lantern","ReplayTheSpireMod:Ninjato","Bronze Scales","ReplayTheSpireMod:Ring of Challenge","Ring of Panic","Du-Vu Doll","Whetstone","Garlic","Replay:Wax Seal","Nunchaku","Sling","Oddly Smooth Stone"],"acts_visited":["TheBeyond","TheEnding"],"potions_floor_usage":[33,36,38,41,42,42,45,48,50,50,55,55,55],"damage_taken":[{"damage":20.0,"enemies":"Small Slimes","floor":1.0,"turns":2.0},{"damage":0.0,"enemies":"Jaw Worm","floor":3.0,"turns":2.0},{"damage":0.0,"enemies":"Cultist","floor":5.0,"turns":2.0},{"damage":18.0,"enemies":"Gremlin Nob","floor":6.0,"turns":3.0},{"damage":0.0,"enemies":"Large Slime","floor":7.0,"turns":3.0},{"damage":22.0,"enemies":"3 Sentries","floor":10.0,"turns":5.0},{"damage":5.0,"enemies":"Lots of Slimes","floor":11.0,"turns":2.0},{"damage":0.0,"enemies":"Gremlin Gang","floor":14.0,"turns":2.0},{"damage":0.0,"enemies":"Hexaghost","floor":16.0,"turns":4.0},{"damage":12.0,"enemies":"2 Thieves","floor":18.0,"turns":3.0},{"damage":10.0,"enemies":"3 Byrds","floor":19.0,"turns":3.0},{"damage":1.0,"enemies":"3 Cultists","floor":20.0,"turns":3.0},{"damage":19.0,"enemies":"Gremlin Leader","floor":23.0,"turns":4.0},{"damage":10,"enemies":"Shelled Parasite and Fungi","floor":24,"turns":3},{"damage":0,"enemies":"Snecko","floor":28,"turns":3},{"damage":14,"enemies":"Slavers","floor":31,"turns":4},{"damage":0,"enemies":"Pondfish","floor":33,"turns":4},{"damage":5,"enemies":"Orb Walker","floor":35,"turns":3},{"damage":0,"enemies":"3 Shapes","floor":36,"turns":2},{"damage":6,"enemies":"Mind Bloom Boss Battle","floor":38,"turns":5},{"damage":0,"enemies":"Writhing Mass","floor":39,"turns":3},{"damage":0,"enemies":"Jaw Worm Horde","floor":41,"turns":2},{"damage":7,"enemies":"Giant Head","floor":42,"turns":5},{"damage":31,"enemies":"Nemesis","floor":45,"turns":4},{"damage":1,"enemies":"4 Shapes","floor":48,"turns":3},{"damage":61,"enemies":"Time Eater","floor":50,"turns":5},{"damage":72,"enemies":"Shield and Spear","floor":54,"turns":4},{"damage":78,"enemies":"The Heart","floor":55,"turns":5}],"seed_played":"6022244667848379038","potions_obtained":[{"floor":3.0,"key":"Dexterity Potion"},{"floor":6.0,"key":"FearPotion"},{"floor":7.0,"key":"Swift Potion"},{"floor":12.0,"key":"Ambrosia"},{"floor":12.0,"key":"StancePotion"},{"floor":12.0,"key":"EssenceOfSteel"},{"floor":16.0,"key":"Explosive Potion"},{"floor":23.0,"key":"BlessingOfTheForge"},{"floor":33,"key":"Fruit Juice"},{"floor":36,"key":"Explosive Potion"},{"floor":38,"key":"Fire Potion"},{"floor":41,"key":"PowerPotion"},{"floor":42,"key":"EssenceOfSteel"},{"floor":45,"key":"ColorlessPotion"},{"floor":48,"key":"Reflective Coating"},{"floor":54,"key":"Regen Potion"}],"is_trial":false,"path_per_floor":["M","?","M","?","M","E","M","R","T","E","M","?","$","M","R","B",null,"?","?","?","T","T","E","?","T","T","T","?","?","T","E","T","B",null,"?","?","T","?","?","T","?","E","T","T","E","?","T","?","T","B",null,"T","T","E","B",null],"character_chosen":"WATCHER","items_purchased":["Frozen Eye","Madness","Bag of Preparation","Finesse","MealTicket","BottledMiracle","BottledMiracle","Replay:Wax Seal","Nunchaku","Sling","Finesse","StancePotion","Elixir","Replay:Cycle"],"campfire_rested":0,"item_purchase_floors":[13,21,30,30,37,37,44,53,53,53,53,53,53,53],"current_hp_per_floor":[52,52,52,52,52,34,34,34,34,12,7,7,7,7,7,7,72,60,50,49,49,49,35,25,25,25,25,27,27,27,15,15,22,72,67,82,82,76,78,78,82,80,80,79,48,48,48,54,54,5,79,79,79,7,59],"gold":52,"neow_bonus":"ONE_RARE_RELIC","is_daily":false,"chose_seed":false,"campfire_upgraded":0,"win_rate":0.0,"timestamp":1614230321,"path_taken":["M","?","M","?","?","E","M","R","T","E","M","?","$","M","R","BOSS","?","?","?","?","T","E","?","T","T","T","?","?","T","E","T","BOSS","?","?","T","?","?","T","?","E","T","T","E","?","T","?","T","BOSS","T","T","E","BOSS"],"items_purchased_type":["Relic","Card","Relic","Card","Relic","Potion","Potion","Relic","Relic","Relic","Card","Potion","Potion","Card"],"build_version":"2020-12-22","purchased_purges":4,"victory":true,"max_hp_per_floor":[72,72,72,72,72,72,72,72,72,72,72,72,72,72,72,72,72,72,72,72,72,72,72,72,72,72,72,72,72,72,72,72,72,72,72,82,82,82,82,82,82,82,82,79,79,79,79,79,79,79,79,79,79,79,79],"card_choices":[{"not_picked":["Conclude","Prostrate"],"picked":"PathToVictory","floor":1.0},{"not_picked":["MentalFortress","Replay:Anticipation"],"picked":"PathToVictory","floor":3.0},{"not_picked":["SashWhip","EmptyBody"],"picked":"Prostrate","floor":5.0},{"not_picked":["Halt","Worship"],"picked":"ReachHeaven","floor":6.0},{"not_picked":["Replay:BluntJabs","BowlingBash"],"picked":"EmptyFist","floor":7.0},{"not_picked":["InnerPeace","CarveReality"],"picked":"LessonLearned","floor":10.0},{"not_picked":["Fasting2","EmptyFist"],"picked":"Consecrate","floor":11.0},{"not_picked":["ClearTheMind","JustLucky"],"picked":"PathToVictory","floor":14.0},{"not_picked":["Judgement","Devotion"],"picked":"ConjureBlade","floor":16.0},{"not_picked":["CarveReality","Pray"],"picked":"PathToVictory+1","floor":18.0},{"not_picked":["Wireheading","SignatureMove+1"],"picked":"Collect","floor":19.0},{"not_picked":["EmptyFist","SignatureMove"],"picked":"Replay:ManipulateFuture","floor":20.0},{"not_picked":["CutThroughFate","Consecrate+1"],"picked":"Prostrate","floor":23.0},{"not_picked":["Scrawl","Prostrate"],"picked":"PathToVictory+1","floor":24},{"not_picked":["Fasting2","EmptyBody+1"],"picked":"Wireheading","floor":28},{"not_picked":["SashWhip","EmptyBody"],"picked":"PathToVictory+1","floor":31},{"not_picked":["Scrawl","Judgement"],"picked":"MasterReality","floor":33},{"not_picked":["FollowUp+1","Evaluate"],"picked":"ClearTheMind","floor":35},{"not_picked":["Replay:ManipulateFuture","FlurryOfBlows"],"picked":"PathToVictory+1","floor":36},{"not_picked":["Vengeance","PathToVictory"],"picked":"TalkToTheHand","floor":38},{"not_picked":["Adaptation+1","Establishment"],"picked":"Swivel+1","floor":39},{"not_picked":["WindmillStrike","LikeWater+1"],"picked":"ClearTheMind+1","floor":41},{"not_picked":["CutThroughFate","Consecrate+1"],"picked":"Prostrate+1","floor":42},{"not_picked":["ReachHeaven+1","Alpha"],"picked":"PathToVictory+1","floor":45},{"not_picked":["Replay:Battleflow","CutThroughFate+1"],"picked":"FlurryOfBlows","floor":48},{"not_picked":["CrushJoints","Replay:Hum"],"picked":"Indignation+1","floor":54}],"player_experience":156271,"relics_obtained":[{"floor":2.0,"key":"ReplayTheSpireMod:Ring of Exchange"},{"floor":2.0,"key":"Ring of Searing"},{"floor":6.0,"key":"Mummified Hand"},{"floor":8.0,"key":"Toy Ornithopter"},{"floor":10.0,"key":"ReplayTheSpireMod:TigerMarble"},{"floor":15.0,"key":"Shuriken"},{"floor":23.0,"key":"Dream Catcher"},{"floor":25,"key":"Orichalcum"},{"floor":26,"key":"Gremlin Food"},{"floor":27,"key":"Blood Vial"},{"floor":31,"key":"Grinning Jar"},{"floor":32,"key":"White Beast Statue"},{"floor":38,"key":"Peace Pipe"},{"floor":40,"key":"Replay:WaspNest"},{"floor":42,"key":"Lantern"},{"floor":43,"key":"ReplayTheSpireMod:Ninjato"},{"floor":45,"key":"Bronze Scales"},{"floor":46,"key":"ReplayTheSpireMod:Ring of Challenge"},{"floor":46,"key":"Ring of Panic"},{"floor":47,"key":"Du-Vu Doll"},{"floor":49,"key":"Whetstone"},{"floor":52,"key":"Garlic"},{"floor":54,"key":"Oddly Smooth Stone"}],"event_choices":[{"cards_removed":["Strike_P"],"damage_healed":0.0,"max_hp_gain":0.0,"max_hp_loss":0.0,"gold_gain":0.0,"event_name":"Purifier","player_choice":"Purged","floor":4.0,"gold_loss":0.0,"damage_taken":0.0},{"damage_healed":0.0,"max_hp_gain":0.0,"max_hp_loss":0.0,"gold_gain":0.0,"event_name":"Lab","player_choice":"Got Potions","floor":12.0,"gold_loss":0.0,"damage_taken":0.0},{"damage_healed":0,"gold_gain":275,"player_choice":"Desecrate","damage_taken":0,"max_hp_gain":0,"max_hp_loss":0,"event_name":"Golden Shrine","floor":29,"gold_loss":0,"cards_obtained":["Regret"]},{"damage_healed":0,"gold_gain":0,"player_choice":"Fight","damage_taken":0,"max_hp_gain":0,"max_hp_loss":0,"event_name":"MindBloom","floor":38,"gold_loss":0}],"is_beta":false,"boss_relics":[{"not_picked":["Snecko Eye","HolyWater"],"picked":"Replay:Grab Bag"},{"not_picked":["Velvet Choker","Busted Crown"],"picked":"Coffee Dripper"},{"not_picked":["ReplayTheSpireMod:DimensionalGlitch","Sozu"],"picked":"Painkiller Herb"},{"not_picked":["Astrolabe","SlaversCollar"],"picked":"SacredBark"},{"not_picked":["DollysMirror","Orrery"],"picked":"Membership Card"}],"items_purged_floors":[30,37,44,53],"is_endless":false,"potions_floor_spawned":[3,6,7,16,20,23,28,31,33,35,36,38,39,41,42,45,48,54],"ascension_level":0}}