{"host":"92108ef2q9tm8rod","time":1614211613,"event":{"mods":["BaseMod","Defuse TimeMaze Blight","Minty Spire (QoL Compilation)","StSLib","The Jungle"],"gold_per_floor":[112,125,135,210,135,135,167,167,217,242,242,274,291,321,321,416,416,433,433,451,351,226,226,226,226,226,256,282,282,308,318,318,414,414,429,279,296,351,362,397,397,428,428,428,276,290,8,8,8,8],"floor_reached":51,"language":"ENG","playtime":1510,"items_purged":["Dodge and Roll","Evaluate","Consecrate","Evaluate+1"],"score":1187,"play_id":"f71c6865-2c00-4f08-8e57-0f8232a70af4","local_time":"20210225000653","daily_mods":["SealedDeck","Purple Cards","Heirloom","Flight"],"is_ascension_mode":false,"campfire_choices":[{"data":"Accuracy","floor":6,"key":"SMITH"},{"data":"Blade Dance","floor":8,"key":"SMITH"},{"data":"Blade Dance","floor":11,"key":"SMITH"},{"data":"Prostrate","floor":15,"key":"SMITH"},{"data":"Infinite Blades","floor":23,"key":"SMITH"},{"data":"Evaluate","floor":24,"key":"SMITH"},{"data":"Evaluate","floor":29,"key":"SMITH"},{"data":"Backflip","floor":32,"key":"SMITH"},{"floor":41,"key":"REST"},{"floor":44,"key":"REST"},{"floor":49,"key":"REST"}],"circlet_count":0,"master_deck":["Backflip+1","Evaluate+1","Infinite Blades+1","Blade Dance+1","Blade Dance+1","Accuracy+1","Cloak And Dagger+1"],"relics":["Ring of the Snake","Bird Faced Urn","Potion Belt","Ancient Tea Set","Mummified Hand","Nunchaku","Bag of Marbles","Busted Crown","Tingsha","Lantern","Matryoshka","Pantograph","SacredBark","TungstenRod","Omamori","Ornamental Fan","Anchor","Happy Flower","Membership Card","Strawberry","Bottled Tornado","TwistedFunnel"],"acts_visited":["Exordium","Exordium","TheBeyond"],"potions_floor_usage":[10,16,20,40,50,50,50,50],"damage_taken":[{"damage":0,"enemies":"2 Louse","floor":1,"turns":2},{"damage":0,"enemies":"Small Slimes","floor":2,"turns":3},{"damage":0,"enemies":"Cultist","floor":3,"turns":2},{"damage":0,"enemies":"Lagavulin","floor":7,"turns":4},{"damage":0,"enemies":"Gremlin Nob","floor":10,"turns":2},{"damage":0,"enemies":"3 Sentries","floor":12,"turns":3},{"damage":0,"enemies":"Looter","floor":13,"turns":2},{"damage":0,"enemies":"Lagavulin","floor":14,"turns":2},{"damage":5,"enemies":"Hexaghost","floor":16,"turns":3},{"damage":0,"enemies":"theJungle:GiantWrat","floor":18,"turns":1},{"damage":0,"enemies":"theJungle:5_Spyders","floor":20,"turns":1},{"damage":0,"enemies":"theJungle:2_Phrogs","floor":27,"turns":2},{"damage":0,"enemies":"theJungle:Cassacara","floor":28,"turns":2},{"damage":0,"enemies":"theJungle:MamaSnecko","floor":30,"turns":2},{"damage":0,"enemies":"theJungle:Lyon","floor":31,"turns":1},{"damage":0,"enemies":"theJungle:TotemBoss","floor":33,"turns":2},{"damage":0,"enemies":"3 Shapes","floor":35,"turns":1},{"damage":0,"enemies":"Orb Walker","floor":37,"turns":1},{"damage":0,"enemies":"2 Orb Walkers","floor":38,"turns":2},{"damage":0,"enemies":"4 Shapes","floor":39,"turns":1},{"damage":0,"enemies":"Nemesis","floor":40,"turns":2},{"damage":0,"enemies":"Reptomancer","floor":42,"turns":2},{"damage":0,"enemies":"Jaw Worm Horde","floor":46,"turns":2},{"damage":0,"enemies":"Awakened One","floor":50,"turns":3}],"seed_played":"4192303101480468641","potions_obtained":[{"floor":1,"key":"SpeedPotion"},{"floor":7,"key":"CunningPotion"},{"floor":10,"key":"Explosive Potion"},{"floor":14,"key":"AttackPotion"},{"floor":20,"key":"Energy Potion"},{"floor":30,"key":"SpeedPotion"},{"floor":33,"key":"DuplicationPotion"},{"floor":35,"key":"SkillPotion"},{"floor":40,"key":"Ancient Potion"}],"is_trial":true,"path_per_floor":["M","M","M","?","$","R","E","R","T","E","R","E","M","E","R","B",null,"M","?","M","$","$","R","R","?","T","E","E","R","E","M","R","B",null,"M","$","M","?","M","E","R","E","T","R","$","M","$","?","R","B",null],"character_chosen":"THE_SILENT","items_purchased":["Membership Card","Strawberry","Bottled Tornado","TwistedFunnel"],"campfire_rested":3,"item_purchase_floors":[45,47,47,47],"current_hp_per_floor":[70,70,70,59,59,59,63,63,63,67,67,70,70,70,70,65,70,70,70,70,70,70,70,70,70,70,70,70,70,70,70,70,70,70,70,70,70,70,70,70,70,70,70,70,70,70,77,77,77,77],"gold":8,"neow_bonus":"","is_daily":false,"chose_seed":false,"campfire_upgraded":8,"win_rate":0.0,"timestamp":1614211613,"path_taken":["M","M","M","?","$","R","E","R","T","E","R","E","M","E","R","BOSS","M","?","M","$","$","R","R","?","T","E","E","R","E","M","R","BOSS","M","?","M","?","M","E","R","E","T","R","$","M","$","?","R","BOSS"],"items_purchased_type":["Relic","Relic","Relic","Relic"],"build_version":"2020-12-22","purchased_purges":4,"victory":true,"max_hp_per_floor":[70,70,70,70,70,70,70,70,70,70,70,70,70,70,70,70,70,70,70,70,70,70,70,70,70,70,70,70,70,70,70,70,70,70,70,70,70,70,70,70,70,70,70,70,70,70,77,77,77,77],"card_choices":[{"not_picked":["Swivel","Distraction"],"picked":"Accuracy","floor":1},{"not_picked":["ThirdEye","Bouncing Flask","Vengeance"],"picked":"SKIP","floor":2},{"not_picked":["JustLucky","Prepared","Infinite Blades"],"picked":"SKIP","floor":3},{"not_picked":["Slice","Tools of the Trade","Deadly Poison"],"picked":"SKIP","floor":7},{"not_picked":["Backflip","Flying Knee","Vengeance"],"picked":"SKIP","floor":10},{"not_picked":["Prepared","Deadly Poison","Slice"],"picked":"SKIP","floor":12},{"not_picked":["ClearTheMind","Acrobatics","Deflect"],"picked":"SKIP","floor":13},{"not_picked":["Indignation","All Out Attack","Vengeance"],"picked":"SKIP","floor":14},{"not_picked":["FlurryOfBlows"],"picked":"SKIP","floor":18},{"not_picked":["Prostrate+1"],"picked":"SKIP","floor":20},{"not_picked":["Backstab"],"picked":"SKIP","floor":27},{"not_picked":["Consecrate"],"picked":"SKIP","floor":28},{"not_picked":["Endless Agony+1"],"picked":"SKIP","floor":30},{"not_picked":["CutThroughFate"],"picked":"SKIP","floor":31},{"not_picked":["ThirdEye"],"picked":"SKIP","floor":35},{"not_picked":[],"picked":"Cloak And Dagger+1","floor":37},{"not_picked":["Outmaneuver+1"],"picked":"SKIP","floor":39},{"not_picked":["JustLucky"],"picked":"SKIP","floor":40},{"not_picked":["Tantrum+1"],"picked":"SKIP","floor":42},{"not_picked":["Acrobatics"],"picked":"SKIP","floor":46}],"player_experience":3458518,"relics_obtained":[{"floor":7,"key":"Potion Belt"},{"floor":9,"key":"Ancient Tea Set"},{"floor":10,"key":"Mummified Hand"},{"floor":12,"key":"Nunchaku"},{"floor":14,"key":"Bag of Marbles"},{"floor":26,"key":"Tingsha"},{"floor":27,"key":"Lantern"},{"floor":28,"key":"Matryoshka"},{"floor":30,"key":"Pantograph"},{"floor":38,"key":"TungstenRod"},{"floor":40,"key":"Omamori"},{"floor":42,"key":"Ornamental Fan"},{"floor":43,"key":"Anchor"},{"floor":43,"key":"Happy Flower"}],"event_choices":[{"damage_healed":0,"gold_gain":75,"player_choice":"Gather Gold","damage_taken":11,"max_hp_gain":0,"max_hp_loss":0,"event_name":"World of Goop","floor":4,"gold_loss":0},{"damage_healed":0,"gold_gain":0,"player_choice":"Bought 0 Potions","damage_taken":0,"max_hp_gain":0,"max_hp_loss":0,"event_name":"The Woman in Blue","floor":25,"gold_loss":0},{"damage_healed":0,"gold_gain":0,"player_choice":"Fight","damage_taken":0,"max_hp_gain":0,"max_hp_loss":0,"event_name":"Mysterious Sphere","floor":38,"gold_loss":0},{"cards_removed":["Prostrate"],"damage_healed":0,"gold_gain":0,"player_choice":"Removed Skill","damage_taken":0,"max_hp_gain":0,"max_hp_loss":0,"event_name":"Falling","floor":48,"gold_loss":0}],"is_beta":false,"boss_relics":[{"not_picked":["Ring of the Serpent","Snecko Eye"],"picked":"Busted Crown"},{"not_picked":["Black Star","Tiny House"],"picked":"SacredBark"}],"items_purged_floors":[5,21,22,36],"is_endless":false,"potions_floor_spawned":[1,7,10,14,20,30,33,35,37,39,40],"ascension_level":0}}