{"host":"50qwps766cbz6ukm","time":1614287482,"event":{"mods":["BaseMod","Colored Map","Colored Powertips","DeckTracker","Highlight Path","Minty Spire (QoL Compilation)","Quick Restart","Remove Card Discount Mod","StSLib","SuperFastMode","Synergy Search"],"gold_per_floor":[117,117,135,210,100,100,127,127,179,179,179,196,196,117,117,219,219,233,158,158,172,172,197,197,229,297,329,339,339,339,368,368,472,472,483,494,181,181,195,221,221,246,246,275,275,293,149,149,149,149],"floor_reached":51,"language":"ENG","playtime":1173,"items_purged":["Strike_P","Strike_P","Strike_P","Strike_P","Defend_P","Defend_P","Defend_P","Defend_P","Parasite","Regret","PathToVictory"],"score":1074,"play_id":"a03df763-3656-46a5-840d-a02042da12b7","local_time":"20210225231122","is_ascension_mode":true,"campfire_choices":[{"data":"Eruption","floor":6,"key":"SMITH"},{"data":"Vigilance","floor":8,"key":"SMITH"},{"data":"LikeWater","floor":13,"key":"SMITH"},{"floor":15,"key":"REST"},{"floor":24,"key":"REST"},{"floor":29,"key":"REST"},{"floor":32,"key":"REST"},{"data":"SandsOfTime","floor":41,"key":"SMITH"},{"data":"Consecrate","floor":49,"key":"SMITH"}],"circlet_count":0,"master_deck":["Eruption+1","Vigilance+1","Dramatic Entrance","Consecrate+1","LikeWater+1","SandsOfTime+1","Alpha","PathToVictory+1","MentalFortress+1","MasterReality+1"],"relics":["VioletLotus","TeardropLocket","Bag of Preparation","Smiling Mask","Black Star","CultistMask","Ornamental Fan","Centennial Puzzle","Incense Burner","Vajra","Toxic Egg 2","TungstenRod","Juzu Bracelet","HornCleat","GoldenEye","Torii","Kunai","Lantern","Pantograph","Molten Egg 2","Art of War","Frozen Egg 2","Damaru"],"acts_visited":["Exordium","TheCity","TheBeyond"],"potions_floor_usage":[16,39,48,50],"damage_taken":[{"damage":13,"enemies":"2 Louse","floor":1,"turns":3},{"damage":0,"enemies":"Small Slimes","floor":3,"turns":3},{"damage":16,"enemies":"Gremlin Nob","floor":7,"turns":4},{"damage":3,"enemies":"Jaw Worm","floor":12,"turns":2},{"damage":17,"enemies":"Hexaghost","floor":16,"turns":7},{"damage":8,"enemies":"3 Byrds","floor":18,"turns":3},{"damage":0,"enemies":"Spheric Guardian","floor":21,"turns":5},{"damage":41,"enemies":"Slavers","floor":23,"turns":4},{"damage":14,"enemies":"Book of Stabbing","floor":25,"turns":4},{"damage":20,"enemies":"Slavers","floor":27,"turns":4},{"damage":0,"enemies":"Snecko","floor":28,"turns":3},{"damage":0,"enemies":"Book of Stabbing","floor":31,"turns":5},{"damage":0,"enemies":"Automaton","floor":33,"turns":6},{"damage":1,"enemies":"3 Shapes","floor":35,"turns":2},{"damage":0,"enemies":"Orb Walker","floor":36,"turns":3},{"damage":0,"enemies":"Maw","floor":39,"turns":4},{"damage":0,"enemies":"Giant Head","floor":40,"turns":6},{"damage":8,"enemies":"Reptomancer","floor":42,"turns":4},{"damage":0,"enemies":"Giant Head","floor":44,"turns":6},{"damage":5,"enemies":"4 Shapes","floor":46,"turns":4},{"damage":17,"enemies":"Donu and Deca","floor":50,"turns":6}],"seed_played":"-5140172691047368473","potions_obtained":[{"floor":3,"key":"FearPotion"},{"floor":7,"key":"SpeedPotion"},{"floor":18,"key":"Ancient Potion"},{"floor":23,"key":"Energy Potion"},{"floor":27,"key":"AttackPotion"},{"floor":35,"key":"DistilledChaos"},{"floor":42,"key":"SkillPotion"},{"floor":48,"key":"Fruit Juice"},{"floor":48,"key":"Strength Potion"}],"is_trial":false,"path_per_floor":["M","?","M","?","$","R","E","R","T","?","?","M","R","$","R","B",null,"M","$","?","M","?","E","R","E","T","E","M","R","?","E","R","B",null,"M","M","$","?","M","E","R","E","T","E","$","M","$","?","R","B",null],"character_chosen":"WATCHER","items_purchased":["Dramatic Entrance","SandsOfTime","MentalFortress","Torii","Damaru"],"campfire_rested":4,"item_purchase_floors":[5,14,19,37,47],"current_hp_per_floor":[59,59,59,48,48,48,32,32,32,32,50,47,47,47,67,50,69,61,61,61,61,61,20,40,26,26,6,6,26,26,26,46,46,69,68,68,68,68,68,68,68,60,60,60,60,55,55,60,60,57],"gold":149,"neow_bonus":"BOSS_RELIC","is_daily":false,"chose_seed":false,"campfire_upgraded":5,"win_rate":0.0,"timestamp":1614287482,"path_taken":["M","?","M","?","$","R","E","R","T","?","?","?","R","$","R","BOSS","M","$","?","M","?","E","R","E","T","E","M","R","?","E","R","BOSS","M","M","$","?","M","E","R","E","T","E","?","M","$","?","R","BOSS"],"items_purchased_type":["Card","Card","Card","Relic","Relic"],"build_version":"2020-12-22","purchased_purges":11,"victory":true,"max_hp_per_floor":[72,72,72,72,72,72,72,72,72,72,72,72,72,69,69,69,69,69,69,69,69,69,69,69,69,69,69,69,69,69,69,69,69,69,69,69,69,69,69,69,69,69,69,69,69,69,69,74,74,74],"card_choices":[{"not_picked":["CutThroughFate","Fasting2","Indignation"],"picked":"SKIP","floor":1},{"not_picked":["Evaluate","Crescendo"],"picked":"PathToVictory","floor":3},{"not_picked":["Study","Weave"],"picked":"Consecrate","floor":7},{"not_picked":["Weave","FlurryOfBlows"],"picked":"LikeWater","floor":12},{"not_picked":["Scrawl","MasterReality"],"picked":"Alpha","floor":16},{"not_picked":["Consecrate","CutThroughFate"],"picked":"PathToVictory+1","floor":18},{"not_picked":["CutThroughFate","Crescendo","ClearTheMind"],"picked":"SKIP","floor":21},{"not_picked":["Halt","BowlingBash","EmptyMind+1"],"picked":"SKIP","floor":23},{"not_picked":["Pray+1","SpiritShield","ThirdEye+1"],"picked":"SKIP","floor":25},{"not_picked":["EmptyFist","BowlingBash","EmptyBody+1"],"picked":"SKIP","floor":27},{"not_picked":["EmptyFist+1","FollowUp+1","Weave"],"picked":"SKIP","floor":28},{"not_picked":["ThirdEye+1","Sanctity+1","Prostrate+1"],"picked":"SKIP","floor":31},{"not_picked":["Perseverance+1","FollowUp","ThirdEye+1"],"picked":"SKIP","floor":35},{"not_picked":["Weave+1","FlyingSleeves","Perseverance+1"],"picked":"SKIP","floor":36},{"not_picked":["CrushJoints+1","FlyingSleeves","SashWhip"],"picked":"SKIP","floor":39},{"not_picked":["ClearTheMind+1","Blasphemy+1","WindmillStrike+1"],"picked":"SKIP","floor":40},{"not_picked":["SashWhip+1","Consecrate+1","WreathOfFlame+1"],"picked":"SKIP","floor":42},{"not_picked":["Pray+1","Worship+1","CutThroughFate+1"],"picked":"SKIP","floor":44},{"not_picked":["Prostrate+1","ClearTheMind+1"],"picked":"MasterReality+1","floor":46}],"player_experience":455545,"relics_obtained":[{"floor":7,"key":"TeardropLocket"},{"floor":9,"key":"Bag of Preparation"},{"floor":23,"key":"Ornamental Fan"},{"floor":23,"key":"Centennial Puzzle"},{"floor":25,"key":"Incense Burner"},{"floor":25,"key":"Vajra"},{"floor":26,"key":"Toxic Egg 2"},{"floor":27,"key":"TungstenRod"},{"floor":27,"key":"Juzu Bracelet"},{"floor":31,"key":"HornCleat"},{"floor":31,"key":"GoldenEye"},{"floor":40,"key":"Kunai"},{"floor":40,"key":"Lantern"},{"floor":42,"key":"Pantograph"},{"floor":42,"key":"Molten Egg 2"},{"floor":44,"key":"Art of War"},{"floor":44,"key":"Frozen Egg 2"}],"event_choices":[{"damage_healed":0,"gold_gain":0,"player_choice":"Ignored","damage_taken":0,"max_hp_gain":0,"max_hp_loss":0,"event_name":"Golden Wing","floor":2,"gold_loss":0},{"damage_healed":0,"gold_gain":75,"player_choice":"Gather Gold","damage_taken":11,"max_hp_gain":0,"max_hp_loss":0,"event_name":"World of Goop","floor":4,"gold_loss":0},{"damage_healed":0,"gold_gain":0,"player_choice":"Box","damage_taken":0,"relics_obtained":["Smiling Mask"],"max_hp_gain":0,"max_hp_loss":0,"event_name":"Big Fish","floor":10,"gold_loss":0,"cards_obtained":["Regret"]},{"damage_healed":18,"gold_gain":0,"player_choice":"Healed and dodged fight","damage_taken":0,"max_hp_gain":0,"max_hp_loss":0,"event_name":"Mushrooms","floor":11,"gold_loss":0,"cards_obtained":["Parasite"]},{"damage_healed":0,"gold_gain":0,"player_choice":"Ignored","damage_taken":0,"max_hp_gain":0,"max_hp_loss":0,"event_name":"Vampires","floor":20,"gold_loss":0},{"damage_healed":0,"gold_gain":0,"player_choice":"Trade","damage_taken":0,"relics_obtained":["CultistMask"],"max_hp_gain":0,"max_hp_loss":0,"event_name":"FaceTrader","floor":22,"gold_loss":0},{"damage_healed":0,"gold_gain":0,"player_choice":"Ignored","damage_taken":0,"max_hp_gain":0,"max_hp_loss":0,"event_name":"Cursed Tome","floor":30,"gold_loss":0},{"damage_healed":0,"gold_gain":0,"player_choice":"Forge","damage_taken":0,"max_hp_gain":0,"max_hp_loss":0,"event_name":"Accursed Blacksmith","floor":38,"gold_loss":0,"cards_upgraded":["MentalFortress"]},{"damage_healed":0,"gold_gain":0,"player_choice":"Got Potions","damage_taken":0,"max_hp_gain":0,"max_hp_loss":0,"event_name":"Lab","floor":48,"gold_loss":0}],"is_beta":false,"boss_relics":[{"not_picked":["Fusion Hammer","Calling Bell"],"picked":"Black Star"},{"not_picked":["Astrolabe","Snecko Eye","Coffee Dripper"]}],"items_purged_floors":[5,5,5,5,5,5,5,5,14,14,19],"is_endless":false,"potions_floor_spawned":[3,7,18,23,27,28,35,42,44,46],"ascension_level":1}}