{"host":"mvk4cyf8p31hksyn","time":1614270368,"event":{"mods":["BaseMod","Block Reminder","Colored Map","Highlight Path","Minty Spire (QoL Compilation)","Relic Sorter"],"gold_per_floor":[11,24,24,24,39,68,68,103,103,132,57,73,85,115,115,220,220,232,55,55,82,82,112,112,112,136,136,167,19,48,68,68,172,172,185,203,214,264,277,277,304,304,353,370,370,388,388,415,415,415,415,415,96,130,130],"floor_reached":56,"language":"ENG","playtime":12984,"items_purged":["Perfected Strike","Strike_R","Strike_R"],"score":1343,"play_id":"afee1518-a4fb-456e-82ad-797f89e627c9","local_time":"20210225172608","is_ascension_mode":true,"campfire_choices":[{"data":"Sword Boomerang","floor":7.0,"key":"SMITH"},{"data":"True Grit","floor":15.0,"key":"SMITH"},{"data":"Evolve","floor":24.0,"key":"SMITH"},{"data":"Heavy Blade","floor":27.0,"key":"SMITH"},{"data":"Dark Embrace","floor":32.0,"key":"SMITH"},{"floor":40.0,"key":"RECALL"},{"floor":45,"key":"REST"},{"floor":47,"key":"REST"},{"floor":49,"key":"REST"},{"data":"Fire Breathing","floor":52,"key":"SMITH"}],"circlet_count":0,"master_deck":["Strike_R","Defend_R","Defend_R","Defend_R","Defend_R","Bash","Heavy Blade+1","Sword Boomerang+1","True Grit+1","Fire Breathing+1","Power Through","Inflame","Berserk","Burning Pact","Evolve+1","Dark Embrace+1","Burning Pact","Feel No Pain","Dark Embrace+1","Entrench","Madness","Madness","Sentinel+1","Feel No Pain+1","Flex","Disarm+1"],"relics":["Burning Blood","Du-Vu Doll","Orichalcum","Paper Frog","Strawberry","MealTicket","Juzu Bracelet","Mark of Pain","Red Mask","StrikeDummy","Blue Candle","Medical Kit","InkBottle","Runic Cube","Prayer Wheel","Oddly Smooth Stone","Blood Vial","Bag of Preparation","TheAbacus","Nunchaku"],"acts_visited":["Exordium","TheCity","TheBeyond","TheEnding"],"potions_floor_usage":[44,55,55],"damage_taken":[{"damage":1.0,"enemies":"Cultist","floor":1.0,"turns":3.0},{"damage":5.0,"enemies":"Jaw Worm","floor":2.0,"turns":4.0},{"damage":5.0,"enemies":"Small Slimes","floor":5.0,"turns":4.0},{"damage":27.0,"enemies":"Gremlin Nob","floor":6.0,"turns":4.0},{"damage":19.0,"enemies":"3 Sentries","floor":8.0,"turns":9.0},{"damage":7.0,"enemies":"Lagavulin","floor":10.0,"turns":4.0},{"damage":4.0,"enemies":"Looter","floor":12.0,"turns":2.0},{"damage":8.0,"enemies":"Blue Slaver","floor":13.0,"turns":4.0},{"damage":16.0,"enemies":"Gremlin Nob","floor":14.0,"turns":5.0},{"damage":54.0,"enemies":"Hexaghost","floor":16.0,"turns":11.0},{"damage":19.0,"enemies":"2 Thieves","floor":18.0,"turns":5.0},{"damage":20.0,"enemies":"Masked Bandits","floor":21.0,"turns":5.0},{"damage":76.0,"enemies":"Slavers","floor":23.0,"turns":6.0},{"damage":33.0,"enemies":"Book of Stabbing","floor":28.0,"turns":5.0},{"damage":29.0,"enemies":"Gremlin Leader","floor":30.0,"turns":7.0},{"damage":6.0,"enemies":"Shell Parasite","floor":31.0,"turns":5.0},{"damage":0.0,"enemies":"Automaton","floor":33.0,"turns":10.0},{"damage":22.0,"enemies":"3 Darklings","floor":35.0,"turns":4.0},{"damage":7.0,"enemies":"Orb Walker","floor":36.0,"turns":4.0},{"damage":34.0,"enemies":"3 Darklings","floor":37.0,"turns":5.0},{"damage":21.0,"enemies":"Mind Bloom Boss Battle","floor":38.0,"turns":7.0},{"damage":16.0,"enemies":"4 Shapes","floor":39.0,"turns":4.0},{"damage":57.0,"enemies":"Reptomancer","floor":41.0,"turns":7.0},{"damage":2,"enemies":"Jaw Worm Horde","floor":44,"turns":5},{"damage":26,"enemies":"Spire Growth","floor":46,"turns":5},{"damage":5,"enemies":"Giant Head","floor":48,"turns":6},{"damage":16,"enemies":"Awakened One","floor":50,"turns":13},{"damage":6,"enemies":"Shield and Spear","floor":54,"turns":8},{"damage":67,"enemies":"The Heart","floor":55,"turns":8}],"seed_played":"8972625437130285656","potions_obtained":[{"floor":2.0,"key":"Weak Potion"},{"floor":6.0,"key":"Energy Potion"},{"floor":10.0,"key":"FearPotion"},{"floor":12.0,"key":"LiquidMemories"},{"floor":14.0,"key":"Block Potion"},{"floor":23.0,"key":"FairyPotion"},{"floor":28.0,"key":"EssenceOfSteel"},{"floor":35.0,"key":"Swift Potion"},{"floor":36.0,"key":"DuplicationPotion"},{"floor":41.0,"key":"Strength Potion"},{"floor":46,"key":"GamblersBrew"},{"floor":48,"key":"DuplicationPotion"}],"is_trial":false,"path_per_floor":["M","M","?","?","M","E","R","E","T","E","$","M","M","E","R","B",null,"M","$","?","?","$","E","R","?","T","R","E","$","E","M","R","B",null,"M","M","M","?","M","R","E","?","T","M","R","M","R","E","R","B",null,"R","$","E","B",null],"character_chosen":"IRONCLAD","items_purchased":["Evolve","Medical Kit","TheAbacus","Energy Potion"],"campfire_rested":3,"item_purchase_floors":[19,29,53,53],"current_hp_per_floor":[80,80,80,80,80,59,59,46,53,52,67,69,67,57,57,9,87,74,87,87,73,87,17,17,46,46,46,19,34,11,11,11,17,87,71,70,42,27,17,17,15,4,4,10,36,18,44,47,73,65,87,87,87,87,26],"gold":130,"neow_bonus":"ONE_RARE_RELIC","is_daily":false,"chose_seed":false,"campfire_upgraded":6,"win_rate":0.0,"timestamp":1614270368,"path_taken":["M","M","?","?","M","E","R","E","T","E","$","M","?","E","R","BOSS","M","$","?","?","$","E","R","?","T","R","E","?","E","M","R","BOSS","M","M","M","?","M","R","E","?","T","M","R","M","R","E","R","BOSS","R","$","E","BOSS"],"items_purchased_type":["Card","Relic","Relic","Potion"],"build_version":"2020-12-22","purchased_purges":3,"victory":true,"max_hp_per_floor":[80,80,80,80,80,80,80,80,87,87,87,87,87,87,87,87,87,87,87,87,87,87,87,87,87,87,87,87,87,87,87,87,87,87,87,87,87,87,87,87,87,87,87,87,87,87,87,87,87,87,87,87,87,87,87],"card_choices":[{"not_picked":["Havoc","Warcry"],"picked":"Heavy Blade","floor":1.0},{"not_picked":["Cleave","Fire Breathing"],"picked":"Sword Boomerang","floor":2.0},{"not_picked":["Thunderclap","Dropkick","Reckless Charge"],"picked":"SKIP","floor":5.0},{"not_picked":["Infernal Blade","Reckless Charge","Anger"],"picked":"SKIP","floor":6.0},{"not_picked":["Armaments","Thunderclap"],"picked":"True Grit","floor":8.0},{"not_picked":["Impervious","Rage"],"picked":"Fire Breathing","floor":10.0},{"not_picked":["Blood for Blood","Searing Blow"],"picked":"Power Through","floor":12.0},{"not_picked":["Intimidate","Headbutt","Shrug It Off"],"picked":"SKIP","floor":13.0},{"not_picked":["Dark Embrace","Wild Strike"],"picked":"Inflame","floor":14.0},{"not_picked":["Corruption","Exhume"],"picked":"Berserk","floor":16.0},{"not_picked":["Headbutt","Spot Weakness"],"picked":"Burning Pact","floor":18.0},{"not_picked":["Blood for Blood","Pommel Strike"],"picked":"Dark Embrace","floor":23.0},{"not_picked":["Flex","Clothesline+1"],"picked":"Burning Pact","floor":28.0},{"not_picked":["Intimidate","Shrug It Off","Rampage"],"picked":"SKIP","floor":30.0},{"not_picked":["Cleave","Searing Blow","Thunderclap"],"picked":"SKIP","floor":31.0},{"not_picked":["Warcry","Iron Wave","Cleave"],"picked":"SKIP","floor":35.0},{"not_picked":["Wild Strike+1","Heavy Blade","True Grit"],"picked":"SKIP","floor":36.0},{"not_picked":["Havoc","Flex+1","Uppercut"],"picked":"SKIP","floor":37.0},{"not_picked":["Sword Boomerang+1","Cleave"],"picked":"Feel No Pain","floor":38.0},{"not_picked":["Clothesline+1","Bloodletting+1"],"picked":"Dark Embrace+1","floor":39.0},{"not_picked":["Battle Trance","Bloodletting","Shrug It Off+1"],"picked":"SKIP","floor":39.0},{"not_picked":["Intimidate","Cleave"],"picked":"Entrench","floor":41.0},{"not_picked":["Berserk","True Grit"],"picked":"Sentinel+1","floor":44},{"not_picked":["Shrug It Off+1","Second Wind"],"picked":"Feel No Pain+1","floor":44},{"not_picked":["Havoc+1","Reaper","Thunderclap+1"],"picked":"SKIP","floor":46},{"not_picked":["Hemokinesis+1","Thunderclap","Armaments"],"picked":"SKIP","floor":46},{"not_picked":["Sword Boomerang+1","Pummel+1"],"picked":"Flex","floor":48},{"not_picked":["Iron Wave+1","Headbutt+1"],"picked":"Disarm+1","floor":54}],"player_experience":877468,"relics_obtained":[{"floor":6.0,"key":"Orichalcum"},{"floor":8.0,"key":"Paper Frog"},{"floor":9.0,"key":"Strawberry"},{"floor":10.0,"key":"MealTicket"},{"floor":14.0,"key":"Juzu Bracelet"},{"floor":21.0,"key":"Red Mask"},{"floor":23.0,"key":"StrikeDummy"},{"floor":28.0,"key":"Blue Candle"},{"floor":30.0,"key":"InkBottle"},{"floor":38.0,"key":"Prayer Wheel"},{"floor":41.0,"key":"Oddly Smooth Stone"},{"floor":43.0,"key":"Blood Vial"},{"floor":48,"key":"Bag of Preparation"},{"floor":54,"key":"Nunchaku"}],"event_choices":[{"cards_removed":["Strike_R"],"damage_healed":0.0,"max_hp_gain":0.0,"max_hp_loss":0.0,"gold_gain":0.0,"event_name":"Living Wall","player_choice":"Forget","floor":3.0,"gold_loss":0.0,"damage_taken":0.0},{"damage_healed":0.0,"max_hp_gain":0.0,"max_hp_loss":0.0,"gold_gain":0.0,"cards_transformed":["Strike_R"],"event_name":"Transmorgrifier","player_choice":"Transformed","floor":4.0,"gold_loss":0.0,"damage_taken":0.0,"cards_obtained":["Perfected Strike"]},{"damage_healed":0.0,"max_hp_gain":0.0,"max_hp_loss":0.0,"gold_gain":0.0,"event_name":"Vampires","player_choice":"Ignored","floor":20.0,"gold_loss":0.0,"damage_taken":0.0},{"damage_healed":0.0,"max_hp_gain":0.0,"max_hp_loss":0.0,"gold_gain":0.0,"event_name":"Masked Bandits","player_choice":"Fought Bandits","floor":21.0,"gold_loss":0.0,"damage_taken":0.0},{"damage_healed":29.0,"max_hp_gain":0.0,"max_hp_loss":0.0,"gold_gain":0.0,"event_name":"The Library","player_choice":"Heal","floor":25.0,"gold_loss":0.0,"damage_taken":0.0},{"damage_healed":0.0,"max_hp_gain":0.0,"max_hp_loss":0.0,"gold_gain":0.0,"event_name":"MindBloom","player_choice":"Fight","floor":38.0,"gold_loss":0.0,"damage_taken":0.0},{"damage_healed":0.0,"max_hp_gain":0.0,"max_hp_loss":0.0,"gold_gain":0.0,"event_name":"Winding Halls","player_choice":"Embrace Madness","floor":42.0,"gold_loss":0.0,"damage_taken":11.0,"cards_obtained":["Madness","Madness"]}],"is_beta":false,"boss_relics":[{"not_picked":["SacredBark","Black Blood"],"picked":"Mark of Pain"},{"not_picked":["Fusion Hammer","Snecko Eye"],"picked":"Runic Cube"}],"items_purged_floors":[11,19,53],"is_endless":false,"potions_floor_spawned":[2,6,10,12,14,16,18,23,28,33,35,36,41,46,48],"ascension_level":1}}