{"host":"ELF","time":1614228293,"event":{"mods":["BaseMod","Bestiary","Minty Spire (QoL Compilation)","Relic Stats","Slay the Relics Exporter"],"gold_per_floor":[112,131,144,163,183,183,210,210,235,275,289,289,289,18,18,138,138,151,174,190,206,230,230,230],"floor_reached":23,"language":"ENG","playtime":1911,"items_purged":["Strike_P"],"score":331,"play_id":"291d1ca6-6aa9-4342-9513-362b1829e3d4","local_time":"20210224224453","is_ascension_mode":true,"campfire_choices":[{"data":"Eruption","floor":6,"key":"SMITH"},{"data":"Metamorphosis","floor":15,"key":"SMITH"}],"circlet_count":0,"master_deck":["AscendersBane","Strike_P","Strike_P","Strike_P","Defend_P+1","Defend_P","Defend_P","Eruption+1","Vigilance","Protect+1","SandsOfTime","FlyingSleeves","FollowUp","Metamorphosis+1","Scrawl","EmptyFist","ForeignInfluence"],"relics":["Busted Crown","Vajra","Golden Idol","War Paint","Orichalcum","VioletLotus"],"acts_visited":["Exordium","TheCity"],"potions_floor_usage":[23],"damage_taken":[{"damage":5,"enemies":"Small Slimes","floor":1,"turns":3},{"damage":0,"enemies":"2 Louse","floor":2,"turns":2},{"damage":0,"enemies":"Cultist","floor":3,"turns":3},{"damage":1,"enemies":"Looter","floor":4,"turns":4},{"damage":0,"enemies":"2 Fungi Beasts","floor":5,"turns":4},{"damage":15,"enemies":"3 Sentries","floor":7,"turns":7},{"damage":4,"enemies":"Lagavulin","floor":10,"turns":8},{"damage":2,"enemies":"Gremlin Gang","floor":11,"turns":5},{"damage":7,"enemies":"Hexaghost","floor":16,"turns":8},{"damage":0,"enemies":"Chosen","floor":18,"turns":3},{"damage":1,"enemies":"Shell Parasite","floor":19,"turns":3},{"damage":13,"enemies":"Centurion and Healer","floor":20,"turns":5},{"damage":31,"enemies":"Shelled Parasite and Fungi","floor":21,"turns":5},{"damage":1,"enemies":"Cultist and Chosen","floor":22,"turns":4},{"damage":26,"enemies":"Book of Stabbing","floor":23,"turns":3}],"seed_played":"7031202628792200017","potions_obtained":[{"floor":1,"key":"Ancient Potion"},{"floor":2,"key":"BlessingOfTheForge"},{"floor":5,"key":"Ambrosia"}],"is_trial":false,"path_per_floor":["M","M","M","M","M","R","E","?","T","E","M","?","?","$","R","B",null,"M","M","M","M","M","E"],"character_chosen":"WATCHER","items_purchased":["Metamorphosis"],"campfire_rested":0,"item_purchase_floors":[14],"current_hp_per_floor":[60,60,60,59,59,59,44,44,44,40,38,31,31,31,31,24,56,56,55,42,11,10,0,0],"gold":230,"neow_bonus":"BOSS_RELIC","is_daily":false,"chose_seed":false,"campfire_upgraded":2,"win_rate":0.0,"timestamp":1614228293,"path_taken":["M","M","M","M","M","R","E","?","T","E","M","?","?","$","R","BOSS","M","M","M","M","M","E"],"items_purchased_type":["Card"],"build_version":"2020-12-18","purchased_purges":1,"victory":false,"max_hp_per_floor":[72,72,72,72,72,72,72,67,67,67,67,67,67,67,67,67,67,67,67,67,67,67,67,67],"relic_stats":{"Busted Crown":28,"counters":[15,67],"Golden Idol":54,"VioletLotus":[4],"War Paint":["Defend_P","Protect"],"Orichalcum":[48],"obtain_stats":[{"Busted Crown":0,"Golden Idol":8,"Vajra":7,"VioletLotus":17,"PureWater":0,"War Paint":9,"Orichalcum":10},{"Busted Crown":0,"Golden Idol":6,"Vajra":6,"VioletLotus":9,"PureWater":0,"War Paint":6,"Orichalcum":7},{"Busted Crown":0,"Golden Idol":23,"Vajra":23,"VioletLotus":44,"PureWater":0,"War Paint":23,"Orichalcum":31}]},"card_choices":[{"not_picked":["Perseverance"],"picked":"SKIP","floor":1},{"not_picked":[],"picked":"Protect","floor":2},{"not_picked":[],"picked":"SandsOfTime","floor":3},{"not_picked":["Worship"],"picked":"SKIP","floor":4},{"not_picked":[],"picked":"FlyingSleeves","floor":5},{"not_picked":["Perseverance"],"picked":"SKIP","floor":7},{"not_picked":[],"picked":"FollowUp","floor":10},{"not_picked":["ThirdEye"],"picked":"SKIP","floor":11},{"not_picked":[],"picked":"Scrawl","floor":16},{"not_picked":[],"picked":"EmptyFist","floor":18},{"not_picked":["JustLucky"],"picked":"SKIP","floor":19},{"not_picked":[],"picked":"ForeignInfluence","floor":20},{"not_picked":["Collect"],"picked":"SKIP","floor":21},{"not_picked":["CutThroughFate"],"picked":"SKIP","floor":22}],"player_experience":3554688,"relics_obtained":[{"floor":7,"key":"Vajra"},{"floor":9,"key":"War Paint"},{"floor":10,"key":"Orichalcum"}],"event_choices":[{"damage_healed":0,"gold_gain":0,"player_choice":"Lose Max HP","damage_taken":0,"relics_obtained":["Golden Idol"],"max_hp_gain":0,"max_hp_loss":5,"event_name":"Golden Idol","floor":8,"gold_loss":0},{"cards_removed":["Defend_P"],"damage_healed":0,"gold_gain":0,"player_choice":"Card Removal","damage_taken":7,"max_hp_gain":0,"max_hp_loss":0,"event_name":"Golden Wing","floor":12,"gold_loss":0},{"damage_healed":0,"gold_gain":0,"player_choice":"Ignored","damage_taken":0,"max_hp_gain":0,"max_hp_loss":0,"event_name":"Liars Game","floor":13,"gold_loss":0}],"is_beta":true,"boss_relics":[{"not_picked":["Philosopher\u0027s Stone","Snecko Eye"],"picked":"VioletLotus"}],"items_purged_floors":[14],"is_endless":false,"potions_floor_spawned":[1,2,5,16,19,21,22],"killed_by":"Book of Stabbing","ascension_level":12}}