{"host":"p9fmk1zxjhqthrxg","time":1614216629,"event":{"mods":["BaseMod","Bestiary","Colored Map","Colored Powertips","Highlight Path","Minty Spire (QoL Compilation)","Random Character Button","Rare Cards Sparkle","StSLib"],"gold_per_floor":[119,137,147,163,163,192,212,247,247,247,257,277,296,315,315,420,420,431,431,431,28,28,28,48,48,48,48,48],"floor_reached":27,"language":"ENG","playtime":1869,"items_purged":[],"score":252,"play_id":"b511b0a5-964c-446e-8e54-85787ccddf51","local_time":"20210224193029","is_ascension_mode":false,"campfire_choices":[{"floor":10,"key":"REST"},{"floor":15,"key":"REST"},{"data":"Forethought","floor":23,"key":"SMITH"},{"floor":25,"key":"REST"}],"circlet_count":0,"master_deck":["Defend_G","Defend_G","Defend_G","Defend_G","Defend_G","Survivor","Neutralize","Forethought+1","Predator","Poisoned Stab","Malaise","Leg Sweep","Doppelganger","Backflip","Slice","Prepared","Storm of Steel","Expertise","Flying Knee","After Image","Dagger Spray+1","Bite","Bite","Bite","Bite","Bite","Noxious Fumes","Flying Knee","Backflip","Eviscerate+1"],"relics":["Ring of the Snake","CultistMask","Toy Ornithopter","Unceasing Top","Ornamental Fan","SlaversCollar","MutagenicStrength","Prayer Wheel","Enchiridion","MealTicket"],"acts_visited":["Exordium","TheCity"],"potions_floor_usage":[12,12,14,16,16,27],"damage_taken":[{"damage":0,"enemies":"2 Louse","floor":1,"turns":3},{"damage":0,"enemies":"Cultist","floor":2,"turns":4},{"damage":2,"enemies":"Small Slimes","floor":3,"turns":4},{"damage":7,"enemies":"Blue Slaver","floor":4,"turns":4},{"damage":26,"enemies":"3 Sentries","floor":6,"turns":15},{"damage":9,"enemies":"3 Louse","floor":7,"turns":7},{"damage":11,"enemies":"Lagavulin","floor":8,"turns":9},{"damage":16,"enemies":"Large Slime","floor":11,"turns":7},{"damage":9,"enemies":"Red Slaver","floor":12,"turns":7},{"damage":1,"enemies":"3 Louse","floor":13,"turns":4},{"damage":3,"enemies":"Blue Slaver","floor":14,"turns":4},{"damage":45,"enemies":"The Guardian","floor":16,"turns":12},{"damage":3,"enemies":"Shell Parasite","floor":18,"turns":9},{"damage":15,"enemies":"3 Byrds","floor":24,"turns":5},{"damage":61,"enemies":"Gremlin Leader","floor":27,"turns":6}],"seed_played":"954397788590984034","potions_obtained":[{"floor":4,"key":"Weak Potion"},{"floor":6,"key":"SneckoOil"},{"floor":12,"key":"AttackPotion"},{"floor":13,"key":"SkillPotion"},{"floor":14,"key":"Fire Potion"},{"floor":18,"key":"CultistPotion"}],"is_trial":false,"path_per_floor":["M","M","M","M","?","E","M","E","T","R","M","M","M","M","R","B",null,"M","?","?","$","?","R","M","R","T","E"],"character_chosen":"THE_SILENT","items_purchased":["Prayer Wheel","Noxious Fumes","Flying Knee"],"campfire_rested":3,"item_purchase_floors":[21,21,21],"current_hp_per_floor":[70,70,68,61,61,35,26,15,15,36,20,21,20,22,43,8,70,67,67,49,49,33,33,26,40,40,0,0],"gold":48,"neow_bonus":"RANDOM_COLORLESS","is_daily":false,"chose_seed":false,"campfire_upgraded":1,"win_rate":0.0,"timestamp":1614216629,"path_taken":["M","M","M","M","?","E","M","E","T","R","M","M","?","M","R","BOSS","M","?","?","$","?","R","M","R","T","E"],"items_purchased_type":["Relic","Card","Card"],"build_version":"2020-12-22","purchased_purges":0,"victory":false,"max_hp_per_floor":[70,70,70,70,70,70,70,70,70,70,70,70,70,70,70,70,70,70,70,49,49,49,49,49,49,49,49,49],"card_choices":[{"not_picked":["Trip","Dark Shackles"],"picked":"Forethought","floor":0},{"not_picked":["Expertise","Dash"],"picked":"Predator","floor":1},{"not_picked":["Terror","PiercingWail"],"picked":"Poisoned Stab","floor":2},{"not_picked":["Deflect","Cloak And Dagger"],"picked":"Malaise","floor":3},{"not_picked":["Blade Dance","Well Laid Plans"],"picked":"Leg Sweep","floor":4},{"not_picked":["Tactician","Backflip"],"picked":"Doppelganger","floor":6},{"not_picked":["Flying Knee","Deflect"],"picked":"Backflip","floor":7},{"not_picked":["Cloak And Dagger","Deadly Poison"],"picked":"Slice","floor":8},{"not_picked":["Quick Slash","Reflex"],"picked":"Prepared","floor":11},{"not_picked":["Underhanded Strike","Sucker Punch"],"picked":"Storm of Steel","floor":12},{"not_picked":["Blade Dance","Underhanded Strike"],"picked":"Expertise","floor":13},{"not_picked":["Bane","Dagger Throw"],"picked":"Flying Knee","floor":14},{"not_picked":["Die Die Die","Venomology"],"picked":"After Image","floor":16},{"not_picked":["Terror","Dagger Throw"],"picked":"Dagger Spray+1","floor":18},{"not_picked":["Finisher","Deadly Poison"],"picked":"Backflip","floor":24},{"not_picked":["Quick Slash","Underhanded Strike+1"],"picked":"Eviscerate+1","floor":24}],"player_experience":158385,"relics_obtained":[{"floor":6,"key":"Toy Ornithopter"},{"floor":8,"key":"Unceasing Top"},{"floor":9,"key":"Ornamental Fan"},{"floor":22,"key":"Enchiridion"},{"floor":26,"key":"MealTicket"}],"event_choices":[{"damage_healed":0,"gold_gain":0,"player_choice":"Trade","damage_taken":0,"relics_obtained":["CultistMask"],"max_hp_gain":0,"max_hp_loss":0,"event_name":"FaceTrader","floor":5,"gold_loss":0},{"damage_healed":0,"gold_gain":0,"player_choice":"Inject Mutagens","damage_taken":0,"relics_obtained":["MutagenicStrength"],"max_hp_gain":0,"max_hp_loss":0,"event_name":"Drug Dealer","floor":19,"gold_loss":0},{"damage_healed":0,"gold_gain":0,"player_choice":"Became a vampire","damage_taken":0,"max_hp_gain":0,"max_hp_loss":21,"event_name":"Vampires","floor":20,"gold_loss":0,"cards_obtained":["Bite","Bite","Bite","Bite","Bite"]},{"damage_healed":0,"gold_gain":0,"player_choice":"Obtained Book","damage_taken":16,"max_hp_gain":0,"max_hp_loss":0,"event_name":"Cursed Tome","floor":22,"gold_loss":0}],"is_beta":false,"boss_relics":[{"not_picked":["SacredBark","Black Star"],"picked":"SlaversCollar"}],"items_purged_floors":[],"is_endless":false,"potions_floor_spawned":[4,6,12,13,14,18],"killed_by":"Gremlin Leader","ascension_level":0}}