{"host":"st1kg310ms6sytc5","time":1614239760,"event":{"mods":["Act Like it!","BaseMod","CapriCore","Good Game Mod","Library of Ruina","Library of Ruina Extra","Minty Spire (QoL Compilation)","StSLib","SuperFastMode","Wide Potions","Yakumo Yukari mod"],"gold_per_floor":[111,121,121,138,156,156,183,183,207,242,317,70,103,118,118,214,214,233,233,233,133,148,177,189,221,245,275,322,357,377,405,405,507,507,525,536,536,536,536,564,564,599,675,688,741,760,760,786,786,786,786,786,786,225,250,250],"floor_reached":57,"language":"ZHS","playtime":2137,"items_purged":["LightAttack","LightDefense","FocusedStrikes+1"],"score":2082,"play_id":"8fc41b77-f78e-4c3e-b983-5c360ca5c026","local_time":"20210225155600","is_ascension_mode":true,"campfire_choices":[{"data":"InhaleSmoke","floor":6.0,"key":"SMITH"},{"data":"Dodge","floor":8.0,"key":"SMITH"},{"data":"SmokingPipe","floor":15.0,"key":"SMITH"},{"data":"SenseQuarry","floor":32.0,"key":"SMITH"},{"floor":41,"key":"RECALL"},{"floor":47,"key":"REST"},{"data":"StartinOutLightly","floor":49,"key":"SMITH"},{"floor":53,"key":"REST"}],"circlet_count":0,"master_deck":["Dodge+1","LightDefense+1","LightDefense+1","ChargeAndCover+1","Decapitation+1","Unlock1+1","GuardingStance+1","SerpentSwordTechnique+1","InhaleSmoke+1","FleshFillet+1","SmokingPipe+1","Quickness+1","SerpentSwordTechnique+1","SenseQuarry+1","Faith+1","WaitUp+1","Impatience+1","Purity+1","Apotheosis+1","StartinOutLightly+1","PreparedMind+1"],"relics":["PageOfLibrarian","REME:ComplimentaryCards","Nunchaku","PageOfSpiderBud","Tiny Chest","Omamori","Unceasing Top","Busted Crown","Gambling Chip","Blood Vial","Vajra","MealTicket","Oddly Smooth Stone","Pantograph","Runic Dome","Darkstone Periapt","Mercury Hourglass","PageOfQueenBee","PageOfPorccubus","Pen Nib","ClockworkSouvenir","PageOfLumberjack","Orichalcum"],"acts_visited":["Exordium","TheCity","TheBeyond","TheEnding"],"potions_floor_usage":[56,56],"damage_taken":[{"damage":1.0,"enemies":"Cultist","floor":1.0,"turns":3.0},{"damage":2.0,"enemies":"Jaw Worm","floor":2.0,"turns":3.0},{"damage":4.0,"enemies":"2 Louse","floor":4.0,"turns":3.0},{"damage":0.0,"enemies":"Large Slime","floor":5.0,"turns":5.0},{"damage":12.0,"enemies":"3 Sentries","floor":7.0,"turns":8.0},{"damage":0.0,"enemies":"Lagavulin","floor":10.0,"turns":5.0},{"damage":0.0,"enemies":"Gremlin Nob","floor":13.0,"turns":3.0},{"damage":0.0,"enemies":"3 Louse","floor":14.0,"turns":3.0},{"damage":0.0,"enemies":"The Guardian","floor":16.0,"turns":5.0},{"damage":0.0,"enemies":"Shell Parasite","floor":18.0,"turns":2.0},{"damage":0.0,"enemies":"Chosen","floor":22.0,"turns":2.0},{"damage":0.0,"enemies":"Slavers","floor":23.0,"turns":3.0},{"damage":0.0,"enemies":"Sentry and Sphere","floor":24.0,"turns":1.0},{"damage":0.0,"enemies":"Book of Stabbing","floor":25.0,"turns":2.0},{"damage":0.0,"enemies":"Gremlin Leader","floor":27.0,"turns":2.0},{"damage":2.0,"enemies":"Book of Stabbing","floor":29.0,"turns":3.0},{"damage":0.0,"enemies":"Centurion and Healer","floor":30.0,"turns":2.0},{"damage":0.0,"enemies":"Gremlin Leader","floor":31.0,"turns":1.0},{"damage":0.0,"enemies":"KingOfGreed","floor":33.0,"turns":6.0},{"damage":0,"enemies":"3 Darklings","floor":35,"turns":2},{"damage":0,"enemies":"Orb Walker","floor":36,"turns":1},{"damage":0,"enemies":"Orb Walker","floor":39,"turns":3},{"damage":0,"enemies":"Giant Head","floor":40,"turns":1},{"damage":0,"enemies":"Reptomancer","floor":42,"turns":1},{"damage":0,"enemies":"Writhing Mass","floor":44,"turns":1},{"damage":0,"enemies":"4 Shapes","floor":46,"turns":1},{"damage":0,"enemies":"Giant Head","floor":48,"turns":1},{"damage":0,"enemies":"Time Eater","floor":50,"turns":2},{"damage":0,"enemies":"Shield and Spear","floor":55,"turns":1},{"damage":0,"enemies":"The Heart","floor":56,"turns":3}],"seed_played":"416218452783694798","potions_obtained":[{"floor":1.0,"key":"Energy Potion"},{"floor":4.0,"key":"Strength Potion"},{"floor":10.0,"key":"Fire Potion"},{"floor":14.0,"key":"Dexterity Potion"},{"floor":24.0,"key":"Block Potion"},{"floor":36,"key":"Swift Potion"}],"is_trial":false,"path_per_floor":["M","M","?","M","M","R","E","R","T","E","?","$","E","M","R","B",null,"M","?","?","$","M","E","M","E","T","E","T","E","M","E","R","B",null,"M","M","?","?","?","E","R","E","T","M","T","M","R","E","R","B",null,null,"R","$","E","B",null],"character_chosen":"Librarian","items_purchased":["SmokingPipe","Omamori","ClockworkSouvenir","PageOfLumberjack","Dexterity Potion"],"campfire_rested":2,"item_purchase_floors":[12,12,54,54,54],"current_hp_per_floor":[59,57,57,53,53,53,41,41,41,41,30,30,30,30,30,30,84,84,68,68,68,68,68,68,68,68,70,70,70,72,74,74,89,89,89,89,89,79,89,89,89,89,89,89,89,89,89,89,89,89,89,89,89,89,89,89],"gold":250,"neow_bonus":"UPGRADE_CARD","is_daily":false,"chose_seed":false,"campfire_upgraded":5,"win_rate":0.0,"timestamp":1614239760,"path_taken":["M","?","?","M","M","R","E","R","T","E","?","$","E","M","R","BOSS","M","?","?","$","M","E","M","E","T","E","?","E","M","E","R","BOSS","M","M","?","?","?","E","R","E","T","M","?","M","R","E","R","BOSS","R","$","E","BOSS"],"items_purchased_type":["Card","Relic","Relic","Relic","Potion"],"build_version":"2020-12-22","purchased_purges":3,"victory":true,"max_hp_per_floor":[77,77,77,77,84,84,84,84,84,84,84,84,84,84,84,84,84,84,89,89,89,89,89,89,89,89,89,89,89,89,89,89,89,89,89,89,89,89,89,89,89,89,89,89,89,89,89,89,89,89,89,89,89,89,89,89],"card_choices":[{"not_picked":["Endure","SetFire","Track","Execute_lor","Retaliate","BiAn","FervidEmotions","AbsorbImpact"],"picked":"Unlock1","floor":1.0},{"not_picked":["Leap_lor","Unlock1","Wallop_lor","FierceCharge","BayonetCombat","HeavyPeaks","StrikeDown","SuppressingShot"],"picked":"GuardingStance","floor":2.0},{"not_picked":["SunsetBlade","SharpSwipe","SuppressingShot","BindingArms","Guardian_lor","SkitterAway","Eradication","Thrust","SerpentineBarrier"],"picked":"SKIP","floor":4.0},{"not_picked":["MultiHit","UndertakePrescript","FeelinGood","SuppressingShot","QuickAttack","SmokingPipe","BladeWhirl","LoosenUp"],"picked":"InhaleSmoke","floor":5.0},{"not_picked":["Fence","Disposal","ElectricShock","Tailoring","Quickness","TendonChords","PreemptiveStrike","EnergyStrike"],"picked":"FleshFillet","floor":7.0},{"not_picked":["Clone","ShrineToMusic","HighKick","BoundaryOfDeath","OpportunitySpotted","SharpNails","ICanCookAnything","Retaliate","Multislash"],"picked":"SKIP","floor":10.0},{"not_picked":["Leap_lor","ButterflySlash","Slice_lor","VioletBlade","MindPrepared","MirageStorm","Retaliate","NightInTheBackstreets"],"picked":"Quickness","floor":13.0},{"not_picked":["Reload","Thrust","SnakesPrey","AsThePrescriptOrders","BiteOff","MultiHit","FleshFillet","ButterflySlash","Duel_lor"],"picked":"SKIP","floor":14.0},{"not_picked":["Reload","Thrust","SnakesPrey","AsThePrescriptOrders","BiteOff","MultiHit","FleshFillet","ButterflySlash","Duel_lor"],"picked":"SKIP","floor":14.0},{"not_picked":["UpbeatPerformance","AsThePrescriptOrders","DeepDrag","ForTheFamily","Thirst","GrazeTheGrass","Parry2"],"picked":"SKIP","floor":18.0},{"not_picked":["Multislash","Wallop_lor","SuppressingShot","SharpSwipe","FlowOfTheSword","Castigation","RapidGashes"],"picked":"SKIP","floor":22.0},{"not_picked":["BulkyImpact","EnergyShield","PreemptiveStrike","ClassAndRespect","SnakesPrey+1","FrontalAssault"],"picked":"SerpentSwordTechnique+1","floor":23.0},{"not_picked":["Outburst+1","EnergyCycle","HandleRequest+1","SmokingPipe","SunsetBlade","FierceCharge"],"picked":"SenseQuarry","floor":24.0},{"not_picked":["HiddenBlade","Faith","ForcefulGesture+1","GroundSmash","Brawl","Wallop_lor","ICanCookAnything"],"picked":"SKIP","floor":25.0},{"not_picked":["ForTheFamily","Retaliate","PuppetBlockade","RulesOfTheBackstreets","AsThePrescriptOrders","SearingSword","Overpower"],"picked":"SKIP","floor":27.0},{"not_picked":["BlazingStrike","Multislash+1","Parry+1","Gigigig+1","Brawl","ExtractFuel","HandleRequest"],"picked":"SKIP","floor":29.0},{"not_picked":["LeRegole","FlowOfTheSword+1","AbsorbImpact+1","FleetEdge","GuardingStance","Parry2+1","HandleRequest"],"picked":"SKIP","floor":30.0},{"not_picked":["FormingStorm","SunsetBlade","DefenseOrder","EnergyStrike","SuppressingShot+1","SmokingPipe"],"picked":"Faith+1","floor":31.0},{"not_picked":["SnakesPrey","Marionette","Reload+1","VenomousFangs","AGoldenOpportunity","Tailoring"],"picked":"WaitUp+1","floor":35},{"not_picked":["Rewind","FieryWaltz","Quickness","AlloutWar","SteelKnuckles","KeepItFresh","Outburst+1"],"picked":"SKIP","floor":36},{"not_picked":["Deep Breath","Dramatic Entrance","Swift Strike","Discovery","Magnetism","HandOfGreed"],"picked":"Impatience","floor":38},{"not_picked":["Forethought","Metamorphosis","Chrysalis","Discovery","Mind Blast","Swift Strike"],"picked":"Purity","floor":38},{"not_picked":["Master of Strategy","Dramatic Entrance","Trip","Blind","Flash of Steel","Good Instincts"],"picked":"Apotheosis","floor":38},{"not_picked":["HiddenBlade","UnforgettableMelody","SuppressingShot","FleetFootsteps","SparkingSpear+1","Juggling+1","PuppetBlockade"],"picked":"SKIP","floor":40},{"not_picked":["BiteOff","Gamble","GrazeTheGrass","Ripple+1","EndlessBattle","CoordinatedAssault","FleetEdge"],"picked":"SKIP","floor":42},{"not_picked":["FleetEdge+1","ClassAndRespect","TieShanKao","SearingSword","DefenseOrder","MindPrepared","EndlessBattle+1"],"picked":"SKIP","floor":44},{"not_picked":["Quickness+1","SetFire","RagingStormLove","AsThePrescriptOrders","Reload+1","Zzzzzap+1","RapidGashes"],"picked":"SKIP","floor":46},{"not_picked":["EndlessBattle","SturdyDefense+1","HandlingWork+1","ClassAndRespect","Transpierce","SuppressingShot+1"],"picked":"StartinOutLightly","floor":48},{"not_picked":["StrikeDown","Ripple+1","SpearedSweep+1","ForTheFamily","EnergyStrike","StartinOutLightly"],"picked":"PreparedMind+1","floor":55}],"player_experience":1454131,"relics_obtained":[{"floor":7.0,"key":"Nunchaku"},{"floor":9.0,"key":"PageOfSpiderBud"},{"floor":10.0,"key":"Tiny Chest"},{"floor":13.0,"key":"Unceasing Top"},{"floor":23.0,"key":"Gambling Chip"},{"floor":25.0,"key":"Blood Vial"},{"floor":27.0,"key":"Vajra"},{"floor":28.0,"key":"MealTicket"},{"floor":29.0,"key":"Oddly Smooth Stone"},{"floor":31.0,"key":"Pantograph"},{"floor":40,"key":"Darkstone Periapt"},{"floor":42,"key":"Mercury Hourglass"},{"floor":43,"key":"PageOfQueenBee"},{"floor":45,"key":"PageOfPorccubus"},{"floor":48,"key":"Pen Nib"},{"floor":55,"key":"Orichalcum"}],"event_choices":[{"damage_healed":0.0,"max_hp_gain":0.0,"max_hp_loss":0.0,"gold_gain":0.0,"cards_transformed":["LightAttack"],"event_name":"Living Wall","player_choice":"Change","floor":3.0,"gold_loss":0.0,"damage_taken":0.0,"cards_obtained":["SerpentSwordTechnique"]},{"damage_healed":0.0,"max_hp_gain":0.0,"max_hp_loss":0.0,"gold_gain":75.0,"event_name":"World of Goop","player_choice":"Gather Gold","floor":11.0,"gold_loss":0.0,"damage_taken":11.0},{"damage_healed":0.0,"max_hp_gain":5.0,"max_hp_loss":0.0,"gold_gain":0.0,"event_name":"Forgotten Altar","player_choice":"Shed Blood","floor":19.0,"gold_loss":0.0,"damage_taken":21.0},{"cards_removed":["LightAttack"],"damage_healed":0.0,"max_hp_gain":0.0,"max_hp_loss":0.0,"gold_gain":0.0,"event_name":"Back to Basics","player_choice":"Elegance","floor":20.0,"gold_loss":0.0,"damage_taken":0.0},{"cards_removed":["LightDefense"],"damage_healed":0,"gold_gain":0,"player_choice":"Removed Skill","damage_taken":0,"max_hp_gain":0,"max_hp_loss":0,"event_name":"Falling","floor":37,"gold_loss":0},{"damage_healed":0,"gold_gain":0,"player_choice":"Memory 3","damage_taken":10,"max_hp_gain":0,"max_hp_loss":0,"event_name":"SensoryStone","floor":38,"gold_loss":0}],"is_beta":false,"boss_relics":[{"not_picked":["Tiny House","Calling Bell"],"picked":"Busted Crown"},{"not_picked":["PageOfBlackSwan","Fusion Hammer"],"picked":"Runic Dome"}],"items_purged_floors":[12,21,54],"is_endless":false,"potions_floor_spawned":[1,4,7,10,14,22,23,24,36,40,42],"ascension_level":3}}