{"host":"raaimkojny05jekw","time":1614260208,"event":{"mods":["AchievementEnabler","BaseMod","Colored Map","Colored Powertips","DeckTracker","Minty Spire (QoL Compilation)","Quick Restart","Rare Cards Sparkle","everything is the same but u backflip on backflip"],"gold_per_floor":[111,129,142,160,160,160,180,180,206,222,232,265,11,11,11,114,114,54,9,9,9,9,9,9,9],"floor_reached":24,"language":"KOR","playtime":851,"items_purged":["Strike_R"],"score":352,"play_id":"ff9a2db1-862e-4714-86e6-c28aa9ceacf0","local_time":"20210225223648","is_ascension_mode":true,"campfire_choices":[{"data":"Apotheosis","floor":6,"key":"SMITH"},{"floor":8,"key":"REST"},{"data":"Mayhem","floor":15,"key":"SMITH"}],"circlet_count":0,"master_deck":["AscendersBane","Strike_R","Strike_R","Strike_R","Defend_R","Defend_R","Defend_R","Defend_R","Bash","Apotheosis+1","Clothesline","True Grit","Flame Barrier","Reaper","Hemokinesis","Sword Boomerang","Whirlwind","Wild Strike","Disarm","Mayhem+1","Barricade","Headbutt","J.A.X.","Bloodletting","Heavy Blade"],"relics":["Burning Blood","Art of War","Juzu Bracelet","Lantern","Ectoplasm","StrikeDummy"],"acts_visited":["Exordium","TheCity"],"potions_floor_usage":[12,12,23],"damage_taken":[{"damage":2,"enemies":"Cultist","floor":1,"turns":4},{"damage":3,"enemies":"2 Louse","floor":2,"turns":3},{"damage":2,"enemies":"Jaw Worm","floor":3,"turns":5},{"damage":38,"enemies":"Exordium Thugs","floor":4,"turns":6},{"damage":23,"enemies":"2 Fungi Beasts","floor":7,"turns":4},{"damage":2,"enemies":"Blue Slaver","floor":10,"turns":4},{"damage":3,"enemies":"Large Slime","floor":11,"turns":6},{"damage":12,"enemies":"3 Sentries","floor":12,"turns":4},{"damage":38,"enemies":"Slime Boss","floor":16,"turns":7},{"damage":24,"enemies":"2 Thieves","floor":18,"turns":5},{"damage":3,"enemies":"3 Byrds","floor":21,"turns":5},{"damage":20,"enemies":"Cultist and Chosen","floor":22,"turns":4},{"damage":38,"enemies":"Book of Stabbing","floor":23,"turns":6},{"damage":19,"enemies":"Snake Plant","floor":24,"turns":3}],"seed_played":"148792645253775400","potions_obtained":[{"floor":2,"key":"PowerPotion"},{"floor":3,"key":"SpeedPotion"},{"floor":7,"key":"Explosive Potion"},{"floor":12,"key":"PowerPotion"},{"floor":18,"key":"BlessingOfTheForge"},{"floor":23,"key":"ElixirPotion"}],"is_trial":false,"path_per_floor":["M","M","M","M","?","R","M","R","T","M","M","E","$","?","R","B",null,"M","$","?","M","M","E","M"],"character_chosen":"IRONCLAD","items_purchased":["Mayhem","Headbutt"],"campfire_rested":1,"item_purchase_floors":[13,19],"current_hp_per_floor":[72,72,72,40,40,40,23,44,44,51,64,58,58,58,58,26,61,44,44,44,59,45,13,0,0],"gold":9,"neow_bonus":"RANDOM_COLORLESS_2","is_daily":false,"chose_seed":false,"campfire_upgraded":2,"win_rate":0.0,"timestamp":1614260208,"path_taken":["M","M","?","M","?","R","M","R","T","M","M","E","$","?","R","BOSS","M","$","?","M","M","E","M"],"items_purchased_type":["Card","Card"],"build_version":"2020-12-22","purchased_purges":1,"victory":false,"max_hp_per_floor":[72,72,72,72,72,72,72,72,72,72,72,72,72,72,72,72,72,72,72,72,72,72,72,72,72],"card_choices":[{"not_picked":["Mayhem","Master of Strategy"],"picked":"Apotheosis","floor":0},{"not_picked":["Cleave","Heavy Blade"],"picked":"Clothesline","floor":1},{"not_picked":["Anger","Thunderclap"],"picked":"True Grit","floor":2},{"not_picked":["Fire Breathing","Pommel Strike"],"picked":"Flame Barrier","floor":3},{"not_picked":["Twin Strike","Body Slam"],"picked":"Reaper","floor":4},{"not_picked":["Dual Wield","Burning Pact"],"picked":"Sword Boomerang","floor":7},{"not_picked":["Headbutt","Heavy Blade"],"picked":"Whirlwind","floor":10},{"not_picked":["Dual Wield","Shrug It Off"],"picked":"Wild Strike","floor":11},{"not_picked":["Pommel Strike","Thunderclap"],"picked":"Disarm","floor":12},{"not_picked":["Feed","Impervious"],"picked":"Barricade","floor":16},{"not_picked":["Havoc","Wild Strike","Warcry"],"picked":"SKIP","floor":18},{"not_picked":["Havoc","Wild Strike","Warcry"],"picked":"SKIP","floor":18},{"not_picked":["Metallicize","Clothesline"],"picked":"Bloodletting","floor":21},{"not_picked":["Feel No Pain","Carnage+1"],"picked":"Heavy Blade","floor":22},{"not_picked":["Armaments","Twin Strike","Thunderclap"],"picked":"SKIP","floor":23}],"player_experience":789850,"relics_obtained":[{"floor":9,"key":"Art of War"},{"floor":12,"key":"Juzu Bracelet"},{"floor":23,"key":"StrikeDummy"}],"event_choices":[{"damage_healed":0,"gold_gain":0,"cards_transformed":["Strike_R"],"player_choice":"Change","damage_taken":0,"max_hp_gain":0,"max_hp_loss":0,"event_name":"Living Wall","floor":5,"gold_loss":0,"cards_obtained":["Hemokinesis"]},{"damage_healed":0,"gold_gain":0,"player_choice":"Gave Potion","damage_taken":0,"relics_obtained":["Lantern"],"max_hp_gain":0,"max_hp_loss":0,"event_name":"WeMeetAgain","floor":14,"gold_loss":0},{"damage_healed":0,"gold_gain":0,"player_choice":"Obtain J.A.X.","damage_taken":0,"max_hp_gain":0,"max_hp_loss":0,"event_name":"Drug Dealer","floor":20,"gold_loss":0,"cards_obtained":["J.A.X."]}],"is_beta":false,"boss_relics":[{"not_picked":["Calling Bell","Runic Cube"],"picked":"Ectoplasm"}],"items_purged_floors":[13],"is_endless":false,"potions_floor_spawned":[2,3,7,11,12,18,23],"killed_by":"Snake Plant","ascension_level":12}}