{"host":"dvz52zoduqbx9zr0","time":1614236797,"event":{"mods":["AchievementEnabler","Always Whale","Aspiration","BaseMod","BetterRewards","Colored Map","Conspire","Custom Start","Downfall","Halation","Hubris","Jedi Mod","Minty Spire (QoL Compilation)","Relic Sorter","Replay The Spire","Shop Mod","StSLib","SuperFastMode"],"gold_per_floor":[99,111,124,28,43,59,59,59,77,77,111,111,124,142,152,255,255,255,274,274,274,294,294,294,153,153,167,167,187,115,149,178,178,178,178],"floor_reached":33,"language":"ENG","playtime":1866,"items_purged":["Slimebound:AcidTongue"],"score":271,"play_id":"ec417b48-a3a8-4bc8-9e64-8d98e40c267b","local_time":"20210225170637","is_ascension_mode":false,"campfire_choices":[{"data":"Slimebound:Split","floor":1.0,"key":"SMITH"},{"data":"Slimebound:GoopSpray","floor":8.0,"key":"SMITH"},{"data":"Slimebound:CorrosiveSpit","floor":10.0,"key":"SMITH"},{"data":"Slimebound:MassRepurpose","floor":18.0,"key":"SMITH"},{"data":"Slimebound:SlimeBarrage","floor":23.0,"key":"SMITH"},{"data":"Slimebound:SplitMire","floor":26.0,"key":"SMITH"},{"floor":28.0,"key":"RECALL"}],"circlet_count":0,"master_deck":["Slimebound:Strike_Slimebound","Slimebound:Strike_Slimebound","Slimebound:Strike_Slimebound","Slimebound:Tackle","Slimebound:Defend_Slimebound","Slimebound:Defend_Slimebound","Slimebound:Defend_Slimebound","Slimebound:Defend_Slimebound","Slimebound:Split+1","Slimebound:CorrosiveSpit+1","Swift Strike","Slimebound:PressTheAttack","Slimebound:SplitMire+1","Slimebound:DivideAndConquer","Slimebound:GoopSpray+1","Slimebound:SplitLeeching","Slimebound:SpikyOuterGoop","Slimebound:SplitLeeching","Slimebound:LeadByExample","Slimebound:MassRepurpose+1","Slimebound:SlimeBarrage+1","Slimebound:SplitLeeching","Slimebound:SpikyOuterGoop","Slimebound:SpikyOuterGoop","Slimebound:LeechingTouch+1","Slimebound:SplitSpecialist","Slimebound:GrowthPunch+1","Slimebound:SlimeTap","Slimebound:SlimeBarrage+1"],"relics":["Slimebound:AbsorbEndCombat","hubris:TenFootPole","Turnip","downfall:BrokenWingStatue","conspire:RunicOctahedron","aspiration:RitualStick","Molten Egg 2","CeramicFish"],"acts_visited":["TheCity"],"potions_floor_usage":[33,33,33],"damage_taken":[{"damage":3.0,"enemies":"2 Louse","floor":2.0,"turns":2.0},{"damage":1.0,"enemies":"conspire:RoseBush","floor":3.0,"turns":3.0},{"damage":11.0,"enemies":"downfall:FleeingMerchant","floor":4.0,"turns":4.0},{"damage":6.0,"enemies":"Jaw Worm","floor":5.0,"turns":2.0},{"damage":4.0,"enemies":"conspire:2 RoseBushes","floor":6.0,"turns":4.0},{"damage":0.0,"enemies":"3 Louse","floor":9.0,"turns":2.0},{"damage":9.0,"enemies":"Lagavulin","floor":11.0,"turns":5.0},{"damage":0.0,"enemies":"2 Fungi Beasts","floor":13.0,"turns":3.0},{"damage":8.0,"enemies":"Blue Slaver","floor":14.0,"turns":3.0},{"damage":5.0,"enemies":"Exordium Thugs","floor":15.0,"turns":3.0},{"damage":8.0,"enemies":"WA_ARCHETYPE_RETAIN","floor":16.0,"turns":5.0},{"damage":17.0,"enemies":"Spheric Guardian","floor":19.0,"turns":4.0},{"damage":8.0,"enemies":"conspire:FuzzyDice","floor":22.0,"turns":4.0},{"damage":0.0,"enemies":"downfall:FleeingMerchant","floor":25.0,"turns":4.0},{"damage":2.0,"enemies":"Centurion and Healer","floor":27.0,"turns":7.0},{"damage":0.0,"enemies":"Snecko","floor":29.0,"turns":5.0},{"damage":1.0,"enemies":"downfall:FleeingMerchant","floor":30.0,"turns":4.0},{"damage":17.0,"enemies":"conspire:SneckoGhost","floor":31.0,"turns":6.0},{"damage":16.0,"enemies":"Snake Plant","floor":32.0,"turns":4.0},{"damage":52,"enemies":"DF_ARCHETYPE_CLAW","floor":33,"turns":6}],"seed_played":"-1838341290650994913","potions_obtained":[{"floor":2.0,"key":"champ:CounterPotion"},{"floor":3.0,"key":"Slimebound:SlimyTonguePotion"},{"floor":11.0,"key":"Milkshake"},{"floor":13.0,"key":"FearPotion"},{"floor":22.0,"key":"BlessingOfTheForge"}],"is_trial":false,"path_per_floor":["R","M","M","$","M","M","T","R","M","R","E","?","M","M","M","B",null,"R","M","?","?","M","R","T","$","R","M","R","M","$","E","M","B"],"character_chosen":"SLIMEBOUND","items_purchased":["Slimebound:DivideAndConquer","Slimebound:SpikyOuterGoop","Slimebound:GrowthPunch+1"],"campfire_rested":0,"item_purchase_floors":[4,25,30],"current_hp_per_floor":[65,64,65,62,62,62,62,62,65,65,58,58,64,61,58,57,65,65,50,50,44,40,40,40,46,46,52,52,58,65,54,44,0,0,0],"gold":178,"neow_bonus":"RANDOM_COLORLESS","is_daily":false,"chose_seed":false,"campfire_upgraded":6,"win_rate":0.0,"timestamp":1614236797,"path_taken":["R","M","M","$","M","M","T","R","M","R","E","?","M","M","M","BOSS","R","M","?","?","?","R","T","$","R","M","R","M","$","E","M","BOSS"],"items_purchased_type":["Card","Card","Card"],"build_version":"2020-12-22","purchased_purges":1,"victory":false,"max_hp_per_floor":[65,65,65,65,65,65,65,65,65,65,65,65,65,65,65,65,65,65,65,65,65,65,65,65,65,65,65,65,65,65,65,65,65,65,65],"card_choices":[{"not_picked":["Madness","Mind Blast"],"picked":"Swift Strike","floor":0.0},{"not_picked":["Slimebound:ComboTackle","Slimebound:RainOfGoop"],"picked":"Slimebound:AcidTongue","floor":2.0},{"not_picked":["Slimebound:LeechingTouch","Slimebound:LivingWall"],"picked":"Slimebound:PressTheAttack","floor":3.0},{"not_picked":["Slimebound:FlameTackle","Slimebound:SplitAcid"],"picked":"Slimebound:SplitMire","floor":4.0},{"not_picked":["Slimebound:AcidTongue","Slimebound:MegaLick"],"picked":"Slimebound:GoopSpray","floor":5.0},{"not_picked":["Slimebound:LeechingTouch","Slimebound:FormOfPuddle","Slimebound:Nibble"],"picked":"SKIP","floor":6.0},{"not_picked":["Slimebound:Gluttony","Slimebound:PressTheAttack"],"picked":"Slimebound:SplitLeeching","floor":9.0},{"not_picked":["Slimebound:ServeAndProtect","Slimebound:LeechEnergy"],"picked":"Slimebound:SpikyOuterGoop","floor":11.0},{"not_picked":["Slimebound:HauntingLick","Slimebound:SamplingLick","Slimebound:GoopTackle"],"picked":"SKIP","floor":13.0},{"not_picked":["Slimebound:HauntingLick","Slimebound:SamplingLick","Slimebound:GoopTackle"],"picked":"SKIP","floor":13.0},{"not_picked":["Slimebound:OneTwoCombo","Slimebound:SamplingLick"],"picked":"Slimebound:SplitLeeching","floor":14.0},{"not_picked":["Slimebound:HauntingLick","Slimebound:RollThrough"],"picked":"Slimebound:LeadByExample","floor":15.0},{"not_picked":["Slimebound:LeechLife","Slimebound:SelfFormingGoo"],"picked":"Slimebound:MassRepurpose","floor":16.0},{"not_picked":["Slimebound:LeechingTouch+1","Slimebound:RollThrough"],"picked":"Slimebound:SlimeBarrage","floor":19.0},{"not_picked":["Slimebound:ItLooksTasty","Slimebound:ViciousTackle","Slimebound:FinishingTackle+1"],"picked":"SKIP","floor":22.0},{"not_picked":["Slimebound:RollThrough+1","Slimebound:SlimeSlap+1"],"picked":"Slimebound:SplitLeeching","floor":25.0},{"not_picked":["Slimebound:Dissolve+1","Slimebound:Schlurp","Slimebound:Grow"],"picked":"SKIP","floor":27.0},{"not_picked":["Slimebound:FinishingTackle+1","Slimebound:Schlurp+1"],"picked":"Slimebound:LeechingTouch+1","floor":29.0},{"not_picked":["Slimebound:ComboTackle+1","Slimebound:DisruptingSlam+1"],"picked":"Slimebound:SplitSpecialist","floor":30.0},{"not_picked":["Slimebound:Gluttony","Slimebound:DuplicatedForm"],"picked":"Slimebound:SlimeTap","floor":31.0},{"not_picked":["Slimebound:SamplingLick","Slimebound:Prepare"],"picked":"Slimebound:SlimeBarrage+1","floor":32.0}],"player_experience":228468,"relics_obtained":[{"floor":7.0,"key":"hubris:TenFootPole"},{"floor":11.0,"key":"Turnip"},{"floor":24.0,"key":"Molten Egg 2"},{"floor":31.0,"key":"CeramicFish"}],"event_choices":[{"damage_healed":0.0,"max_hp_gain":0.0,"max_hp_loss":0.0,"gold_gain":0.0,"event_name":"Ghosts","player_choice":"Ignored","floor":20.0,"gold_loss":0.0,"damage_taken":0.0}],"is_beta":false,"boss_relics":[{"not_picked":["halation:PlatinumPhoenix","Runic Pyramid"],"picked":"conspire:RunicOctahedron"}],"items_purged_floors":[25],"is_endless":false,"potions_floor_spawned":[2,3,11,13,14,22,31,32],"killed_by":"DF_ARCHETYPE_CLAW","ascension_level":0}}