{"host":"dowi7cgbhepuzvpj","time":1614242372,"event":{"mods":["AchievementEnabler","BaseMod","Colored Map","Keyboard Shortcuts","Minty Spire (QoL Compilation)","Permanent Neow","Quick Restart","StSLib","SuperFastMode"],"gold_per_floor":[114,189,189,3,3,32,44,69,133,159,151,182,194,221,233,321,333,365,377,192,3,3,3,32,32,56,70,70,82,6,26,26,100,100,116,116,116,136,136,136,63,97,97,115,115,115],"floor_reached":45,"language":"KOR","playtime":1552,"items_purged":["Normality","Strike_P","Strike_P"],"score":847,"play_id":"1177b1d2-def6-4e0e-923d-70c5985dd5bb","local_time":"20210225173932","is_ascension_mode":true,"campfire_choices":[{"floor":7,"key":"REST"},{"data":"Eruption","floor":13,"key":"SMITH"},{"data":"Perseverance","floor":15,"key":"SMITH"},{"floor":23,"key":"REST"},{"floor":25,"key":"REST"},{"data":"Scrawl","floor":28,"key":"SMITH"},{"data":"InnerPeace","floor":32,"key":"SMITH"},{"floor":40,"key":"REST"}],"circlet_count":0,"master_deck":["AscendersBane","Strike_P","Defend_P","Defend_P+1","Defend_P","Eruption+1","Vigilance","Apotheosis+1","FollowUp","Meditate","EmptyBody","Tantrum","CarveReality","Perseverance+1","Scrawl+1","CurseOfTheBell","Flash of Steel","LikeWater+1","Study+1","Wallop","FlurryOfBlows","InnerPeace+1","LessonLearned","Vengeance","Madness","Madness","LikeWater+1","Deep Breath","FearNoEvil","FlurryOfBlows"],"relics":["PureWater","Membership Card","MawBank","Anchor","Calling Bell","Ancient Tea Set","Frozen Egg 2","WingedGreaves","Oddly Smooth Stone","Dream Catcher","Incense Burner","Akabeko","Orichalcum","Empty Cage","TheAbacus","Sundial","Girya"],"acts_visited":["Exordium","TheCity","TheBeyond"],"potions_floor_usage":[16,27,35],"damage_taken":[{"damage":5.0,"enemies":"2 Louse","floor":1.0,"turns":3.0},{"damage":18,"enemies":"Gremlin Nob","floor":6,"turns":3},{"damage":4,"enemies":"Jaw Worm","floor":8,"turns":3},{"damage":9,"enemies":"Small Slimes","floor":10,"turns":2},{"damage":4,"enemies":"2 Fungi Beasts","floor":12,"turns":4},{"damage":0,"enemies":"Red Slaver","floor":14,"turns":1},{"damage":1,"enemies":"Hexaghost","floor":16,"turns":8},{"damage":20,"enemies":"Shell Parasite","floor":18,"turns":6},{"damage":0,"enemies":"Gremlin Leader","floor":24,"turns":5},{"damage":0,"enemies":"3 Byrds","floor":27,"turns":5},{"damage":1,"enemies":"Cultist and Chosen","floor":29,"turns":4},{"damage":4,"enemies":"Centurion and Healer","floor":31,"turns":3},{"damage":38,"enemies":"Automaton","floor":33,"turns":8},{"damage":3,"enemies":"Orb Walker","floor":35,"turns":4},{"damage":0,"enemies":"3 Darklings","floor":38,"turns":3},{"damage":17,"enemies":"Nemesis","floor":42,"turns":7},{"damage":15,"enemies":"Maw","floor":44,"turns":8},{"damage":28,"enemies":"4 Shapes","floor":45,"turns":6}],"seed_played":"1995447558374520837","potions_obtained":[{"floor":6,"key":"Ambrosia"},{"floor":8,"key":"SmokeBomb"},{"floor":14,"key":"Block Potion"},{"floor":24,"key":"Swift Potion"},{"floor":33,"key":"BottledMiracle"},{"floor":35,"key":"DuplicationPotion"}],"is_trial":false,"path_per_floor":["M","?","?","$","?","E","R","M","T","M","?","M","R","M","R","B",null,"M","?","$","$","?","R","E","R","T","M","R","M","$","M","R","B",null,"M","?","?","M","?","R","$","E","T","M","M"],"character_chosen":"WATCHER","items_purchased":["Membership Card","Oddly Smooth Stone","Dream Catcher","Incense Burner","Flash of Steel","FlurryOfBlows","TheAbacus"],"campfire_rested":4,"item_purchase_floors":[4,20,20,21,21,30,41],"current_hp_per_floor":[56,45,45,45,45,27,47,43,43,34,34,30,30,30,30,29,58,38,19,19,19,19,40,40,61,61,61,61,60,60,56,56,18,59,56,43,43,43,33,54,54,37,37,22,0,0],"gold":115,"neow_bonus":"RANDOM_COLORLESS_2","is_daily":false,"chose_seed":false,"campfire_upgraded":4,"win_rate":0.0,"timestamp":1614242372,"path_taken":["M","?","?","$","?","E","R","M","T","M","?","M","R","?","R","BOSS","M","?","$","$","?","R","E","R","T","M","R","M","?","?","R","BOSS","M","?","?","M","?","R","$","E","T","M","M"],"items_purchased_type":["Relic","Relic","Relic","Relic","Card","Card","Relic"],"build_version":"2020-12-22","purchased_purges":3,"victory":false,"max_hp_per_floor":[68,68,68,68,68,68,68,68,68,68,68,68,68,68,68,68,68,68,73,73,73,73,73,73,73,73,73,73,73,73,73,73,73,73,73,73,73,73,73,73,73,73,73,73,73,73],"card_choices":[{"not_picked":["Metamorphosis","Chrysalis"],"picked":"Apotheosis","floor":0.0},{"not_picked":["SandsOfTime","Wallop"],"picked":"FollowUp","floor":1.0},{"not_picked":["Prostrate","FlyingSleeves"],"picked":"Meditate","floor":6},{"not_picked":["FlyingSleeves","PathToVictory"],"picked":"EmptyBody","floor":8},{"not_picked":["Worship","SandsOfTime"],"picked":"Tantrum","floor":10},{"not_picked":["Nirvana","FollowUp"],"picked":"CarveReality","floor":12},{"not_picked":["WindmillStrike","BowlingBash"],"picked":"Perseverance","floor":14},{"not_picked":["Alpha","Brilliance"],"picked":"Scrawl","floor":16},{"not_picked":["BowlingBash","ClearTheMind","ThirdEye"],"picked":"SKIP","floor":18},{"not_picked":["EmptyBody","Omniscience"],"picked":"LikeWater+1","floor":23},{"not_picked":["Fasting2+1","Prostrate","Weave"],"picked":"SKIP","floor":24},{"not_picked":["Halt+1","PathToVictory"],"picked":"Study+1","floor":25},{"not_picked":["FollowUp","Perseverance"],"picked":"Wallop","floor":27},{"not_picked":["Swivel","PathToVictory","BattleHymn+1"],"picked":"SKIP","floor":29},{"not_picked":["Worship","Protect"],"picked":"InnerPeace","floor":31},{"not_picked":["Wish","Blasphemy"],"picked":"LessonLearned","floor":33},{"not_picked":["CrushJoints","CutThroughFate+1"],"picked":"Vengeance","floor":35},{"not_picked":["Weave","ThirdEye"],"picked":"LikeWater+1","floor":38},{"not_picked":["Mind Blast","Panacea"],"picked":"Deep Breath","floor":39},{"not_picked":["FlyingSleeves","Protect"],"picked":"FearNoEvil","floor":40},{"not_picked":["InnerPeace+1","SashWhip","ThirdEye"],"picked":"SKIP","floor":42},{"not_picked":["ThirdEye","Conclude"],"picked":"FlurryOfBlows","floor":44}],"player_experience":908052,"relics_obtained":[{"floor":6,"key":"MawBank"},{"floor":9,"key":"Anchor"},{"floor":17,"key":"Ancient Tea Set"},{"floor":17,"key":"Frozen Egg 2"},{"floor":17,"key":"WingedGreaves"},{"floor":24,"key":"Akabeko"},{"floor":26,"key":"Orichalcum"},{"floor":42,"key":"Sundial"},{"floor":43,"key":"Girya"}],"event_choices":[{"damage_healed":0.0,"max_hp_gain":0.0,"max_hp_loss":0.0,"gold_gain":75.0,"event_name":"World of Goop","player_choice":"Gather Gold","floor":2.0,"gold_loss":0.0,"damage_taken":11.0},{"damage_healed":0.0,"max_hp_gain":0.0,"max_hp_loss":0.0,"gold_gain":0.0,"event_name":"Liars Game","player_choice":"Ignored","floor":3.0,"gold_loss":0.0,"damage_taken":0.0},{"damage_healed":0,"gold_gain":0,"player_choice":"Grow","damage_taken":0,"max_hp_gain":0,"max_hp_loss":0,"event_name":"Living Wall","floor":5,"gold_loss":0,"cards_upgraded":["Apotheosis"]},{"damage_healed":0,"gold_gain":0,"player_choice":"Bought 1 Potion","damage_taken":0,"max_hp_gain":0,"max_hp_loss":0,"event_name":"The Woman in Blue","floor":11,"gold_loss":0},{"damage_healed":0,"gold_gain":0,"player_choice":"Shed Blood","damage_taken":24,"max_hp_gain":5,"max_hp_loss":0,"event_name":"Forgotten Altar","floor":19,"gold_loss":0},{"damage_healed":0,"gold_gain":0,"player_choice":"Embrace Madness","damage_taken":13,"max_hp_gain":0,"max_hp_loss":0,"event_name":"Winding Halls","floor":36,"gold_loss":0,"cards_obtained":["Madness","Madness"]},{"damage_healed":0,"gold_gain":0,"player_choice":"Ignored","damage_taken":0,"max_hp_gain":0,"max_hp_loss":0,"event_name":"Tomb of Lord Red Mask","floor":37,"gold_loss":0},{"damage_healed":0,"gold_gain":0,"player_choice":"Memory 3","damage_taken":10,"max_hp_gain":0,"max_hp_loss":0,"event_name":"SensoryStone","floor":39,"gold_loss":0}],"is_beta":false,"boss_relics":[{"not_picked":["Runic Pyramid","Runic Dome"],"picked":"Calling Bell"},{"not_picked":["Busted Crown","SlaversCollar"],"picked":"Empty Cage"}],"items_purged_floors":[4,20,30],"is_endless":false,"potions_floor_spawned":[6,8,14,24,33,35,42],"killed_by":"4 Shapes","ascension_level":15}}