{"host":"00olc56ucl6mk3pv","time":1614245664,"event":{"mods":["AchievementEnabler","BaseMod","Keyboard Shortcuts","Minty Spire (QoL Compilation)","Quick Restart","SuperFastMode"],"gold_per_floor":[115,131,206,75,85,118,18,18,45,76,88,100,124,136,148,231,243,272,238,250,276,47,47,47,47,71,71,71,99,99,119,119,193,193,207,207,3,17,27,27,42,42,120,120,139,139,152,152,152,152,152],"floor_reached":50,"language":"KOR","playtime":2811,"items_purged":["Strike_G","Strike_G","Strike_G"],"score":986,"play_id":"d34f56e4-b519-458f-8687-828e225b6bd2","local_time":"20210225183424","is_ascension_mode":true,"campfire_choices":[{"floor":8.0,"key":"REST"},{"data":"After Image","floor":11.0,"key":"SMITH"},{"floor":15.0,"key":"REST"},{"floor":23.0,"key":"REST"},{"data":"Calculated Gamble","floor":25.0,"key":"SMITH"},{"floor":30.0,"key":"REST"},{"data":"Prepared","floor":32.0,"key":"SMITH"},{"data":"Adrenaline","floor":40.0,"key":"SMITH"},{"floor":42.0,"key":"REST"},{"data":"Expertise","floor":44.0,"key":"SMITH"},{"floor":49,"key":"REST"}],"circlet_count":0,"master_deck":["AscendersBane","Defend_G","Defend_G","Defend_G","Defend_G","Survivor","Neutralize","After Image+1","Dagger Throw","PiercingWail","Deadly Poison","Grand Finale","Leg Sweep","Noxious Fumes","Escape Plan","Adrenaline+1","Expertise+1","Calculated Gamble+1","Storm of Steel","Decay","Prepared+1","Reflex+1","Outmaneuver","Venomology","Madness","Madness","Tactician"],"relics":["Ring of the Snake","Akabeko","Boot","MawBank","Dream Catcher","HoveringKite","Juzu Bracelet","Darkstone Periapt","FossilizedHelix","Runic Dome","Membership Card","Eternal Feather"],"acts_visited":["Exordium","TheCity","TheBeyond"],"potions_floor_usage":[50,50,50],"damage_taken":[{"damage":0.0,"enemies":"Small Slimes","floor":1.0,"turns":7.0},{"damage":3.0,"enemies":"Jaw Worm","floor":2.0,"turns":5.0},{"damage":1.0,"enemies":"2 Louse","floor":5.0,"turns":4.0},{"damage":37.0,"enemies":"3 Sentries","floor":6.0,"turns":15.0},{"damage":0.0,"enemies":"Lagavulin","floor":10.0,"turns":5.0},{"damage":2.0,"enemies":"Large Slime","floor":13.0,"turns":5.0},{"damage":32.0,"enemies":"Hexaghost","floor":16.0,"turns":10.0},{"damage":6.0,"enemies":"Shell Parasite","floor":18.0,"turns":7.0},{"damage":23.0,"enemies":"2 Thieves","floor":19.0,"turns":5.0},{"damage":21.0,"enemies":"Shelled Parasite and Fungi","floor":21.0,"turns":3.0},{"damage":26.0,"enemies":"Book of Stabbing","floor":29.0,"turns":7.0},{"damage":0.0,"enemies":"Snake Plant","floor":31.0,"turns":5.0},{"damage":10.0,"enemies":"Collector","floor":33.0,"turns":8.0},{"damage":20.0,"enemies":"3 Darklings","floor":35.0,"turns":9.0},{"damage":0.0,"enemies":"3 Shapes","floor":38.0,"turns":4.0},{"damage":0.0,"enemies":"3 Darklings","floor":39.0,"turns":2.0},{"damage":0.0,"enemies":"Jaw Worm Horde","floor":41.0,"turns":2.0},{"damage":1.0,"enemies":"4 Shapes","floor":45.0,"turns":9.0},{"damage":43.0,"enemies":"Transient","floor":47.0,"turns":6.0},{"damage":46,"enemies":"Awakened One","floor":50,"turns":7}],"seed_played":"1789340073201302638","potions_obtained":[{"floor":6.0,"key":"LiquidMemories"},{"floor":13.0,"key":"Ancient Potion"},{"floor":16.0,"key":"LiquidBronze"},{"floor":21.0,"key":"Weak Potion"},{"floor":33.0,"key":"Dexterity Potion"},{"floor":35.0,"key":"Strength Potion"}],"is_trial":false,"path_per_floor":["M","M","?","$","M","E","$","R","T","E","R","?","M","?","R","B",null,"M","M","?","M","$","R","?","R","T","T","?","E","R","M","R","B",null,"M","?","$","M","M","R","M","R","T","R","M","?","M","?","R","B"],"character_chosen":"THE_SILENT","items_purchased":["Deadly Poison","FairyPotion","Membership Card","DuplicationPotion"],"campfire_rested":6,"item_purchase_floors":[4,22,37,37],"current_hp_per_floor":[59,56,45,45,44,7,7,26,26,26,26,19,17,17,36,4,51,45,22,22,1,1,20,20,20,20,20,20,13,32,32,32,22,55,35,35,35,35,35,35,35,54,54,66,65,53,10,10,44,0,0],"gold":152,"neow_bonus":"ONE_RANDOM_RARE_CARD","is_daily":false,"chose_seed":false,"campfire_upgraded":5,"win_rate":0.0,"timestamp":1614245664,"path_taken":["M","M","?","$","M","E","$","R","T","E","R","?","M","?","R","BOSS","M","M","?","M","$","R","?","R","T","?","?","E","R","M","R","BOSS","M","?","$","M","M","R","M","R","T","R","M","?","M","?","R","BOSS"],"items_purchased_type":["Card","Potion","Relic","Potion"],"build_version":"2020-12-22","purchased_purges":3,"victory":false,"max_hp_per_floor":[66,66,66,66,66,66,66,66,66,66,66,66,66,66,66,66,66,66,66,66,66,66,66,66,66,66,66,66,66,66,66,66,66,66,66,66,66,66,66,66,66,66,66,66,66,66,66,66,66,66,66],"card_choices":[{"not_picked":["Slice","Accuracy"],"picked":"Dagger Throw","floor":1.0},{"not_picked":["Well Laid Plans","Sucker Punch"],"picked":"PiercingWail","floor":2.0},{"not_picked":["Acrobatics","Slice","Expertise"],"picked":"SKIP","floor":5.0},{"not_picked":["Crippling Poison","Poisoned Stab"],"picked":"Grand Finale","floor":6.0},{"not_picked":["Distraction","Outmaneuver"],"picked":"Leg Sweep","floor":10.0},{"not_picked":["Cloak And Dagger","Setup"],"picked":"Noxious Fumes","floor":13.0},{"not_picked":["Setup","Quick Slash"],"picked":"Escape Plan","floor":15.0},{"not_picked":["Envenom","Glass Knife"],"picked":"Adrenaline","floor":16.0},{"not_picked":["Dodge and Roll","Deflect","Quick Slash"],"picked":"SKIP","floor":18.0},{"not_picked":["Dagger Spray","Finisher+1"],"picked":"Expertise","floor":19.0},{"not_picked":["Dagger Spray","Deadly Poison","Caltrops"],"picked":"SKIP","floor":21.0},{"not_picked":["Slice","Dagger Throw","Deadly Poison+1"],"picked":"SKIP","floor":29.0},{"not_picked":["Outmaneuver","Tactician"],"picked":"Prepared","floor":31.0},{"not_picked":["Underhanded Strike","Poisoned Stab"],"picked":"Reflex+1","floor":35.0},{"not_picked":["Outmaneuver","Dagger Throw","Slice"],"picked":"SKIP","floor":38.0},{"not_picked":["Flechettes+1","Blade Dance+1"],"picked":"Outmaneuver","floor":39.0},{"not_picked":["Dash+1","Prepared","Sucker Punch+1"],"picked":"SKIP","floor":41.0},{"not_picked":["Cloak And Dagger","Outmaneuver"],"picked":"Venomology","floor":45.0},{"not_picked":["Choke","Quick Slash+1"],"picked":"Tactician","floor":47.0}],"player_experience":620147,"relics_obtained":[{"floor":6.0,"key":"Akabeko"},{"floor":9.0,"key":"Boot"},{"floor":10.0,"key":"MawBank"},{"floor":26.0,"key":"Juzu Bracelet"},{"floor":27.0,"key":"Darkstone Periapt"},{"floor":29.0,"key":"FossilizedHelix"},{"floor":43.0,"key":"Eternal Feather"}],"event_choices":[{"damage_healed":0.0,"max_hp_gain":0.0,"max_hp_loss":0.0,"gold_gain":75.0,"event_name":"World of Goop","player_choice":"Gather Gold","floor":3.0,"gold_loss":0.0,"damage_taken":11.0},{"cards_removed":["Strike_G"],"damage_healed":0.0,"max_hp_gain":0.0,"max_hp_loss":0.0,"gold_gain":0.0,"event_name":"Golden Wing","player_choice":"Card Removal","floor":12.0,"gold_loss":0.0,"damage_taken":7.0},{"damage_healed":0.0,"max_hp_gain":0.0,"max_hp_loss":0.0,"gold_gain":0.0,"event_name":"Dead Adventurer","player_choice":"Searched \u00271\u0027 times","floor":14.0,"gold_loss":0.0,"damage_taken":0.0,"relics_obtained":["Dream Catcher"]},{"damage_healed":0.0,"max_hp_gain":0.0,"max_hp_loss":0.0,"gold_gain":0.0,"cards_transformed":["Strike_G","Defend_G"],"event_name":"Drug Dealer","player_choice":"Became Test Subject","floor":20.0,"gold_loss":0.0,"damage_taken":0.0,"cards_obtained":["Calculated Gamble","Storm of Steel"]},{"damage_healed":0.0,"max_hp_gain":0.0,"max_hp_loss":0.0,"gold_gain":0.0,"event_name":"Forgotten Altar","player_choice":"Smashed Altar","floor":24.0,"gold_loss":0.0,"damage_taken":0.0,"cards_obtained":["Decay"]},{"damage_healed":0.0,"max_hp_gain":0.0,"max_hp_loss":0.0,"gold_gain":0.0,"event_name":"Vampires","player_choice":"Ignored","floor":28.0,"gold_loss":0.0,"damage_taken":0.0},{"damage_healed":0.0,"max_hp_gain":0.0,"max_hp_loss":0.0,"gold_gain":0.0,"event_name":"Tomb of Lord Red Mask","player_choice":"Ignored","floor":36.0,"gold_loss":0.0,"damage_taken":0.0},{"damage_healed":0.0,"max_hp_gain":0.0,"max_hp_loss":0.0,"gold_gain":0.0,"event_name":"Winding Halls","player_choice":"Embrace Madness","floor":46.0,"gold_loss":0.0,"damage_taken":12.0,"cards_obtained":["Madness","Madness"]},{"damage_healed":0,"gold_gain":0,"player_choice":"Ignored","damage_taken":0,"max_hp_gain":0,"max_hp_loss":0,"event_name":"Mysterious Sphere","floor":48,"gold_loss":0}],"is_beta":false,"boss_relics":[{"not_picked":["SlaversCollar","Ectoplasm"],"picked":"HoveringKite"},{"not_picked":["Busted Crown","WristBlade"],"picked":"Runic Dome"}],"items_purged_floors":[4,7,22],"is_endless":false,"potions_floor_spawned":[6,13,16,18,21,33,35,38,41],"killed_by":"Awakened One","ascension_level":20}}