{"host":"5qkhoeeerm2epmkk","time":1614211504,"event":{"mods":["Aspiration","BaseMod","Block Reminder","Colored Map","Colored Powertips","Conspire","Custom Start","Energized Spire","GifTheSpireLib","Halation","Jedi Mod","Minty Spire (QoL Compilation)","Quick Restart","Replay The Spire","Shop Mod","StSLib","Stuff the Spire","SuperFastMode","The Animator","Trackpad"],"gold_per_floor":[114,114,114,35,65,99,124,124,175,205,219,3,34,34,34,106,106,152,152,206,206,206],"floor_reached":21,"language":"ENG","playtime":2048,"items_purged":["animator:Strike"],"score":519,"play_id":"bcbb7a55-19b9-4e4b-a16b-9cd8ecea5b8f","local_time":"20210224190504","is_ascension_mode":true,"campfire_choices":[{"floor":8,"key":"REST"},{"data":"Injury","floor":15,"key":"SMITH"}],"circlet_count":0,"master_deck":["AscendersBane","conspire:GhostlyStrike","conspire:GhostlyDefend","conspire:GhostlyStrike","conspire:GhostlyStrike","conspire:GhostlyDefend","conspire:GhostlyDefend","conspire:GhostlyDefend","animator:IrohaTamaki","animator:YuiTsuruno+1","animator:ShinjiMatou","animator:HinaKagiyama+1","animator:Curse_Dizziness","animator:AcuraTooru+1","animator:RoryMercury+1","animator:AcuraTooru+1","animator:MadokaKaname","animator:EmiyaShirou","animator:ShinjiMatou","animator:ElricAlphonse+1","animator:WinryRockbell","animator:MisaKurobane","animator:SayakaMiki","animator:FeridBathory","Writhe","AbeCurse","CommonCold","animator:WinryRockbell","Voices"],"relics":["animator:LivingPicture","animator:TheMissingPiece","Molten Egg 2","Chameleon Ring","Replay:Baseball","halation:PrussianBluePaint","BargainBundle","Anchor","Replay:Ancient Bell","Tiny Chest","The Courier","trackpad:HandOfMidas","halation:SelfBoilingWater"],"acts_visited":["Exordium","TheCity"],"potions_floor_usage":[6,10,13,13],"damage_taken":[{"damage":2,"enemies":"Jaw Worm","floor":1,"turns":4},{"damage":0,"enemies":"conspire:RoseBush","floor":5,"turns":4},{"damage":9,"enemies":"Gremlin Nob","floor":6,"turns":4},{"damage":4,"enemies":"2 Louse","floor":7,"turns":3},{"damage":32,"enemies":"3 Sentries","floor":10,"turns":8},{"damage":12,"enemies":"Lots of Slimes","floor":11,"turns":5},{"damage":8,"enemies":"Gremlin Nob","floor":13,"turns":3},{"damage":25,"enemies":"Hexaghost","floor":16,"turns":9},{"damage":23,"enemies":"Shell Parasite","floor":18,"turns":7},{"damage":0,"enemies":"conspire:FuzzyDice","floor":20,"turns":7},{"damage":52,"enemies":"Snecko","floor":21,"turns":7}],"seed_played":"-3461297648717167375","potions_obtained":[{"floor":5,"key":"SkillPotion"},{"floor":7,"key":"Adrenaline Potion"},{"floor":11,"key":"ColorlessPotion"},{"floor":20,"key":"jedi:StrikingPotion"}],"is_trial":false,"path_per_floor":["M","?","?","$","M","E","M","R","T","E","M","$","E","?","R","B",null,"M","?","M","M"],"character_chosen":"THE_ANIMATOR","items_purchased":["animator:AcuraTooru+1","BargainBundle","animator:ShinjiMatou","animator:ElricAlphonse+1","animator:WinryRockbell","Regen Potion","animator:MisaKurobane"],"campfire_rested":1,"item_purchase_floors":[4,12,12,12,12,12,12],"current_hp_per_floor":[52,52,52,52,52,43,39,57,57,34,22,22,37,37,37,15,50,36,36,36,0,0],"gold":206,"neow_bonus":"UPGRADE_CARD","is_daily":false,"chose_seed":false,"campfire_upgraded":1,"win_rate":0.0,"timestamp":1614211504,"path_taken":["M","?","?","?","?","E","M","R","T","E","?","$","E","?","R","BOSS","M","?","M","?"],"items_purchased_type":["Card","Relic","Card","Card","Card","Potion","Card"],"build_version":"2020-12-22","purchased_purges":1,"victory":false,"max_hp_per_floor":[60,60,60,60,60,60,60,60,60,60,60,60,61,61,61,61,61,61,61,61,61,61],"card_choices":[{"not_picked":["animator:TukaLunaMarceau","animator:Rider"],"picked":"animator:ShinjiMatou","floor":1},{"not_picked":["animator:Yuuichirou+1","animator:Archer"],"picked":"animator:RoryMercury+1","floor":5},{"not_picked":["animator:Berserker+1","animator:Scar+1"],"picked":"animator:AcuraTooru+1","floor":6},{"not_picked":["animator:YachiyoNanami","animator:IrohaTamaki+1"],"picked":"animator:MadokaKaname","floor":7},{"not_picked":["animator:WinryRockbell","animator:LeleiLaLalena"],"picked":"animator:EmiyaShirou","floor":10},{"not_picked":["animator:OrikoMikuni","animator:Illya","animator:RoryMercury+1"],"picked":"SKIP","floor":11},{"not_picked":["animator:Pride","animator:YachiyoNanami"],"picked":"animator:SayakaMiki","floor":13},{"not_picked":["animator:Gilgamesh+1","animator:Envy"],"picked":"animator:FeridBathory","floor":16},{"not_picked":["Replay:Hysterical Blindness","StuffTheSpire:GnomedCurse"],"picked":"Writhe","floor":17},{"not_picked":["Amnesia","conspire:Blindness"],"picked":"AbeCurse","floor":17},{"not_picked":["Replay:Hysterical Blindness","animator:Curse_Dizziness"],"picked":"CommonCold","floor":17},{"not_picked":["animator:ElricEdward+1","animator:ElricAlphonse"],"picked":"animator:WinryRockbell","floor":18},{"not_picked":["animator:Alexander+1","animator:CrowleyEusford+1","animator:Assassin+1"],"picked":"SKIP","floor":20}],"player_experience":1884405,"relics_obtained":[{"floor":6,"key":"Chameleon Ring"},{"floor":9,"key":"Replay:Baseball"},{"floor":10,"key":"halation:PrussianBluePaint"},{"floor":13,"key":"Anchor"}],"event_choices":[{"damage_healed":0,"gold_gain":0,"player_choice":"Agree","damage_taken":0,"max_hp_gain":0,"max_hp_loss":0,"event_name":"conspire:LoneGhost","floor":14,"gold_loss":0}],"is_beta":false,"boss_relics":[{"not_picked":["halation:MonkeysPaw","trackpad:Trackpad"],"picked":"Replay:Ancient Bell"},{"not_picked":["trackpad:Mousetrap","ReplayTheSpireMod:TigerMarble"],"picked":"Tiny Chest"},{"not_picked":["ReplayTheSpireMod:Shallot","jedi:archwizardhat"],"picked":"The Courier"},{"not_picked":["Old Coin","animator:WizardHat"],"picked":"trackpad:HandOfMidas"}],"items_purged_floors":[12],"is_endless":false,"potions_floor_spawned":[5,7,11,20],"killed_by":"Snecko","ascension_level":20}}