{"host":"phy652c7lim9lcu2","time":1614241331,"event":{"mods":["BaseMod","Colored Powertips","Googly Eyes","Minty Spire (QoL Compilation)","Relic Stats","Spicy Shops","StSLib","everything is the same but u backflip on backflip"],"gold_per_floor":[114,130,130,145,157,157,176,4,76,38,50,50,63,102,102,102,102],"floor_reached":16,"language":"ENG","playtime":313,"items_purged":["Defend_R"],"score":187,"play_id":"529c227e-53e1-4259-ba87-09a6fe10bfaf","local_time":"20210225182211","is_ascension_mode":true,"campfire_choices":[{"data":"Whirlwind","floor":6.0,"key":"SMITH"},{"data":"Rampage","floor":15.0,"key":"SMITH"}],"circlet_count":0,"master_deck":["AscendersBane","Strike_R","Strike_R","Strike_R","Strike_R","Strike_R","Defend_R","Defend_R","Defend_R","Bash","Rampage+1","Whirlwind+1","Reaper","Shrug It Off","Reaper","Fiend Fire"],"relics":["Burning Blood","NeowsBlessing","Membership Card","White Beast Statue","Golden Idol","Thread and Needle"],"acts_visited":["Exordium"],"potions_floor_usage":[16,16],"damage_taken":[{"damage":0.0,"enemies":"Small Slimes","floor":1.0,"turns":1.0},{"damage":0.0,"enemies":"Cultist","floor":2.0,"turns":1.0},{"damage":0.0,"enemies":"Jaw Worm","floor":4.0,"turns":1.0},{"damage":18.0,"enemies":"3 Louse","floor":5.0,"turns":3.0},{"damage":16.0,"enemies":"Lots of Slimes","floor":7.0,"turns":3.0},{"damage":0.0,"enemies":"Exordium Wildlife","floor":11.0,"turns":2.0},{"damage":0.0,"enemies":"3 Louse","floor":13.0,"turns":1.0},{"damage":40.0,"enemies":"3 Sentries","floor":14.0,"turns":6.0},{"damage":43,"enemies":"Hexaghost","floor":16,"turns":12}],"seed_played":"-7475151068343409793","potions_obtained":[{"floor":2.0,"key":"Ancient Potion"},{"floor":3.0,"key":"PowerPotion"}],"is_trial":false,"path_per_floor":["M","M","?","M","M","R","M","$","T","$","M","?","M","E","R","B"],"character_chosen":"IRONCLAD","items_purchased":["Membership Card"],"campfire_rested":0,"item_purchase_floors":[8],"current_hp_per_floor":[74,75,75,75,73,73,63,63,63,63,69,43,49,35,35,0,0],"gold":102,"neow_bonus":"THREE_ENEMY_KILL","is_daily":false,"chose_seed":false,"campfire_upgraded":2,"win_rate":0.0,"timestamp":1614241331,"path_taken":["M","M","?","M","M","R","M","$","T","?","?","?","M","E","R","BOSS"],"items_purchased_type":["Relic"],"build_version":"2020-12-22","purchased_purges":1,"victory":false,"max_hp_per_floor":[75,75,75,75,75,75,75,75,75,75,75,75,75,75,75,75,75],"relic_stats":{"counters":[9,30],"Golden Idol":11,"obtain_stats":[{"NeowsBlessing":0,"Golden Idol":12,"Thread and Needle":14,"Membership Card":8,"Burning Blood":0,"White Beast Statue":9},{"NeowsBlessing":0,"Golden Idol":6,"Thread and Needle":8,"Membership Card":5,"Burning Blood":0,"White Beast Statue":5},{"NeowsBlessing":0,"Golden Idol":11,"Thread and Needle":18,"Membership Card":9,"Burning Blood":0,"White Beast Statue":9}],"Burning Blood":37},"card_choices":[{"not_picked":["Anger","Warcry"],"picked":"Rampage","floor":1.0},{"not_picked":["Pummel","Flex"],"picked":"Whirlwind","floor":2.0},{"not_picked":["Wild Strike","Iron Wave"],"picked":"Reaper","floor":4.0},{"not_picked":["Rupture","Fire Breathing"],"picked":"Shrug It Off","floor":5.0},{"not_picked":["Pommel Strike","Impervious","Sword Boomerang"],"picked":"SKIP","floor":7.0},{"not_picked":["Shockwave","Sword Boomerang","Perfected Strike"],"picked":"SKIP","floor":11.0},{"not_picked":["Iron Wave","Uppercut"],"picked":"Reaper","floor":13.0},{"not_picked":["Blood for Blood","Thunderclap"],"picked":"Fiend Fire","floor":14.0}],"player_experience":363671,"relics_obtained":[{"floor":9.0,"key":"White Beast Statue"},{"floor":14.0,"key":"Thread and Needle"}],"event_choices":[{"damage_healed":0.0,"max_hp_gain":0.0,"max_hp_loss":0.0,"gold_gain":0.0,"event_name":"Lab","player_choice":"Got Potions","floor":3.0,"gold_loss":0.0,"damage_taken":0.0},{"damage_healed":0.0,"max_hp_gain":0.0,"max_hp_loss":0.0,"gold_gain":0.0,"event_name":"Golden Idol","player_choice":"Take Damage","floor":12.0,"gold_loss":0.0,"damage_taken":26.0,"relics_obtained":["Golden Idol"]}],"is_beta":false,"boss_relics":[],"items_purged_floors":[10],"is_endless":false,"potions_floor_spawned":[2,5,11,13,14],"killed_by":"Hexaghost","ascension_level":16}}