{"host":"t75twhtg6c476ygg","time":1614272304,"event":{"mods":["AchievementEnabler","BaseMod","Colored Powertips","Minty Spire (QoL Compilation)","Quick Restart","Relic Stats","StSLib","SuperFastMode"],"gold_per_floor":[114,129,304,304,254,292,67,67,67,67,105,124,143,162,162,287,287,306,306,325,325,344,344,443,443,443,481,500,270,270,270,270,395,395,414,514,533,533,561,561,599,295,295,332,379,379,712,736,736,745,745,745,357,396,396],"floor_reached":56,"language":"ENG","playtime":1743,"items_purged":[],"score":1533,"play_id":"f075107e-304a-45d3-b84f-8701bfdbf9b4","local_time":"20210225165824","daily_mods":["Insanity","Colorless Cards","Night Terrors"],"is_ascension_mode":false,"campfire_choices":[{"data":"1","floor":8.0,"key":"LIFT"},{"data":"2","floor":10.0,"key":"LIFT"},{"data":"3","floor":15.0,"key":"LIFT"},{"data":"Loop","floor":23.0,"key":"SMITH"},{"data":"Creative AI","floor":25.0,"key":"SMITH"},{"data":"Beam Cell","floor":30.0,"key":"SMITH"},{"data":"Hologram","floor":32.0,"key":"SMITH"},{"data":"Doom and Gloom","floor":40.0,"key":"SMITH"},{"data":"Streamline","floor":46,"key":"SMITH"},{"data":"Trip","floor":49,"key":"SMITH"},{"data":"Mind Blast","floor":52,"key":"SMITH"}],"circlet_count":0,"master_deck":["Streamline+1","Hologram+1","Ball Lightning","Leap","Gash","Barrage","Hello World","Blizzard","Undo","Turbo","Undo","Bandage Up","Streamline","BootSequence","Glacier","Stack","Gash","Ball Lightning","Turbo","Gash","Turbo","Beam Cell+1","Trip+1","Redo","Jack Of All Trades","Ball Lightning","Coolheaded","Hologram","Leap","Doom and Gloom+1","Hologram","Coolheaded","Ball Lightning","Rebound","Self Repair","Streamline","Skim","Loop+1","Blizzard","Mind Blast+1","Barrage","Beam Cell","Rebound","Streamline","Static Discharge","FTL","Scrape","Loop","Streamline","Undo","Gash","Coolheaded","Creative AI+1","Streamline+1","FTL","Cold Snap","Streamline","Go for the Eyes+1","Undo","All For One","Ball Lightning","Sweeping Beam+1","Fission+1","Parasite","Conserve Battery+1","Turbo","Barrage","Fission+1","Mind Blast+1","Amplify","Swift Strike","Chill+1"],"relics":["Cracked Core","Girya","Membership Card","Bronze Scales","Pantograph","MealTicket","Busted Crown","Mummified Hand","MutagenicStrength","Bottled Flame","Centennial Puzzle","CeramicFish","Ornamental Fan","Orrery","Nuclear Battery","Oddly Smooth Stone","MawBank","Mercury Hourglass","Sundial","Runic Capacitor","TungstenRod","Bottled Lightning","DollysMirror","Lantern","Orichalcum","Vajra","Lizard Tail"],"acts_visited":["Exordium","TheCity","TheBeyond","TheEnding"],"potions_floor_usage":[50,50,55,55],"damage_taken":[{"damage":0.0,"enemies":"2 Louse","floor":1.0,"turns":2.0},{"damage":0.0,"enemies":"Small Slimes","floor":2.0,"turns":1.0},{"damage":9.0,"enemies":"3 Sentries","floor":6.0,"turns":5.0},{"damage":0.0,"enemies":"Lagavulin","floor":11.0,"turns":4.0},{"damage":0.0,"enemies":"Jaw Worm","floor":12.0,"turns":1.0},{"damage":0.0,"enemies":"Large Slime","floor":13.0,"turns":1.0},{"damage":0.0,"enemies":"2 Fungi Beasts","floor":14.0,"turns":2.0},{"damage":17.0,"enemies":"Hexaghost","floor":16.0,"turns":4.0},{"damage":0.0,"enemies":"Chosen","floor":18.0,"turns":2.0},{"damage":0.0,"enemies":"2 Thieves","floor":20.0,"turns":2.0},{"damage":0.0,"enemies":"Sentry and Sphere","floor":22.0,"turns":3.0},{"damage":3.0,"enemies":"Gremlin Leader","floor":27.0,"turns":2.0},{"damage":0.0,"enemies":"Shelled Parasite and Fungi","floor":28.0,"turns":2.0},{"damage":9.0,"enemies":"Automaton","floor":33.0,"turns":6.0},{"damage":14.0,"enemies":"3 Darklings","floor":35.0,"turns":3.0},{"damage":0.0,"enemies":"3 Shapes","floor":37.0,"turns":2.0},{"damage":26.0,"enemies":"Jaw Worm Horde","floor":39.0,"turns":3.0},{"damage":3.0,"enemies":"Reptomancer","floor":41.0,"turns":2.0},{"damage":0.0,"enemies":"Writhing Mass","floor":44.0,"turns":2.0},{"damage":4.0,"enemies":"Giant Head","floor":45.0,"turns":3.0},{"damage":0,"enemies":"4 Shapes","floor":48,"turns":2},{"damage":18,"enemies":"Donu and Deca","floor":50,"turns":5},{"damage":0,"enemies":"Shield and Spear","floor":54,"turns":2},{"damage":69,"enemies":"The Heart","floor":55,"turns":5}],"seed_played":"3523290589944034342","potions_obtained":[{"floor":2.0,"key":"LiquidBronze"},{"floor":6.0,"key":"Block Potion"},{"floor":11.0,"key":"DuplicationPotion"},{"floor":18.0,"key":"LiquidMemories"},{"floor":39.0,"key":"SteroidPotion"}],"is_trial":false,"path_per_floor":["M","M","?","?","?","E","$","R","T","R","E","M","M","M","R","B",null,"M","?","M","?","M","R","?","R","T","E","M","$","R","?","R","B",null,"M","?","M","?","M","R","E","$","T","M","E","R","?","M","R","B",null,"R","$","E","B",null],"character_chosen":"DEFECT","items_purchased":["Membership Card","Bronze Scales","CeramicFish","Ornamental Fan","Orrery","Mercury Hourglass","Sundial","Runic Capacitor","DollysMirror","Lantern","Orichalcum","DistilledChaos","Dexterity Potion","Amplify","Swift Strike"],"campfire_rested":0,"item_purchase_floors":[7,7,29,29,29,42,42,42,53,53,53,53,53,53,53],"current_hp_per_floor":[75,75,75,57,57,48,48,48,48,48,59,59,59,59,59,62,75,75,75,75,75,75,75,75,75,75,72,72,75,75,75,75,75,75,61,61,61,61,39,39,36,51,51,51,51,51,51,51,51,64,75,75,75,75,6],"gold":396,"neow_bonus":"","is_daily":true,"chose_seed":false,"campfire_upgraded":8,"win_rate":0.0,"timestamp":1614272304,"path_taken":["M","M","?","?","?","E","?","R","T","R","E","M","M","M","R","BOSS","M","?","M","?","M","R","?","R","T","E","M","?","R","?","R","BOSS","M","?","?","?","M","R","E","$","T","?","E","R","?","M","R","BOSS","R","$","E","BOSS"],"items_purchased_type":["Relic","Relic","Relic","Relic","Relic","Relic","Relic","Relic","Relic","Relic","Relic","Potion","Potion","Card","Card"],"build_version":"2020-12-22","purchased_purges":0,"victory":true,"max_hp_per_floor":[75,75,75,75,75,75,75,75,75,75,75,75,75,75,75,75,75,75,75,75,75,75,75,75,75,75,75,75,75,75,75,75,75,75,75,75,75,75,75,75,75,75,75,75,75,75,75,75,75,75,75,75,75,75,75],"relic_stats":{"counters":[24,66],"CeramicFish":144,"Orichalcum":[6],"MawBank":12,"Mercury Hourglass":[72],"Centennial Puzzle":[21],"Lizard Tail":0,"Busted Crown":40,"Mummified Hand":[29],"Ornamental Fan":[112],"Sundial":[0],"Bronze Scales":[163],"Pantograph":40,"MealTicket":18,"obtain_stats":[{"Lantern":53,"CeramicFish":29,"Vajra":54,"Runic Capacitor":42,"Centennial Puzzle":27,"Lizard Tail":55,"Mummified Hand":17,"Sundial":42,"DollysMirror":53,"Pantograph":9,"MealTicket":11,"Cracked Core":0,"Girya":6,"Golden Idol":4,"Oddly Smooth Stone":38,"Orichalcum":53,"MawBank":41,"Nuclear Battery":34,"Mercury Hourglass":42,"Bottled Flame":26,"Busted Crown":17,"Ornamental Fan":29,"Bronze Scales":7,"MutagenicStrength":21,"Orrery":29,"Membership Card":7,"Bottled Lightning":45,"TungstenRod":43},{"Lantern":22,"CeramicFish":13,"Vajra":23,"Runic Capacitor":18,"Centennial Puzzle":12,"Lizard Tail":24,"Mummified Hand":8,"Sundial":18,"DollysMirror":22,"Pantograph":3,"MealTicket":4,"Cracked Core":0,"Girya":3,"Golden Idol":2,"Oddly Smooth Stone":16,"Orichalcum":22,"MawBank":18,"Nuclear Battery":14,"Mercury Hourglass":18,"Bottled Flame":11,"Busted Crown":8,"Ornamental Fan":13,"Bronze Scales":3,"MutagenicStrength":10,"Orrery":13,"Membership Card":3,"Bottled Lightning":20,"TungstenRod":18},{"Lantern":59,"CeramicFish":31,"Vajra":61,"Runic Capacitor":47,"Centennial Puzzle":29,"Lizard Tail":64,"Mummified Hand":20,"Sundial":47,"DollysMirror":59,"Pantograph":8,"MealTicket":12,"Cracked Core":0,"Girya":8,"Golden Idol":3,"Oddly Smooth Stone":42,"Orichalcum":59,"MawBank":47,"Nuclear Battery":37,"Mercury Hourglass":47,"Bottled Flame":27,"Busted Crown":20,"Ornamental Fan":31,"Bronze Scales":8,"MutagenicStrength":24,"Orrery":31,"Membership Card":8,"Bottled Lightning":52,"TungstenRod":47}],"TungstenRod":12},"card_choices":[{"not_picked":["Redo","Conserve Battery"],"picked":"Undo","floor":1.0},{"not_picked":["Barrage","Hologram"],"picked":"Gash","floor":2.0},{"not_picked":["Beam Cell","Recycle"],"picked":"Coolheaded","floor":6.0},{"not_picked":["Hello World","Stack","Compile Driver"],"picked":"SKIP","floor":11.0},{"not_picked":["Redo","Go for the Eyes","Steam"],"picked":"SKIP","floor":12.0},{"not_picked":["Multi-Cast","Loop","Force Field"],"picked":"SKIP","floor":13.0},{"not_picked":["Streamline","Coolheaded","Barrage"],"picked":"SKIP","floor":14.0},{"not_picked":["Violence","Mayhem"],"picked":"Creative AI","floor":16.0},{"not_picked":[],"picked":"Streamline+1","floor":18.0},{"not_picked":["Steam+1"],"picked":"SKIP","floor":20.0},{"not_picked":[],"picked":"FTL","floor":22.0},{"not_picked":["BootSequence"],"picked":"SKIP","floor":27.0},{"not_picked":[],"picked":"Cold Snap","floor":28.0},{"not_picked":[],"picked":"Streamline","floor":29.0},{"not_picked":[],"picked":"Go for the Eyes+1","floor":29.0},{"not_picked":[],"picked":"Undo","floor":29.0},{"not_picked":[],"picked":"All For One","floor":29.0},{"not_picked":[],"picked":"Ball Lightning","floor":29.0},{"not_picked":["Redo"],"picked":"SKIP","floor":35.0},{"not_picked":["Barrage"],"picked":"SKIP","floor":37.0},{"not_picked":[],"picked":"Sweeping Beam+1","floor":39.0},{"not_picked":["Jack Of All Trades+1"],"picked":"SKIP","floor":41.0},{"not_picked":[],"picked":"Conserve Battery+1","floor":44.0},{"not_picked":[],"picked":"Turbo","floor":45},{"not_picked":[],"picked":"Barrage","floor":48},{"not_picked":[],"picked":"Chill+1","floor":54}],"player_experience":474248,"relics_obtained":[{"floor":6.0,"key":"Girya"},{"floor":9.0,"key":"Pantograph"},{"floor":11.0,"key":"MealTicket"},{"floor":26.0,"key":"Bottled Flame"},{"floor":27.0,"key":"Centennial Puzzle"},{"floor":41.0,"key":"MawBank"},{"floor":43.0,"key":"TungstenRod"},{"floor":45,"key":"Bottled Lightning"},{"floor":54,"key":"Vajra"}],"event_choices":[{"damage_healed":0.0,"max_hp_gain":0.0,"max_hp_loss":0.0,"gold_gain":175.0,"event_name":"Liars Game","player_choice":"AGREE","floor":3.0,"gold_loss":0.0,"damage_taken":0.0,"cards_obtained":["Doubt"]},{"damage_healed":0.0,"max_hp_gain":0.0,"max_hp_loss":0.0,"gold_gain":0.0,"event_name":"Golden Idol","player_choice":"Take Damage","floor":4.0,"gold_loss":0.0,"damage_taken":18.0,"relics_obtained":["Golden Idol"]},{"cards_removed":["Doubt"],"damage_healed":0.0,"max_hp_gain":0.0,"max_hp_loss":0.0,"gold_gain":0.0,"event_name":"The Cleric","player_choice":"Card Removal","floor":5.0,"gold_loss":50.0,"damage_taken":0.0},{"damage_healed":0.0,"max_hp_gain":0.0,"max_hp_loss":0.0,"gold_gain":0.0,"event_name":"Ghosts","player_choice":"Ignored","floor":19.0,"gold_loss":0.0,"damage_taken":0.0},{"damage_healed":0.0,"max_hp_gain":0.0,"max_hp_loss":0.0,"gold_gain":0.0,"event_name":"Drug Dealer","player_choice":"Inject Mutagens","floor":21.0,"gold_loss":0.0,"damage_taken":0.0,"relics_obtained":["MutagenicStrength"]},{"damage_healed":0.0,"max_hp_gain":0.0,"max_hp_loss":0.0,"gold_gain":99.0,"event_name":"Nest","player_choice":"Stole From Cult","floor":24.0,"gold_loss":0.0,"damage_taken":0.0},{"cards_removed":["Redo"],"damage_healed":0.0,"max_hp_gain":0.0,"max_hp_loss":0.0,"gold_gain":0.0,"event_name":"Back to Basics","player_choice":"Elegance","floor":31.0,"gold_loss":0.0,"damage_taken":0.0},{"damage_healed":0.0,"max_hp_gain":0.0,"max_hp_loss":0.0,"gold_gain":100.0,"event_name":"Golden Shrine","player_choice":"Pray","floor":36.0,"gold_loss":0.0,"damage_taken":0.0},{"damage_healed":0.0,"max_hp_gain":0.0,"max_hp_loss":0.0,"gold_gain":0.0,"event_name":"WeMeetAgain","player_choice":"Gave Potion","floor":38.0,"gold_loss":0.0,"damage_taken":0.0,"relics_obtained":["Oddly Smooth Stone"]},{"damage_healed":0,"gold_gain":333,"player_choice":"Gave Idol","damage_taken":0,"max_hp_gain":0,"max_hp_loss":0,"event_name":"The Moai Head","floor":47,"relics_lost":["Golden Idol"],"gold_loss":0}],"is_beta":false,"boss_relics":[{"not_picked":["Tiny House","Calling Bell"],"picked":"Busted Crown"},{"not_picked":["Runic Pyramid","Astrolabe"],"picked":"Nuclear Battery"}],"items_purged_floors":[],"is_endless":false,"potions_floor_spawned":[2,6,11,14,18,22,33,39,41],"ascension_level":0}}