{"host":"6r762osam2bvfm66","time":1614258933,"event":{"mods":["AchievementEnabler","BaseMod","Colored Map","Highlight Path","Minty Spire (QoL Compilation)","Relic Stats","ojb\u0027s Info Mod"],"gold_per_floor":[113,129,139,150,8,8,51,51,75,84,84,427,452,452,452,452,452],"floor_reached":16,"language":"ENG","playtime":655,"items_purged":["Strike_B"],"score":149,"play_id":"03e45feb-3681-4719-a4fe-c97df644337a","local_time":"20210225071533","is_ascension_mode":true,"campfire_choices":[{"data":"Tempest","floor":6,"key":"SMITH"},{"data":"Reinforced Body","floor":8,"key":"SMITH"},{"data":"Zap","floor":11,"key":"SMITH"},{"data":"Dualcast","floor":15,"key":"SMITH"}],"circlet_count":0,"master_deck":["Strike_B","Strike_B","Defend_B","Defend_B","Defend_B","Defend_B","Zap+1","Dualcast+1","Hologram","Tempest+1","Hologram","Rip and Tear","Reinforced Body+1","Echo Form","Regret","All For One","Conserve Battery"],"relics":["Cracked Core","CeramicFish","MealTicket","Tiny Chest","Old Coin"],"acts_visited":["Exordium"],"potions_floor_usage":[12,16],"damage_taken":[{"damage":0,"enemies":"2 Louse","floor":1,"turns":2},{"damage":3,"enemies":"Jaw Worm","floor":2,"turns":4},{"damage":1,"enemies":"Cultist","floor":3,"turns":3},{"damage":8,"enemies":"2 Fungi Beasts","floor":4,"turns":4},{"damage":25,"enemies":"3 Sentries","floor":7,"turns":6},{"damage":10,"enemies":"Gremlin Nob","floor":12,"turns":3},{"damage":2,"enemies":"Blue Slaver","floor":13,"turns":3},{"damage":26,"enemies":"The Guardian","floor":16,"turns":7}],"seed_played":"-2921410518735644451","potions_obtained":[{"floor":2,"key":"SpeedPotion"},{"floor":3,"key":"FearPotion"},{"floor":4,"key":"Dexterity Potion"},{"floor":13,"key":"LiquidMemories"}],"is_trial":false,"path_per_floor":["M","M","M","M","$","R","E","R","T","?","R","E","M","?","R","B"],"character_chosen":"DEFECT","items_purchased":["Reinforced Body"],"campfire_rested":0,"item_purchase_floors":[5],"current_hp_per_floor":[75,72,71,63,63,63,38,38,38,38,38,28,26,26,26,0,0],"gold":452,"neow_bonus":"TEN_PERCENT_HP_BONUS","is_daily":false,"chose_seed":false,"campfire_upgraded":4,"win_rate":0.0,"timestamp":1614258933,"path_taken":["M","M","M","M","$","R","E","R","T","?","R","E","M","?","R","BOSS"],"items_purchased_type":["Card"],"build_version":"2020-12-22","purchased_purges":1,"victory":false,"max_hp_per_floor":[82,82,82,82,82,82,82,82,82,82,82,82,82,82,82,82,82],"relic_stats":{"counters":[8,32],"CeramicFish":36,"MealTicket":0,"Tiny Chest":0,"obtain_stats":[{"CeramicFish":7,"MealTicket":9,"Tiny Chest":10,"Cracked Core":0,"Old Coin":12},{"CeramicFish":5,"MealTicket":5,"Tiny Chest":5,"Cracked Core":0,"Old Coin":6},{"CeramicFish":19,"MealTicket":19,"Tiny Chest":19,"Cracked Core":0,"Old Coin":22}]},"card_choices":[{"not_picked":["Turbo","Gash"],"picked":"Hologram","floor":1},{"not_picked":["Beam Cell","Turbo"],"picked":"Tempest","floor":2},{"not_picked":["Steam","Hello World"],"picked":"Hologram","floor":3},{"not_picked":["Beam Cell","Hologram"],"picked":"Rip and Tear","floor":4},{"not_picked":["Cold Snap","Tempest"],"picked":"Echo Form","floor":7},{"not_picked":["Consume","Heatsinks"],"picked":"All For One","floor":12},{"not_picked":["Cold Snap","Sweeping Beam"],"picked":"Conserve Battery","floor":13}],"player_experience":141169,"relics_obtained":[{"floor":7,"key":"CeramicFish"},{"floor":9,"key":"MealTicket"},{"floor":12,"key":"Old Coin"}],"event_choices":[{"damage_healed":0,"gold_gain":0,"player_choice":"Box","damage_taken":0,"relics_obtained":["Tiny Chest"],"max_hp_gain":0,"max_hp_loss":0,"event_name":"Big Fish","floor":10,"gold_loss":0,"cards_obtained":["Regret"]},{"cards_removed":["Strike_B"],"damage_healed":0,"gold_gain":0,"player_choice":"Purged","damage_taken":0,"max_hp_gain":0,"max_hp_loss":0,"event_name":"Purifier","floor":14,"gold_loss":0}],"is_beta":false,"boss_relics":[],"items_purged_floors":[5],"is_endless":false,"potions_floor_spawned":[2,3,4,13],"killed_by":"The Guardian","ascension_level":7}}