{"host":"njb27ds59h4j3ikk","time":1614282791,"event":{"mods":["BaseMod","Better Altar","Better Match","Better Note","Better Sensory Stone","Better Skull","Better Third Choice","BetterRewards","Downfall","Hermit","Hubris","Minty Spire (QoL Compilation)","Permanent Neow","Quarter Circle Forward PUNCH!","Quick Restart","Rare Cards Sparkle","Replay The Spire","Shop Mod","StSLib","Trackpad","Transform Curses"],"gold_per_floor":[110,285,285,285,285,285,285,298,298,298,353,384,398,398,439,519,519,638,638,659,659,678,115,140,175,200,235,235,235,258,293,293,293,293,414,414,439,453,453,466,485,526,278,312,361,62,77,0,13,57,57,57,57,57,57,97,97],"floor_reached":58,"language":"ENG","playtime":5002,"items_purged":[],"score":2326,"play_id":"ac3323df-17db-450e-8557-0b5006eedbd3","local_time":"20210225145311","is_ascension_mode":true,"campfire_choices":[{"data":"hermit:Maintenance","floor":9.0,"key":"SMITH"},{"data":"hermit:WideOpen","floor":9.0,"key":"SMITH"},{"floor":17.0,"key":"RECALL"},{"data":"hermit:Midnight","floor":51,"key":"SMITH"},{"data":"hermit:Dissolve","floor":51,"key":"SMITH"},{"data":"hermit:Shortfuse","floor":54,"key":"SMITH"},{"data":"hermit:OverwhelmingPower","floor":54,"key":"SMITH"}],"circlet_count":0,"master_deck":["hermit:Strike_Hermit","hermit:Strike_Hermit","hermit:Strike_Hermit","hermit:Strike_Hermit","hermit:Defend_Hermit","hermit:Defend_Hermit","hermit:Defend_Hermit","hermit:Snapshot","hermit:Covet","hermit:Dive","hermit:Determination+1","hermit:Shortfuse+1","hermit:WideOpen+1","Doubt","Injury","Regret","hermit:Maintenance+1","Apotheosis+1","hermit:Grudge","hermit:Horror+1","hermit:Dissolve+1","hermit:HeroicBravado","hermit:Coalescence+1","hermit:Desperado","hermit:Headshot+1","Panacea","hermit:Misfire","hermit:Snipe","hermit:TakeAim+1","hermit:Midnight+1","hermit:Vantage+1","hermit:GoldenBullet","hermit:RoundhouseKick","hermit:Grudge+1","hermit:CalledShot+1","Parasite","hermit:BlackWind","hermit:ItchyTrigger+1","hermit:BigShot+1","hermit:FinalCanter","Shame","hermit:Feint+1","hermit:OverwhelmingPower+1","hermit:FlashPowder+1"],"relics":["hermit:Momento","Bird Faced Urn","Replay:Accelerometer","Golden Idol","Replay:Arrowhead","Ancient Tea Set","Guardian:GemstoneGun","hubris:Icosahedron","Durian","Bottled Lightning","qcfpunch:Dark_Gi","ReplayTheSpireMod:Ninjato","trackpad:PetRock","Darkstone Periapt","Gremlin Horn","Bag of Marbles","Replay:Mystery Machine","MutagenicStrength","Replay:Grab Bag","bronze:MakeshiftBattery","Cursed Key","Black Star","Oddly Smooth Stone","Pet Ghost","hubris:CrystalStatue","hubris:SlimyHat","hubris:DeckOfHolding","Ice Cream","Red Mask","hubris:MedicalManual","StoneCalendar","Mirror","trackpad:CultistFigurine"],"acts_visited":["Exordium","TheCity","TheBeyond","TheEnding"],"potions_floor_usage":[57,57],"damage_taken":[{"damage":2.0,"enemies":"Small Slimes","floor":1.0,"turns":3.0},{"damage":6.0,"enemies":"Jaw Worm","floor":8.0,"turns":3.0},{"damage":62.0,"enemies":"Gremlin Nob","floor":12.0,"turns":6.0},{"damage":0.0,"enemies":"2 Louse","floor":13.0,"turns":1.0},{"damage":1.0,"enemies":"Replay:BlueRogue","floor":15.0,"turns":4.0},{"damage":0.0,"enemies":"Fading Forest","floor":18.0,"turns":12.0},{"damage":0.0,"enemies":"Spheric Guardian","floor":20.0,"turns":3.0},{"damage":5.0,"enemies":"2 Thieves","floor":22.0,"turns":2.0},{"damage":21.0,"enemies":"Shelled Parasite and Fungi","floor":24.0,"turns":3.0},{"damage":0.0,"enemies":"Slavers","floor":25.0,"turns":2.0},{"damage":1.0,"enemies":"Snake Plant","floor":26.0,"turns":3.0},{"damage":0,"enemies":"Gremlin Leader","floor":27,"turns":4},{"damage":0,"enemies":"Centurion and Healer","floor":30,"turns":2},{"damage":13,"enemies":"Book of Stabbing","floor":31,"turns":4},{"damage":2,"enemies":"Pondfish","floor":35,"turns":5},{"damage":0,"enemies":"3 Shapes","floor":37,"turns":3},{"damage":0,"enemies":"3 Darklings","floor":38,"turns":1},{"damage":0,"enemies":"Writhing Mass","floor":40,"turns":2},{"damage":0,"enemies":"Maw","floor":41,"turns":3},{"damage":0,"enemies":"R_Hoarder","floor":42,"turns":5},{"damage":0,"enemies":"Giant Head","floor":44,"turns":3},{"damage":0,"enemies":"4 Shapes","floor":47,"turns":1},{"damage":0,"enemies":"Transient","floor":49,"turns":5},{"damage":0,"enemies":"Nemesis","floor":50,"turns":3},{"damage":2,"enemies":"hubris:GrandSnecko","floor":52,"turns":4},{"damage":2,"enemies":"Shield and Spear","floor":56,"turns":2},{"damage":24,"enemies":"The Heart","floor":57,"turns":5}],"seed_played":"-7095727505516756094","potions_obtained":[{"floor":12.0,"key":"SkillPotion"},{"floor":13.0,"key":"champ:CounterPotion"},{"floor":20.0,"key":"bronze:BurnAndBuffPotion"},{"floor":21.0,"key":"FairyPotion"},{"floor":21.0,"key":"champ:CounterPotion"},{"floor":21.0,"key":"Flashbang"},{"floor":56,"key":"PowerPotion"}],"is_trial":false,"path_per_floor":["M","?","T","?","PTL","PTL","?","M","R","?","T","E","M","?","E","T","R","B",null,"M","?","M","$","M","E","M","E","T","?","M","E","?","?","R","B",null,"M","M","?","M","M","E","$","E","T","$","M","?","M","E","R","B",null,"R","$","E","B",null],"character_chosen":"HERMIT","items_purchased":["hermit:Dive","hermit:Determination","hermit:Shortfuse","ReplayTheSpireMod:Ninjato","hermit:Headshot+1","trackpad:PetRock","Panacea","hubris:CrystalStatue","Ice Cream"],"campfire_rested":0,"item_purchase_floors":[0,0,0,23,23,23,23,43,46],"current_hp_per_floor":[73,73,73,73,73,73,73,69,69,69,69,9,9,9,15,15,15,27,52,52,52,47,47,28,28,29,31,31,31,33,22,22,22,37,39,52,52,52,52,58,58,58,58,58,64,64,64,64,64,64,64,64,64,64,64,64,46],"gold":97,"neow_bonus":"","is_daily":false,"chose_seed":false,"campfire_upgraded":6,"win_rate":0.0,"timestamp":1614282791,"path_taken":["M","?","?","?","PTL","PTL","?","M","R","?","T","E","M","?","E","?","R","BOSS","M","?","M","$","?","E","M","E","T","?","M","E","?","?","R","BOSS","M","?","?","M","M","E","$","E","T","$","M","?","M","E","R","BOSS","R","$","E","BOSS"],"items_purchased_type":["Card","Card","Card","Relic","Card","Relic","Card","Relic","Relic"],"build_version":"2020-12-22","purchased_purges":0,"victory":true,"max_hp_per_floor":[75,75,75,75,75,75,75,75,75,75,75,75,75,75,80,80,80,80,52,52,52,52,52,52,52,52,52,52,52,52,52,52,52,52,52,52,52,52,52,58,58,58,58,58,64,64,64,64,64,64,64,64,64,64,64,64,64],"card_choices":[{"not_picked":["hermit:Shortfuse","hermit:TrackingShot"],"picked":"hermit:WideOpen","floor":1.0},{"not_picked":["hermit:LowProfile","hermit:Roulette"],"picked":"hermit:Maintenance","floor":8.0},{"not_picked":["hermit:Feint","hermit:CursedWeapon"],"picked":"hermit:Grudge","floor":12.0},{"not_picked":["hermit:Headshot","hermit:Glare"],"picked":"hermit:Horror","floor":13.0},{"not_picked":["hermit:Roulette","hermit:Feint"],"picked":"hermit:Dissolve","floor":15.0},{"not_picked":["hermit:FinalCanter","hermit:Dissolve"],"picked":"hermit:HeroicBravado","floor":18.0},{"not_picked":["hermit:Desperado","hermit:ItchyTrigger"],"picked":"hermit:Coalescence+1","floor":20.0},{"not_picked":["hermit:CalledShot","hermit:TrackingShot"],"picked":"hermit:Desperado","floor":22.0},{"not_picked":["hermit:Feint","hermit:Desperado"],"picked":"hermit:Misfire","floor":24.0},{"not_picked":["hermit:Desperado","hermit:Malice"],"picked":"hermit:Snipe","floor":25.0},{"not_picked":["hermit:Showdown","hermit:Enervate"],"picked":"hermit:TakeAim+1","floor":26.0},{"not_picked":["hermit:Feint","hermit:Horror+1"],"picked":"hermit:Midnight","floor":27},{"not_picked":["hermit:LoneWolf","hermit:Roulette","hermit:Dive"],"picked":"SKIP","floor":30},{"not_picked":["hermit:ItchyTrigger","hermit:Snipe"],"picked":"hermit:GoldenBullet","floor":31},{"not_picked":["hermit:Roughhouse","hermit:DeadOrAlive"],"picked":"hermit:RoundhouseKick","floor":35},{"not_picked":["hermit:LowProfile","hermit:BodyArmor+1"],"picked":"hermit:Grudge+1","floor":37},{"not_picked":["hermit:Headshot","hermit:Vantage+1"],"picked":"hermit:CalledShot+1","floor":38},{"not_picked":["hermit:TrackingShot+1","hermit:Vantage"],"picked":"hermit:BlackWind","floor":40},{"not_picked":["hermit:ShadowCloak","hermit:Brawl+1"],"picked":"hermit:ItchyTrigger+1","floor":41},{"not_picked":["hermit:Coalescence+1","hermit:HighCaliber"],"picked":"hermit:BigShot+1","floor":42},{"not_picked":["hermit:Dive","hermit:Maintenance"],"picked":"hermit:FinalCanter","floor":44},{"not_picked":["hermit:Malice","hermit:Vantage+1","hermit:Roulette+1"],"picked":"SKIP","floor":47},{"not_picked":["hermit:BigShot+1","hermit:ItchyTrigger+1"],"picked":"hermit:Feint+1","floor":49},{"not_picked":["hermit:Ricochet","hermit:TrackingShot"],"picked":"hermit:OverwhelmingPower","floor":50},{"not_picked":["hermit:Maintenance","hermit:Dive"],"picked":"hermit:FlashPowder+1","floor":56}],"player_experience":1405812,"relics_obtained":[{"floor":3.0,"key":"Replay:Accelerometer"},{"floor":11.0,"key":"Ancient Tea Set"},{"floor":12.0,"key":"Guardian:GemstoneGun"},{"floor":15.0,"key":"Durian"},{"floor":16.0,"key":"Bottled Lightning"},{"floor":25.0,"key":"Darkstone Periapt"},{"floor":27,"key":"Gremlin Horn"},{"floor":28,"key":"Bag of Marbles"},{"floor":31,"key":"Replay:Mystery Machine"},{"floor":42,"key":"Oddly Smooth Stone"},{"floor":42,"key":"Pet Ghost"},{"floor":44,"key":"hubris:SlimyHat"},{"floor":44,"key":"hubris:DeckOfHolding"},{"floor":50,"key":"hubris:MedicalManual"},{"floor":50,"key":"StoneCalendar"},{"floor":56,"key":"Mirror"},{"floor":56,"key":"trackpad:CultistFigurine"}],"event_choices":[{"damage_healed":0.0,"max_hp_gain":0.0,"max_hp_loss":0.0,"gold_gain":175.0,"event_name":"betterThird:BetterSerpent","player_choice":"AGREE","floor":2.0,"gold_loss":0.0,"damage_taken":110.0},{"damage_healed":0.0,"max_hp_gain":0.0,"max_hp_loss":0.0,"gold_gain":0.0,"event_name":"Golden Idol","player_choice":"Take Wound","floor":4.0,"gold_loss":0.0,"damage_taken":0.0,"relics_obtained":["Golden Idol"],"cards_obtained":["Injury"]},{"damage_healed":0.0,"max_hp_gain":0.0,"max_hp_loss":0.0,"gold_gain":0.0,"event_name":"Big Fish","player_choice":"Box","floor":7.0,"gold_loss":0.0,"damage_taken":0.0,"relics_obtained":["Replay:Arrowhead"],"cards_obtained":["Regret"]},{"damage_healed":69.0,"max_hp_gain":0.0,"max_hp_loss":75.0,"gold_gain":0.0,"event_name":"betterThird:BetterShining","player_choice":"Embrace","floor":10.0,"gold_loss":0.0,"damage_taken":0.0},{"damage_healed":0.0,"max_hp_gain":0.0,"max_hp_loss":0.0,"gold_gain":0.0,"event_name":"Lab","player_choice":"Got Potions","floor":21.0,"gold_loss":0.0,"damage_taken":0.0},{"cards_removed":["hermit:Maintenance"],"damage_healed":0,"gold_gain":0,"player_choice":"Take \u0026 Give","damage_taken":0,"max_hp_gain":0,"max_hp_loss":0,"event_name":"betterNote:BetterNote","floor":29,"gold_loss":0,"cards_obtained":["hermit:Vantage"]},{"damage_healed":0,"gold_gain":0,"player_choice":"Inject Mutagens","damage_taken":0,"relics_obtained":["MutagenicStrength"],"max_hp_gain":0,"max_hp_loss":0,"event_name":"Drug Dealer","floor":32,"gold_loss":0},{"damage_healed":0,"gold_gain":0,"player_choice":"Upgraded","damage_taken":0,"max_hp_gain":0,"max_hp_loss":0,"event_name":"Upgrade Shrine","floor":33,"gold_loss":0,"cards_upgraded":["hermit:Determination"]},{"cards_removed":["hermit:Defend_Hermit"],"damage_healed":0,"gold_gain":0,"player_choice":"Removed Skill","damage_taken":0,"max_hp_gain":0,"max_hp_loss":0,"event_name":"Falling","floor":39,"gold_loss":0},{"damage_healed":0,"gold_gain":0,"player_choice":"Paid","damage_taken":0,"relics_obtained":["Red Mask"],"max_hp_gain":0,"max_hp_loss":0,"event_name":"Tomb of Lord Red Mask","floor":48,"gold_loss":77}],"is_beta":false,"boss_relics":[{"not_picked":["ReplayTheSpireMod:DimensionalGlitch","Snecko Eye"],"picked":"qcfpunch:Dark_Gi"},{"not_picked":["trackpad:Trackpad","expansioncontent:StudyCardRelic"],"picked":"Replay:Grab Bag"},{"not_picked":["ReplayTheSpireMod:Onyx Gauntlets","Busted Crown"],"picked":"bronze:MakeshiftBattery"},{"not_picked":["ChewingGum","Philosopher\u0027s Stone"],"picked":"Cursed Key"},{"not_picked":["Astrolabe","hubris:BlackHole"],"picked":"Black Star"}],"items_purged_floors":[],"is_endless":false,"potions_floor_spawned":[12,13,20,22,31,35,38,41,47,56],"ascension_level":1}}