{"host":"t5vp0whyqzs05fb6","time":1614252460,"event":{"mods":["AchievementEnabler","BaseMod","Colored Map","Minty Spire (QoL Compilation)","Rare Cards Sparkle","SuperFastMode","everything is the same but u backflip on backflip"],"gold_per_floor":[111,111,122,136,152,187,187,187,187,207,132,132,173,153,153,281,281,302,21,21,46,64,64,84,84,84,115,127,152,205,231,243,255,255],"floor_reached":33,"language":"KOR","playtime":899,"items_purged":["Strike_R"],"score":259,"play_id":"edbc0249-1764-4d23-a450-b360f310dcb8","local_time":"20210225202740","is_ascension_mode":false,"campfire_choices":[{"data":"Carnage","floor":7,"key":"SMITH"},{"data":"Pommel Strike","floor":15,"key":"SMITH"},{"data":"Corruption","floor":23,"key":"SMITH"},{"data":"Dark Embrace","floor":28,"key":"SMITH"},{"data":"Double Tap","floor":32,"key":"SMITH"}],"circlet_count":0,"master_deck":["Strike_R","Strike_R","Strike_R","Strike_R","Defend_R","Defend_R","Defend_R","Defend_R","Bash+1","Cleave","Clothesline+1","Carnage+1","Double Tap+1","Pommel Strike+1","Battle Trance+1","Corruption+1","Armaments+1","Shrug It Off+1","Dark Embrace+1","Seeing Red+1","Offering+1","Shrug It Off+1"],"relics":["Burning Blood","NeowsBlessing","Pantograph","Toxic Egg 2","Golden Idol","Matryoshka","Black Star","Meat on the Bone","MawBank","Boot","Red Mask"],"acts_visited":["Exordium","TheCity"],"potions_floor_usage":[13,21,25,29,29,31],"damage_taken":[{"damage":0,"enemies":"Cultist","floor":1,"turns":1},{"damage":0,"enemies":"Small Slimes","floor":3,"turns":1},{"damage":0,"enemies":"2 Louse","floor":4,"turns":1},{"damage":13,"enemies":"Large Slime","floor":5,"turns":6},{"damage":6,"enemies":"Gremlin Nob","floor":6,"turns":3},{"damage":6,"enemies":"Exordium Thugs","floor":10,"turns":3},{"damage":21,"enemies":"Lagavulin","floor":13,"turns":4},{"damage":15,"enemies":"Slime Boss","floor":16,"turns":7},{"damage":19,"enemies":"Spheric Guardian","floor":18,"turns":4},{"damage":24,"enemies":"2 Thieves","floor":21,"turns":5},{"damage":22,"enemies":"Centurion and Healer","floor":22,"turns":7},{"damage":31,"enemies":"3 Cultists","floor":24,"turns":7},{"damage":30,"enemies":"Shelled Parasite and Fungi","floor":27,"turns":6},{"damage":14,"enemies":"Snake Plant","floor":29,"turns":4},{"damage":22,"enemies":"Masked Bandits","floor":30,"turns":4},{"damage":10,"enemies":"Snecko","floor":31,"turns":3},{"damage":126,"enemies":"Champ","floor":33,"turns":12}],"seed_played":"-4580090246147056992","potions_obtained":[{"floor":5,"key":"Block Potion"},{"floor":6,"key":"ColorlessPotion"},{"floor":13,"key":"BloodPotion"},{"floor":14,"key":"FairyPotion"},{"floor":24,"key":"LiquidMemories"},{"floor":25,"key":"HeartOfIron"},{"floor":29,"key":"Fire Potion"}],"is_trial":false,"path_per_floor":["M","?","M","M","M","E","R","?","T","M","$","?","E","?","R","B",null,"M","$","?","M","M","R","M","?","T","M","R","M","?","M","R","B"],"character_chosen":"IRONCLAD","items_purchased":["Shrug It Off+1","Meat on the Bone"],"campfire_rested":0,"item_purchase_floors":[19,19],"current_hp_per_floor":[80,80,80,80,73,73,73,73,73,73,73,73,58,58,58,65,74,61,61,61,55,51,51,38,52,52,40,40,44,40,48,48,0,0],"gold":255,"neow_bonus":"THREE_ENEMY_KILL","is_daily":false,"chose_seed":false,"campfire_upgraded":5,"win_rate":0.0,"timestamp":1614252460,"path_taken":["M","?","M","?","M","E","R","?","T","M","?","?","E","?","R","BOSS","M","$","?","M","M","R","?","?","T","?","R","?","?","M","R","BOSS"],"items_purchased_type":["Card","Relic"],"build_version":"2020-12-22","purchased_purges":1,"victory":false,"max_hp_per_floor":[80,80,80,80,80,80,80,80,80,80,80,74,74,74,74,74,74,74,74,74,74,74,74,74,74,74,74,74,74,74,74,74,74,74],"card_choices":[{"not_picked":["Perfected Strike","Blood for Blood"],"picked":"Cleave","floor":1},{"not_picked":["True Grit","Infernal Blade"],"picked":"Clothesline","floor":3},{"not_picked":["Clothesline","Feel No Pain"],"picked":"Carnage","floor":4},{"not_picked":["Clothesline","Dark Embrace"],"picked":"Double Tap","floor":5},{"not_picked":["Perfected Strike","Body Slam","Heavy Blade"],"picked":"SKIP","floor":6},{"not_picked":["Reckless Charge","Sword Boomerang"],"picked":"Pommel Strike","floor":10},{"not_picked":["Rupture","Dropkick"],"picked":"Battle Trance+1","floor":13},{"not_picked":["Fiend Fire","Feed"],"picked":"Corruption","floor":16},{"not_picked":["Battle Trance+1","Perfected Strike+1"],"picked":"Armaments+1","floor":18},{"not_picked":["Clash","Anger","Inflame"],"picked":"SKIP","floor":21},{"not_picked":["Armaments+1","Burning Pact+1","Thunderclap"],"picked":"SKIP","floor":22},{"not_picked":["Disarm+1","True Grit+1"],"picked":"Dark Embrace","floor":24},{"not_picked":["Metallicize+1","Cleave","Sever Soul+1"],"picked":"SKIP","floor":27},{"not_picked":["Body Slam","Perfected Strike"],"picked":"Seeing Red+1","floor":29},{"not_picked":["Rage+1","Cleave"],"picked":"Offering+1","floor":30},{"not_picked":["Twin Strike","Power Through+1"],"picked":"Shrug It Off+1","floor":31}],"player_experience":242999,"relics_obtained":[{"floor":6,"key":"Pantograph"},{"floor":9,"key":"Toxic Egg 2"},{"floor":13,"key":"Matryoshka"},{"floor":26,"key":"MawBank"},{"floor":26,"key":"Boot"},{"floor":30,"key":"Red Mask"}],"event_choices":[{"damage_healed":0,"gold_gain":0,"player_choice":"Upgraded","damage_taken":0,"max_hp_gain":0,"max_hp_loss":0,"event_name":"Upgrade Shrine","floor":2,"gold_loss":0,"cards_upgraded":["Bash"]},{"damage_healed":0,"gold_gain":0,"player_choice":"Forge","damage_taken":0,"max_hp_gain":0,"max_hp_loss":0,"event_name":"Accursed Blacksmith","floor":8,"gold_loss":0,"cards_upgraded":["Clothesline"]},{"damage_healed":0,"gold_gain":0,"player_choice":"Lose Max HP","damage_taken":0,"relics_obtained":["Golden Idol"],"max_hp_gain":0,"max_hp_loss":6,"event_name":"Golden Idol","floor":12,"gold_loss":0},{"damage_healed":0,"gold_gain":0,"player_choice":"Bought 1 Potion","damage_taken":0,"max_hp_gain":0,"max_hp_loss":0,"event_name":"The Woman in Blue","floor":14,"gold_loss":0},{"damage_healed":0,"gold_gain":0,"player_choice":"Ignored","damage_taken":0,"max_hp_gain":0,"max_hp_loss":0,"event_name":"NoteForYourself","floor":20,"gold_loss":0},{"damage_healed":0,"gold_gain":0,"player_choice":"Got Potions","damage_taken":0,"max_hp_gain":0,"max_hp_loss":0,"event_name":"Lab","floor":25,"gold_loss":0},{"damage_healed":0,"gold_gain":0,"player_choice":"Fought Bandits","damage_taken":0,"max_hp_gain":0,"max_hp_loss":0,"event_name":"Masked Bandits","floor":30,"gold_loss":0}],"is_beta":false,"boss_relics":[{"not_picked":["Ectoplasm","Runic Cube"],"picked":"Black Star"}],"items_purged_floors":[11],"is_endless":false,"potions_floor_spawned":[5,6,13,24,27,29],"killed_by":"Champ","ascension_level":0}}