{"host":"or8fr2mp0k3eluj8","time":1614272129,"event":{"mods":["AchievementEnabler","BaseMod","Colored Map","DeckTracker","Keyboard Shortcuts","Minty Spire (QoL Compilation)","StSLib","SuperFastMode","everything is the same but u backflip on backflip"],"gold_per_floor":[116,116,116,41,41,69,69,97,97,113,130,130,150,169,169,266,266,282,301,301,314,326,326,326,359,427,427,427],"floor_reached":27,"language":"KOR","playtime":8991,"items_purged":["Defend_R"],"score":366,"play_id":"99048444-35dc-4996-9dc3-cb6db57e9519","local_time":"20210226015529","is_ascension_mode":true,"campfire_choices":[{"data":"Twin Strike","floor":7,"key":"SMITH"},{"data":"1","floor":12,"key":"LIFT"},{"data":"2","floor":15,"key":"LIFT"},{"data":"3","floor":23,"key":"LIFT"}],"circlet_count":0,"master_deck":["Strike_R","Strike_R","Defend_R","Defend_R","Defend_R","Bash+1","Twin Strike","Twin Strike+1","Combust","Carnage","Inflame","Headbutt","Offering","RitualDagger","Shrug It Off+1","Battle Trance+1","Warcry+1"],"relics":["Burning Blood","NeowsBlessing","Champion Belt","Mercury Hourglass","Happy Flower","Girya","Empty Cage","Kunai","Sundial"],"acts_visited":["Exordium","TheCity"],"potions_floor_usage":[16,16,16],"damage_taken":[{"damage":0,"enemies":"2 Louse","floor":1,"turns":1},{"damage":0,"enemies":"3 Sentries","floor":6,"turns":2},{"damage":0,"enemies":"Lagavulin","floor":8,"turns":1},{"damage":2,"enemies":"Jaw Worm","floor":10,"turns":2},{"damage":6,"enemies":"Small Slimes","floor":11,"turns":2},{"damage":13,"enemies":"Exordium Thugs","floor":13,"turns":2},{"damage":9,"enemies":"3 Louse","floor":14,"turns":2},{"damage":19,"enemies":"Hexaghost","floor":16,"turns":4},{"damage":11,"enemies":"Spheric Guardian","floor":18,"turns":3},{"damage":14,"enemies":"Chosen","floor":19,"turns":3},{"damage":16,"enemies":"Centurion and Healer","floor":21,"turns":3},{"damage":12,"enemies":"3 Cultists","floor":22,"turns":3},{"damage":27,"enemies":"Book of Stabbing","floor":25,"turns":3}],"seed_played":"5925664844127822880","potions_obtained":[{"floor":1,"key":"Block Potion"},{"floor":10,"key":"PowerPotion"},{"floor":11,"key":"Dexterity Potion"},{"floor":14,"key":"AttackPotion"},{"floor":16,"key":"Fire Potion"},{"floor":19,"key":"Block Potion"},{"floor":25,"key":"Strength Potion"}],"is_trial":false,"path_per_floor":["M","?","?","$","?","E","R","E","T","M","M","R","M","M","R","B",null,"M","M","?","M","M","R","?","E","T","?"],"character_chosen":"IRONCLAD","items_purchased":[],"campfire_rested":0,"item_purchase_floors":[],"current_hp_per_floor":[80,80,73,73,73,79,79,80,80,80,80,80,73,70,70,57,74,69,61,55,45,39,39,39,18,18,18,18],"gold":427,"neow_bonus":"THREE_ENEMY_KILL","is_daily":false,"chose_seed":false,"campfire_upgraded":1,"win_rate":0.0,"timestamp":1614272129,"path_taken":["M","?","?","$","?","E","R","E","T","M","?","R","M","M","R","BOSS","M","M","?","M","M","R","?","E","T","?"],"items_purchased_type":[],"build_version":"2020-12-22","purchased_purges":1,"victory":false,"max_hp_per_floor":[80,80,80,80,80,80,80,80,80,80,80,80,80,80,80,80,80,80,80,80,80,80,80,80,80,80,80,80],"card_choices":[{"not_picked":["Ghostly Armor","Second Wind"],"picked":"Twin Strike","floor":1},{"not_picked":["Rupture","Feel No Pain"],"picked":"Twin Strike","floor":6},{"not_picked":["Body Slam","Blood for Blood"],"picked":"Combust","floor":8},{"not_picked":["Havoc","Clash"],"picked":"Carnage","floor":10},{"not_picked":["Infernal Blade","Wild Strike","Body Slam"],"picked":"SKIP","floor":11},{"not_picked":["Perfected Strike","Power Through"],"picked":"Inflame","floor":13},{"not_picked":["Brutality","Clash"],"picked":"Headbutt","floor":14},{"not_picked":["Bludgeon","Berserk"],"picked":"Offering","floor":16},{"not_picked":["Bloodletting","Power Through","Sword Boomerang"],"picked":"SKIP","floor":18},{"not_picked":["Twin Strike","Burning Pact","Armaments"],"picked":"SKIP","floor":19},{"not_picked":["Pommel Strike","Clash+1"],"picked":"Shrug It Off+1","floor":21},{"not_picked":["Disarm","Sword Boomerang"],"picked":"Battle Trance+1","floor":22},{"not_picked":["Burning Pact","Combust+1"],"picked":"Warcry+1","floor":25}],"player_experience":443336,"relics_obtained":[{"floor":6,"key":"Mercury Hourglass"},{"floor":8,"key":"Happy Flower"},{"floor":9,"key":"Girya"},{"floor":25,"key":"Kunai"},{"floor":26,"key":"Sundial"}],"event_choices":[{"damage_healed":0,"gold_gain":0,"player_choice":"Grow","damage_taken":0,"max_hp_gain":0,"max_hp_loss":0,"event_name":"Living Wall","floor":2,"gold_loss":0,"cards_upgraded":["Bash"]},{"cards_removed":["Strike_R"],"damage_healed":0,"gold_gain":0,"player_choice":"Card Removal","damage_taken":7,"max_hp_gain":0,"max_hp_loss":0,"event_name":"Golden Wing","floor":3,"gold_loss":0},{"damage_healed":0,"gold_gain":0,"player_choice":"Gave Potion","damage_taken":0,"relics_obtained":["Champion Belt"],"max_hp_gain":0,"max_hp_loss":0,"event_name":"WeMeetAgain","floor":5,"gold_loss":0},{"damage_healed":0,"gold_gain":0,"player_choice":"Joined the Cult","damage_taken":6,"max_hp_gain":0,"max_hp_loss":0,"event_name":"Nest","floor":20,"gold_loss":0,"cards_obtained":["RitualDagger"]},{"damage_healed":0,"gold_gain":0,"player_choice":"Ignored","damage_taken":0,"max_hp_gain":0,"max_hp_loss":0,"event_name":"Vampires","floor":24,"gold_loss":0}],"is_beta":false,"boss_relics":[{"not_picked":["Cursed Key","Astrolabe"],"picked":"Empty Cage"}],"items_purged_floors":[4],"is_endless":false,"potions_floor_spawned":[1,10,11,14,16,19,25],"ascension_level":5}}