{"host":"e8rlfedn69rz2s07","time":1614215888,"event":{"mods":["AchievementEnabler","BaseMod","Minty Spire (QoL Compilation)","Permanent Neow","Relic Stats"],"gold_per_floor":[113,125,140,140,156,156,187,22,22,22,42,58,78,78,78,152,152,170,170,190,210,210,210],"floor_reached":22,"language":"ENG","playtime":1167,"items_purged":[],"score":480,"play_id":"1512a0cf-812e-416e-acee-e9247bef7d93","local_time":"20210225031808","is_ascension_mode":true,"campfire_choices":[{"floor":6,"key":"REST"},{"floor":10,"key":"REST"},{"floor":15,"key":"REST"}],"circlet_count":0,"master_deck":["AscendersBane","Zap","Dualcast","Cold Snap","Sweeping Beam","Defragment+1","Sunder","Creative AI","Coolheaded","Echo Form","Static Discharge","Doom and Gloom","Reboot","Steam","Streamline","Aggregate","Capacitor","Beam Cell","Hello World","Cold Snap+1"],"relics":["Snecko Eye","Anchor","Membership Card","White Beast Statue","Pandora\u0027s Box"],"acts_visited":["Exordium","TheCity"],"potions_floor_usage":[11,13,20,21],"damage_taken":[{"damage":1,"enemies":"Cultist","floor":1,"turns":4},{"damage":3,"enemies":"2 Louse","floor":2,"turns":3},{"damage":5,"enemies":"Small Slimes","floor":3,"turns":3},{"damage":38,"enemies":"Exordium Wildlife","floor":5,"turns":9},{"damage":25,"enemies":"Lagavulin","floor":7,"turns":8},{"damage":1,"enemies":"Large Slime","floor":11,"turns":5},{"damage":1,"enemies":"3 Louse","floor":12,"turns":3},{"damage":18,"enemies":"Gremlin Gang","floor":13,"turns":4},{"damage":0,"enemies":"Slime Boss","floor":16,"turns":9},{"damage":16,"enemies":"Chosen","floor":18,"turns":5},{"damage":22,"enemies":"2 Thieves","floor":20,"turns":3},{"damage":12,"enemies":"Cultist and Chosen","floor":21,"turns":5},{"damage":22,"enemies":"Sentry and Sphere","floor":22,"turns":3}],"seed_played":"1689665133431381971","potions_obtained":[{"floor":5,"key":"Swift Potion"},{"floor":7,"key":"Weak Potion"},{"floor":11,"key":"SteroidPotion"},{"floor":12,"key":"EssenceOfSteel"},{"floor":13,"key":"Ancient Potion"},{"floor":18,"key":"SkillPotion"},{"floor":20,"key":"GamblersBrew"},{"floor":21,"key":"FearPotion"}],"is_trial":false,"path_per_floor":["M","M","M","?","M","R","E","$","T","R","M","M","M","?","R","B",null,"M","?","M","M","M"],"character_chosen":"DEFECT","items_purchased":["Membership Card"],"campfire_rested":3,"item_purchase_floors":[8],"current_hp_per_floor":[63,60,55,55,17,38,13,13,13,34,33,32,14,14,35,35,62,46,46,24,12,0,0],"gold":210,"neow_bonus":"BOSS_RELIC","is_daily":false,"chose_seed":false,"campfire_upgraded":0,"win_rate":0.0,"timestamp":1614215888,"path_taken":["M","M","M","?","M","R","E","$","T","R","?","M","M","?","R","BOSS","M","?","M","M","M"],"items_purchased_type":["Relic"],"build_version":"2020-12-22","purchased_purges":0,"victory":false,"max_hp_per_floor":[71,71,71,71,71,71,71,71,71,71,71,71,71,71,71,71,71,71,71,71,71,71,71],"relic_stats":{"counters":[13,63],"Snecko Eye":[101,121,119,114],"Pandora\u0027s Box":["Static Discharge","Doom and Gloom","Thunder Strike","Reboot","Steam","Streamline","Blizzard","Aggregate"],"obtain_stats":[{"Anchor":7,"Snecko Eye":0,"Philosopher\u0027s Stone":17,"Pandora\u0027s Box":17,"Membership Card":8,"Cracked Core":0,"White Beast Statue":9},{"Anchor":5,"Snecko Eye":0,"Philosopher\u0027s Stone":9,"Pandora\u0027s Box":9,"Membership Card":5,"Cracked Core":0,"White Beast Statue":5},{"Anchor":27,"Snecko Eye":0,"Philosopher\u0027s Stone":47,"Pandora\u0027s Box":47,"Membership Card":27,"Cracked Core":0,"White Beast Statue":27}]},"card_choices":[{"not_picked":["Redo","Conserve Battery"],"picked":"Cold Snap","floor":1},{"not_picked":["Stack","Hologram"],"picked":"Sweeping Beam","floor":2},{"not_picked":["Turbo","Streamline"],"picked":"Defragment","floor":3},{"not_picked":["Turbo","Compile Driver"],"picked":"Sunder","floor":5},{"not_picked":["Stack","Scrape"],"picked":"Creative AI","floor":7},{"not_picked":["Go for the Eyes","Redo","Skim"],"picked":"SKIP","floor":11},{"not_picked":["Sweeping Beam","Turbo","Beam Cell"],"picked":"SKIP","floor":12},{"not_picked":["Gash","Hologram"],"picked":"Coolheaded","floor":13},{"not_picked":["Machine Learning","Core Surge"],"picked":"Echo Form","floor":16},{"not_picked":["Conserve Battery+1","Chaos"],"picked":"Capacitor","floor":18},{"not_picked":["BootSequence","Hologram","Turbo"],"picked":"SKIP","floor":20},{"not_picked":["Compile Driver","Aggregate"],"picked":"Cold Snap+1","floor":21}],"player_experience":1134292,"relics_obtained":[{"floor":7,"key":"Anchor"},{"floor":9,"key":"White Beast Statue"}],"event_choices":[{"damage_healed":0,"gold_gain":0,"player_choice":"Upgraded","damage_taken":0,"max_hp_gain":0,"max_hp_loss":0,"event_name":"Upgrade Shrine","floor":4,"gold_loss":0,"cards_upgraded":["Defragment"]},{"damage_healed":0,"gold_gain":0,"player_choice":"Ignored","damage_taken":0,"max_hp_gain":0,"max_hp_loss":0,"event_name":"Liars Game","floor":14,"gold_loss":0},{"damage_healed":0,"gold_gain":0,"cards_transformed":["Thunder Strike","Blizzard"],"player_choice":"Became Test Subject","damage_taken":0,"max_hp_gain":0,"max_hp_loss":0,"event_name":"Drug Dealer","floor":19,"gold_loss":0,"cards_obtained":["Beam Cell","Hello World"]}],"is_beta":false,"boss_relics":[{"not_picked":["Pandora\u0027s Box","SacredBark"],"picked":"Philosopher\u0027s Stone"}],"items_purged_floors":[],"is_endless":false,"potions_floor_spawned":[5,7,11,12,13,16,18,20,21],"killed_by":"Sentry and Sphere","ascension_level":20}}