{"host":"qp7xs8nuzfsyommi","time":1614279268,"event":{"mods":["2.2 Compatiblity","BaseMod","Colored Powertips","DeckTracker","Highlight Path","Minty Spire (QoL Compilation)","Permanent Neow","Quick Restart","StSLib","Weighted Paths"],"gold_per_floor":[363,29,29,44,56,56,91,91,91,91,118,118,158,66,66,66,66],"floor_reached":16,"language":"ENG","playtime":490,"items_purged":[],"score":216,"play_id":"fd875503-3eac-492e-89b8-5da314d69fe6","local_time":"20210225135428","is_ascension_mode":true,"campfire_choices":[{"floor":6,"key":"REST"},{"floor":8,"key":"REST"},{"data":"Sunder","floor":12,"key":"SMITH"},{"floor":15,"key":"REST"}],"circlet_count":0,"master_deck":["AscendersBane","Strike_B","Strike_B","Strike_B","Strike_B","Defend_B","Defend_B","Defend_B","Defend_B","Zap","Dualcast","Regret","Recycle","Compile Driver","Self Repair","Gash","Sunder+1","Hologram","Dark Shackles"],"relics":["Cracked Core","TungstenRod","Matryoshka","Toy Ornithopter","Pen Nib","CeramicFish","Golden Idol","Happy Flower"],"acts_visited":["Exordium"],"potions_floor_usage":[7,7],"damage_taken":[{"damage":8,"enemies":"2 Louse","floor":1,"turns":2},{"damage":13,"enemies":"Small Slimes","floor":4,"turns":4},{"damage":2,"enemies":"Jaw Worm","floor":5,"turns":3},{"damage":47,"enemies":"Lagavulin","floor":7,"turns":9},{"damage":10,"enemies":"2 Fungi Beasts","floor":11,"turns":3},{"damage":33,"enemies":"Gremlin Nob","floor":13,"turns":4},{"damage":26,"enemies":"Hexaghost","floor":16,"turns":7}],"seed_played":"7130045507154559499","potions_obtained":[{"floor":1,"key":"SpeedPotion"},{"floor":5,"key":"SkillPotion"},{"floor":7,"key":"Explosive Potion"}],"is_trial":false,"path_per_floor":["M","$","?","M","M","R","E","R","T","?","M","R","E","$","R","B"],"character_chosen":"DEFECT","items_purchased":["TungstenRod","Dark Shackles"],"campfire_rested":3,"item_purchase_floors":[2,14],"current_hp_per_floor":[56,56,52,39,37,58,18,39,39,39,36,36,10,10,29,3,3],"gold":66,"neow_bonus":"TWO_FIFTY_GOLD","is_daily":false,"chose_seed":false,"campfire_upgraded":1,"win_rate":0.0,"timestamp":1614279268,"path_taken":["M","$","?","M","M","R","E","R","T","?","M","R","E","?","R","BOSS"],"items_purchased_type":["Relic","Card"],"build_version":"2020-12-22","purchased_purges":0,"victory":false,"max_hp_per_floor":[71,71,71,71,71,71,71,71,71,64,64,64,64,64,64,64,64],"card_choices":[{"not_picked":["Leap","Redo"],"picked":"Recycle","floor":1},{"not_picked":["Steam","Stack"],"picked":"Compile Driver","floor":4},{"not_picked":["Leap","Reboot"],"picked":"Self Repair","floor":5},{"not_picked":["Conserve Battery","Stack"],"picked":"Gash","floor":7},{"not_picked":["Turbo","Rebound"],"picked":"Sunder","floor":11},{"not_picked":["Steam","Redo"],"picked":"Hologram","floor":13}],"player_experience":1529423,"relics_obtained":[{"floor":7,"key":"Toy Ornithopter"},{"floor":9,"key":"Pen Nib"},{"floor":9,"key":"CeramicFish"},{"floor":13,"key":"Happy Flower"}],"event_choices":[{"damage_healed":0,"gold_gain":0,"player_choice":"Success","damage_taken":5,"relics_obtained":["Matryoshka"],"max_hp_gain":0,"max_hp_loss":0,"event_name":"Scrap Ooze","floor":3,"gold_loss":0},{"damage_healed":0,"gold_gain":0,"player_choice":"Lose Max HP","damage_taken":0,"relics_obtained":["Golden Idol"],"max_hp_gain":0,"max_hp_loss":7,"event_name":"Golden Idol","floor":10,"gold_loss":0}],"is_beta":false,"boss_relics":[],"items_purged_floors":[],"is_endless":false,"potions_floor_spawned":[1,5,7],"killed_by":"Hexaghost","ascension_level":20}}