{"host":"wpxe4vcm7d9hc2g8","time":1614228372,"event":{"mods":["2.2 Compatiblity","Act Like it!","Aspiration","BaseMod","Better Match","Better Note","Better Sensory Stone","Better Third Choice","Better Vampires","Conspire","Custom Start","Energized Spire","GifTheSpireLib","Gremlin Mod","Hallownest","Hermit","Hubris","Infinite Spire","JesterMod","Koishi","Magitek Elite","Minty Spire (QoL Compilation)","Pale of the Ancients","Permanent Neow","Railgun Mod","Replay The Spire","Shade Mod","Shop Mod","Spicy Shops","StSLib","Stuff the Spire","Td1madao Mod","The Bug Knight","The Jungle","The Runesmith","The Servant 0.9.4","The Wild Card","TheFirefly","TheVacant","Wandering Minibosses"],"gold_per_floor":[25,58,78,28,28,28,54,54,125,125,167,202,202,245,245,377,377,402,402,402,402,423,463,509,509,535,561,615,615,680,680,680,812,812,846,901,955,955,955,955,1001,1001,1069,1127,1127,1185,1213,1253,1253,1253,1253],"floor_reached":50,"language":"ENG","playtime":6131,"items_purged":["Strike_B","Shade:FleshOffering"],"score":729,"play_id":"b1d02adf-742c-426e-8df2-b50b8d3668bd","local_time":"20210224224612","daily_mods":["Diverse","Colorless Cards"],"is_ascension_mode":false,"campfire_choices":[{"data":"conspire:SpireCoStock","floor":6.0,"key":"SMITH"},{"data":"hubris:MerchantsHand","floor":10.0,"key":"SMITH"},{"data":"TheRailgun:Mental_Out","floor":15.0,"key":"SMITH"},{"data":"Overclocking","floor":25.0,"key":"SMITH"},{"data":"Reset","floor":29.0,"key":"SMITH"},{"data":"thefirefly:QuantumTunneling","floor":40.0,"key":"SMITH"},{"data":"StuffTheSpire:Innocence","floor":42.0,"key":"SMITH"},{"data":"Gremlin:GremlinToss","floor":49.0,"key":"SMITH"}],"circlet_count":0,"master_deck":["Strike_R","Strike_G","Defend_R","Defend_B","hubris:Defend_Merchant","hubris:MerchantsHand+1","hubris:MerchantsHand","thefirefly:QuantumTunneling+1","Core Surge","conspire:SpireCoStock+1","Shade:Bite_Shade","TheRailgun:Mental_Out+1","Overclocking+1","StuffTheSpire:Innocence+1","Focus","Focus+1","Reset+1","theWildCard:Scathach","Gremlin:GremlinToss+1"],"relics":["Smiling Mask","hubris:NiceRug","Iron Hammer","StuffTheSpire:Nightcore","hubris:Stopwatch","StuffTheSpire:Experiment12","Blood Vial","infinitespire:Midas Blood","MealTicket","Shuriken","Regal Pillow","hubris:TinFlute","Frozen Egg 2"],"acts_visited":["Exordium","TheCity","TheBeyond"],"potions_floor_usage":[],"damage_taken":[{"damage":0.0,"enemies":"conspire:RoseBush","floor":1.0,"turns":4.0},{"damage":3.0,"enemies":"Small Slimes","floor":2.0,"turns":4.0},{"damage":0.0,"enemies":"Cultist","floor":3.0,"turns":3.0},{"damage":3.0,"enemies":"Red Slaver","floor":7.0,"turns":4.0},{"damage":11.0,"enemies":"Exordium Wildlife","floor":11.0,"turns":8.0},{"damage":10.0,"enemies":"Exordium Thugs","floor":12.0,"turns":6.0},{"damage":16.0,"enemies":"Lagavulin","floor":14.0,"turns":8.0},{"damage":29.0,"enemies":"The Guardian","floor":16.0,"turns":16.0},{"damage":0.0,"enemies":"Shell Parasite","floor":18.0,"turns":3.0},{"damage":0.0,"enemies":"Spheric Guardian","floor":22.0,"turns":3.0},{"damage":0.0,"enemies":"Snake Plant","floor":23.0,"turns":5.0},{"damage":0.0,"enemies":"Centurion and Healer","floor":24.0,"turns":4.0},{"damage":4.0,"enemies":"conspire:HollyBat","floor":27.0,"turns":7.0},{"damage":0.0,"enemies":"Snake Plant","floor":28.0,"turns":4.0},{"damage":0.0,"enemies":"Slavers","floor":30.0,"turns":6.0},{"damage":0.0,"enemies":"conspire:MysteriousRune","floor":33.0,"turns":16.0},{"damage":0.0,"enemies":"Orb Walker","floor":35.0,"turns":4.0},{"damage":0.0,"enemies":"3 Shapes","floor":36.0,"turns":5.0},{"damage":0.0,"enemies":"Jaw Worm Horde","floor":37.0,"turns":9.0},{"damage":0.0,"enemies":"Reptomancer","floor":41.0,"turns":10.0},{"damage":0.0,"enemies":"Giant Head","floor":44.0,"turns":12.0},{"damage":0.0,"enemies":"Nightmare","floor":46.0,"turns":8.0},{"damage":0.0,"enemies":"Writhing Mass","floor":47.0,"turns":8.0},{"damage":0.0,"enemies":"Maw","floor":48.0,"turns":7.0},{"damage":0,"enemies":"infinitespire:MassOfShapes","floor":50,"turns":1}],"seed_played":"7850372253713745842","potions_obtained":[{"floor":2.0,"key":"FearPotion"},{"floor":3.0,"key":"SkillPotion"},{"floor":7.0,"key":"SneckoOil"},{"floor":8.0,"key":"Fruit Juice"},{"floor":8.0,"key":"EntropicBrew"},{"floor":8.0,"key":"Regen Potion"},{"floor":11.0,"key":"Elixir"},{"floor":14.0,"key":"Fire Potion"},{"floor":23.0,"key":"LifebloodPotion"},{"floor":27.0,"key":"SpeedPotion"},{"floor":28.0,"key":"Elixir"},{"floor":35.0,"key":"EssenceOfSteel"},{"floor":44.0,"key":"Weak Potion"},{"floor":47.0,"key":"Energy Potion"}],"is_trial":true,"path_per_floor":["M","M","M","?","?","R","M","?","T","R","M","M","$","E","R","B",null,"M","?","AVR","$","M","M","M","R","T","M","M","R","E","?","R","B",null,"M","M","M","AVR","?","R","E","R","T","E","?","NM","M","M","R","B"],"character_chosen":"IRONCLAD","items_purchased":[],"campfire_rested":0,"item_purchase_floors":[],"current_hp_per_floor":[75,72,72,72,77,77,74,79,79,79,68,62,62,67,67,48,85,85,85,85,85,85,85,85,85,85,81,85,85,85,85,85,85,85,85,85,85,85,85,85,85,85,85,85,85,85,85,85,85,85,85],"gold":1253,"neow_bonus":"","is_daily":false,"chose_seed":false,"campfire_upgraded":8,"win_rate":0.0,"timestamp":1614228372,"path_taken":["M","M","M","?","?","R","M","?","T","R","?","M","$","E","R","BOSS","M","?","AVR","?","?","M","M","R","T","M","M","R","E","?","R","BOSS","M","M","M","AVR","?","R","E","R","T","E","?","NM","?","M","R","BOSS"],"items_purchased_type":[],"build_version":"2020-12-22","purchased_purges":2,"victory":false,"max_hp_per_floor":[75,75,75,75,80,80,80,85,85,85,85,85,85,85,85,85,85,85,85,85,85,85,85,85,85,85,85,85,85,85,85,85,85,85,85,85,85,85,85,85,85,85,85,85,85,85,85,85,85,85,85],"card_choices":[{"not_picked":["StuffTheSpire:Incantation","HollowMod:WraithStrike"],"picked":"thefirefly:QuantumTunneling","floor":1.0},{"not_picked":["Flying Knee","Stack"],"picked":"Core Surge","floor":2.0},{"not_picked":["StuffTheSpire:Incantation","Biased Cognition","Starlight"],"picked":"SKIP","floor":3.0},{"not_picked":["TheRailgun:Hypercharge","Ricochet","thefirefly:FlareScreen"],"picked":"SKIP","floor":7.0},{"not_picked":["Combust","Tools of the Trade"],"picked":"Shade:Bite_Shade","floor":11.0},{"not_picked":["Shade:LyeBath","Gremlin:ToeStub"],"picked":"TheRailgun:Mental_Out","floor":12.0},{"not_picked":["Shade:PotionOfRestlessness","StuffTheSpire:LoadUp","hermit:Manifest"],"picked":"SKIP","floor":14.0},{"not_picked":["theWildCard:Deicide","TheWorld"],"picked":"Overclocking","floor":16.0},{"not_picked":["Clothesline+1","Magnus_Hat","Concentrate"],"picked":"SKIP","floor":18.0},{"not_picked":["theVacant:VoidEmbrace","thefirefly:Ruminate"],"picked":"Focus","floor":22.0},{"not_picked":["hermit:Deadeye","MoonPhase"],"picked":"Focus+1","floor":23.0},{"not_picked":["PathToVictory","Here Defend Chip","Quick Slash"],"picked":"SKIP","floor":24.0},{"not_picked":["theVacant:Husk+1","Koishi:UnansweredLove+1","theVacant:Fortify"],"picked":"SKIP","floor":27.0},{"not_picked":["Gremlin:Encore","Defragment+1"],"picked":"Reset","floor":28.0},{"not_picked":["thefirefly:HyperFocus","Runesmith:RuneHurl","StuffTheSpire:BloodClot"],"picked":"SKIP","floor":30.0},{"not_picked":["Gaia_Gear","Glacier+1"],"picked":"theWildCard:Scathach","floor":35.0},{"not_picked":["thefirefly:Boost+1","Ball Lightning","HollowMod:SoulSplash"],"picked":"SKIP","floor":36.0},{"not_picked":["theWildCard:StingingStrike","thefirefly:Rend+1","hermit:ShadowCloak+1"],"picked":"SKIP","floor":37.0},{"not_picked":["Twin Strike","hermit:HoleUp","Koishi:MindStellarRelief"],"picked":"SKIP","floor":41.0},{"not_picked":["hermit:HoleUp+1","TheRailgun:Negative_Field+1","TheRailgun:Crackle"],"picked":"SKIP","floor":44.0},{"not_picked":["HollowMod:HeavyBlow","hermit:Manifest+1"],"picked":"Gremlin:GremlinToss","floor":46.0},{"not_picked":["Gremlin:Pretaliation+1","Swivel+1","Compile Driver+1"],"picked":"SKIP","floor":47.0},{"not_picked":["Rearm","HollowMod:VengefulVoid+1","Trip+1"],"picked":"SKIP","floor":48.0}],"player_experience":2830456,"relics_obtained":[{"floor":9.0,"key":"Iron Hammer"},{"floor":14.0,"key":"StuffTheSpire:Nightcore"},{"floor":26.0,"key":"Blood Vial"},{"floor":30.0,"key":"infinitespire:Midas Blood"},{"floor":41.0,"key":"MealTicket"},{"floor":43.0,"key":"Shuriken"},{"floor":44.0,"key":"Regal Pillow"},{"floor":46.0,"key":"Frozen Egg 2"}],"event_choices":[{"damage_healed":0.0,"max_hp_gain":0.0,"max_hp_loss":0.0,"gold_gain":0.0,"event_name":"conspire:Investor","player_choice":"Invest 1","floor":4.0,"gold_loss":0.0,"damage_taken":0.0},{"damage_healed":0.0,"max_hp_gain":5.0,"max_hp_loss":0.0,"gold_gain":0.0,"event_name":"Big Fish","player_choice":"Donut","floor":5.0,"gold_loss":0.0,"damage_taken":0.0},{"damage_healed":0.0,"max_hp_gain":0.0,"max_hp_loss":0.0,"gold_gain":0.0,"event_name":"Lab","player_choice":"Got Potions","floor":8.0,"gold_loss":0.0,"damage_taken":0.0},{"cards_removed":["TheRailgun:Mental_Out"],"damage_healed":0.0,"max_hp_gain":0.0,"max_hp_loss":0.0,"gold_gain":0.0,"event_name":"betterNote:BetterNote","player_choice":"Take \u0026 Give","floor":19.0,"gold_loss":0.0,"damage_taken":0.0,"cards_obtained":["StuffTheSpire:Innocence"]},{"cards_removed":["hubris:Strike_Merchant"],"damage_healed":0.0,"max_hp_gain":0.0,"max_hp_loss":0.0,"gold_gain":0.0,"event_name":"Falling","player_choice":"Removed Attack","floor":39.0,"gold_loss":0.0,"damage_taken":0.0},{"damage_healed":0.0,"max_hp_gain":0.0,"max_hp_loss":0.0,"gold_gain":0.0,"event_name":"WeMeetAgain","player_choice":"Gave Potion","floor":45.0,"gold_loss":0.0,"damage_taken":0.0,"relics_obtained":["hubris:TinFlute"]}],"is_beta":false,"boss_relics":[{"not_picked":["hubris:CrackedHourglass","infinitespire:Burning Sword"],"picked":"hubris:Stopwatch"},{"not_picked":["conspire:SeveredTorchhead","Honey Jar","Mark of Pain"]}],"items_purged_floors":[20,38],"is_endless":false,"potions_floor_spawned":[2,3,7,11,14,23,27,28,33,35,37,44,47],"killed_by":"infinitespire:MassOfShapes","ascension_level":0}}