{"host":"069ovbzinfpenk8v","time":1614243652,"event":{"mods":["2.2 Compatiblity","AchievementEnabler","Act Like it!","BaseMod","Colored Map","Colored Powertips","Downfall","Highlight Path","Minty Spire (QoL Compilation)","Quick Restart","Random Character Button","Rare Cards Sparkle","Relic Stats","Replay The Spire","StSLib","SuperFastMode","Transform Curses"],"gold_per_floor":[99,117,130,130,147,147,170,182,200,200,217,230,230,230,230,230],"floor_reached":14,"language":"ENG","playtime":1099,"items_purged":[],"score":84,"play_id":"5fec2820-5399-46d2-97ef-b5540bc8ec9f","local_time":"20210225030052","is_ascension_mode":false,"campfire_choices":[{"floor":13,"key":"REST"}],"circlet_count":0,"master_deck":["sneckomod:Strike","sneckomod:Strike","sneckomod:Strike","sneckomod:Defend","sneckomod:Defend","sneckomod:Defend","sneckomod:TailWhip","sneckomod:SnekBite+1","sneckomod:Unknown","sneckomod:TrashToTreasure","ReachHeaven+1","sneckomod:Nope","sneckomod:Unknown1Cost","sneckomod:SlitherStrike","sneckomod:UnknownUncommonSkill","sneckomod:Unknown2Cost","sneckomod:UnknownUncommonPower","sneckomod:DiceBlock"],"relics":["sneckomod:SneckoSoul"],"acts_visited":["Exordium"],"potions_floor_usage":[],"damage_taken":[{"damage":3.0,"enemies":"Jaw Worm","floor":2.0,"turns":3.0},{"damage":6.0,"enemies":"Cultist","floor":3.0,"turns":3.0},{"damage":1.0,"enemies":"2 Louse","floor":5.0,"turns":3.0},{"damage":1.0,"enemies":"2 Fungi Beasts","floor":8.0,"turns":3.0},{"damage":9.0,"enemies":"Red Slaver","floor":9.0,"turns":2.0},{"damage":14.0,"enemies":"Lots of Slimes","floor":11.0,"turns":4.0},{"damage":40,"enemies":"Exordium Thugs","floor":12,"turns":6},{"damage":0,"enemies":"3 Sentries","floor":14,"turns":2}],"seed_played":"-4035979918206496429","potions_obtained":[{"floor":5.0,"key":"Dexterity Potion"},{"floor":9.0,"key":"SpeedPotion"},{"floor":12,"key":"Swift Potion"}],"is_trial":false,"path_per_floor":["R_BF","M","M","?","M","?","T","M","M","?","M","M","R","E"],"character_chosen":"THE_SNECKO","items_purchased":[],"campfire_rested":1,"item_purchase_floors":[],"current_hp_per_floor":[90,87,81,81,80,80,80,79,70,70,56,16,43,43,43,43],"gold":230,"neow_bonus":"THREE_CARDS","is_daily":false,"chose_seed":false,"campfire_upgraded":0,"win_rate":0.0,"timestamp":1614243652,"path_taken":["R_BF","M","M","?","?","?","T","M","M","?","?","M","R","E"],"items_purchased_type":[],"build_version":"2020-12-22","purchased_purges":0,"victory":false,"max_hp_per_floor":[90,90,90,90,90,90,90,90,90,90,90,90,90,90,90,90],"relic_stats":{"counters":[8,26],"obtain_stats":[{"sneckomod:SneckoSoul":0},{"sneckomod:SneckoSoul":0},{"sneckomod:SneckoSoul":0}]},"card_choices":[{"not_picked":["sneckomod:SoulCleanse","sneckomod:SnakeSap"],"picked":"sneckomod:TrashToTreasure","floor":0.0},{"not_picked":["sneckomod:DiceCrush","sneckomod:SnakeSap"],"picked":"sneckomod:Nope","floor":2.0},{"not_picked":["sneckomod:Nope","sneckomod:SoulRoll"],"picked":"sneckomod:Unknown1Cost","floor":3.0},{"not_picked":["sneckomod:QuickBite","sneckomod:DiceBlock"],"picked":"sneckomod:SlitherStrike","floor":5.0},{"not_picked":["sneckomod:SoulCleanse","sneckomod:UnknownCommonSkill"],"picked":"sneckomod:UnknownUncommonSkill","floor":8.0},{"not_picked":["sneckomod:DefensiveFlair","sneckomod:DiceCrush"],"picked":"sneckomod:Unknown2Cost","floor":9.0},{"not_picked":["sneckomod:ImprovisedGuard","sneckomod:UnknownBlock"],"picked":"sneckomod:UnknownUncommonPower","floor":11.0},{"not_picked":["sneckomod:UnendingSupply","sneckomod:SoulRoll"],"picked":"sneckomod:DiceBlock","floor":12}],"player_experience":592567,"relics_obtained":[],"event_choices":[{"damage_healed":0.0,"max_hp_gain":0.0,"max_hp_loss":0.0,"gold_gain":0.0,"event_name":"Accursed Blacksmith","player_choice":"Forge","floor":4.0,"gold_loss":0.0,"damage_taken":0.0,"cards_upgraded":["ReachHeaven"]}],"is_beta":false,"boss_relics":[],"items_purged_floors":[],"is_endless":false,"potions_floor_spawned":[5,9,12],"killed_by":"3 Sentries","ascension_level":0}}