{"host":"ayh4nqhr0ddw4ozv","time":1614233744,"event":{"mods":["BaseMod","Minty Spire (QoL Compilation)","Relic Stats","Replay The Spire","Robot Space Explorer","StSLib"],"gold_per_floor":[11,25,25,35,49,77,77,87,87,115,65,65,65,65,65,142,142,154,154,177,193,204,204,218,249,249,249,282,282,302,335,335,430,430,444,486,519,568,612,653,665,716,728,740,796,843,892,938,950,984,996,1008,93,148,168],"floor_reached":56,"language":"ENG","playtime":3785,"items_purged":["Doubt","Defend_P"],"score":2379,"play_id":"9f9842d1-1fb9-4f9a-8007-f23056ac16f3","local_time":"20210224221544","is_ascension_mode":true,"campfire_choices":[{"data":"Ragnarok","floor":7.0,"key":"SMITH"},{"floor":13.0,"key":"REST"},{"data":"SandsOfTime","floor":15.0,"key":"SMITH"},{"data":"Establishment","floor":23,"key":"SMITH"},{"floor":27,"key":"REST"},{"data":"Pot Of Greed","floor":29,"key":"SMITH"},{"floor":41,"key":"RECALL"},{"floor":44,"key":"REST"},{"data":"Parasite","floor":49,"key":"PURGE"},{"data":"Ghostly","floor":52,"key":"SMITH"}],"circlet_count":0,"master_deck":["AscendersBane","Strike_P+1","Strike_P","Defend_P","Defend_P","Eruption+1","Vigilance+1","Ragnarok+1","SandsOfTime+1","Evaluate","DeusExMachina+1","Crescendo+1","ClearTheMind","SpiritShield+1","WheelKick","Establishment+1","AbeCurse","CutThroughFate","Ghostly+1","Ghostly","Ghostly","Meditate+1","Replay:ManipulateFuture+1","Pot Of Greed+1","Pot Of Greed","Pot Of Greed+1","Wireheading","Weave","Omniscience","LessonLearned+1","MentalFortress+1","Replay:Vibes+1","Ragnarok+1","TalkToTheHand+1","CrushJoints","Pot Of Greed","Vault+1","FearNoEvil","WaveOfTheHand"],"relics":["PureWater","Replay:Bottled Snecko","Replay:Rubber Ducky","Smiling Mask","Replay:Ringing Soul","FaceOfCleric","Abe\u0027s Treasure","Whetstone","Grinning Jar","Replay:Multitool","Incense Burner","Replay:Bandana","Astrolabe","MawBank","HornCleat","Guide Book","InkBottle","Sundial","Replay:Mystery Machine"],"acts_visited":["Exordium","TheCity","TheBeyond","TheEnding"],"potions_floor_usage":[25,39,45,50,53,55],"damage_taken":[{"damage":12.0,"enemies":"Jaw Worm","floor":1.0,"turns":4.0},{"damage":0.0,"enemies":"Cultist","floor":2.0,"turns":2.0},{"damage":1.0,"enemies":"2 Louse","floor":4.0,"turns":2.0},{"damage":1.0,"enemies":"Looter","floor":5.0,"turns":3.0},{"damage":17.0,"enemies":"Lagavulin","floor":6.0,"turns":7.0},{"damage":21.0,"enemies":"Exordium Thugs","floor":8.0,"turns":5.0},{"damage":0.0,"enemies":"3 Sentries","floor":10.0,"turns":4.0},{"damage":16.0,"enemies":"Hexaghost","floor":16.0,"turns":9.0},{"damage":20,"enemies":"Spheric Guardian","floor":18,"turns":4},{"damage":1,"enemies":"Shell Parasite","floor":21,"turns":4},{"damage":1,"enemies":"3 Cultists","floor":22,"turns":4},{"damage":13,"enemies":"Shelled Parasite and Fungi","floor":24,"turns":4},{"damage":23,"enemies":"Slavers","floor":25,"turns":4},{"damage":9,"enemies":"Book of Stabbing","floor":28,"turns":4},{"damage":0,"enemies":"Sentry and Sphere","floor":30,"turns":3},{"damage":12,"enemies":"Slavers","floor":31,"turns":4},{"damage":0,"enemies":"Collector","floor":33,"turns":7},{"damage":7,"enemies":"3 Shapes","floor":35,"turns":5},{"damage":0,"enemies":"Orb Walker","floor":36,"turns":3},{"damage":14,"enemies":"4 Shapes","floor":37,"turns":4},{"damage":0,"enemies":"Writhing Mass","floor":38,"turns":4},{"damage":14,"enemies":"Jaw Worm Horde","floor":39,"turns":2},{"damage":2,"enemies":"Giant Head","floor":40,"turns":6},{"damage":0,"enemies":"Maw","floor":42,"turns":4},{"damage":14,"enemies":"Nemesis","floor":45,"turns":5},{"damage":0,"enemies":"Writhing Mass","floor":46,"turns":6},{"damage":22,"enemies":"Spire Growth","floor":47,"turns":3},{"damage":1,"enemies":"Transient","floor":48,"turns":6},{"damage":21,"enemies":"Donu and Deca","floor":50,"turns":12},{"damage":0,"enemies":"Shield and Spear","floor":54,"turns":5},{"damage":8,"enemies":"The Heart","floor":55,"turns":10}],"seed_played":"-9011882966374699157","potions_obtained":[{"floor":1.0,"key":"Explosive Potion"},{"floor":2.0,"key":"EssenceOfSteel"},{"floor":8.0,"key":"Strength Potion"},{"floor":18,"key":"FearPotion"},{"floor":31,"key":"ColorlessPotion"},{"floor":33,"key":"SteroidPotion"},{"floor":37,"key":"BottledMiracle"},{"floor":42,"key":"Fruit Juice"},{"floor":45,"key":"ColorlessPotion"},{"floor":46,"key":"StancePotion"}],"is_trial":false,"path_per_floor":["M","M","?","M","M","E","R","M","T","E","$","?","R","?","R","B",null,"M","?","T","M","M","R","M","E","T","R","E","R","M","E","R","B",null,"M","M","M","M","M","E","R","M","T","R","E","M","M","M","R","B",null,"R","$","E","B",null],"character_chosen":"WATCHER","items_purchased":["Guide Book","Fruit Juice","InkBottle","Sundial","Adrenaline Potion"],"campfire_rested":3,"item_purchase_floors":[53,53,53,53,53],"current_hp_per_floor":[49,49,49,48,47,30,30,9,9,9,9,4,24,24,24,12,60,44,42,42,45,48,48,36,17,17,33,28,28,29,21,40,44,65,59,60,50,54,41,43,43,44,44,70,65,69,48,48,48,28,82,82,87,91,84],"gold":168,"neow_bonus":"THREE_RARE_CARDS","is_daily":false,"chose_seed":false,"campfire_upgraded":5,"win_rate":0.0,"timestamp":1614233744,"path_taken":["M","M","?","M","M","E","R","?","T","E","?","?","R","?","R","BOSS","M","?","?","M","M","R","M","E","T","R","E","R","?","E","R","BOSS","M","M","M","M","M","E","R","M","T","R","E","M","M","M","R","BOSS","R","$","E","BOSS"],"items_purchased_type":["Relic","Potion","Relic","Relic","Potion"],"build_version":"2020-12-22","purchased_purges":2,"victory":true,"max_hp_per_floor":[68,68,68,68,68,68,68,68,68,68,68,68,68,68,68,72,75,79,42,42,46,50,50,51,55,55,55,59,59,60,64,64,68,71,72,73,77,81,82,86,86,87,87,87,96,100,101,102,99,100,100,100,105,109,110],"relic_stats":{"FaceOfCleric":24,"counters":[31,149],"Sundial":[2],"Astrolabe":["MentalFortress","Replay:Vibes","Ragnarok"],"Whetstone":["Eruption","Strike_P"],"Smiling Mask":75,"MawBank":156,"obtain_stats":[{"Astrolabe":34,"Guide Book":53,"Replay:Multitool":26,"Incense Burner":28,"Whetstone":20,"Replay:Mystery Machine":54,"Smiling Mask":10,"MawBank":40,"Replay:Rubber Ducky":9,"Replay:Ringing Soul":12,"Replay:Bandana":31,"HornCleat":45,"FaceOfCleric":14,"Sundial":53,"Replay:Bottled Snecko":6,"PureWater":0,"Grinning Jar":25,"Abe\u0027s Treasure":17,"InkBottle":53},{"Astrolabe":17,"Guide Book":29,"Replay:Multitool":13,"Incense Burner":14,"Whetstone":9,"Replay:Mystery Machine":30,"Smiling Mask":7,"MawBank":23,"Replay:Rubber Ducky":6,"Replay:Ringing Soul":7,"Replay:Bandana":16,"HornCleat":25,"FaceOfCleric":7,"Sundial":29,"Replay:Bottled Snecko":5,"PureWater":0,"Grinning Jar":13,"Abe\u0027s Treasure":8,"InkBottle":29},{"Astrolabe":74,"Guide Book":134,"Replay:Multitool":56,"Incense Burner":60,"Whetstone":40,"Replay:Mystery Machine":139,"Smiling Mask":27,"MawBank":98,"Replay:Rubber Ducky":23,"Replay:Ringing Soul":27,"Replay:Bandana":67,"HornCleat":107,"FaceOfCleric":27,"Sundial":134,"Replay:Bottled Snecko":18,"PureWater":0,"Grinning Jar":56,"Abe\u0027s Treasure":36,"InkBottle":134}],"InkBottle":[10]},"card_choices":[{"not_picked":["SpiritShield","Replay:LoomingThreat"],"picked":"Ragnarok","floor":0.0},{"not_picked":["MentalFortress","LikeWater"],"picked":"SandsOfTime","floor":1.0},{"not_picked":["Halt","Replay:Cycle"],"picked":"Evaluate","floor":2.0},{"not_picked":["Perseverance","Weave"],"picked":"Crescendo","floor":4.0},{"not_picked":["FlyingSleeves","Crescendo"],"picked":"ClearTheMind","floor":5.0},{"not_picked":["Study","JustLucky"],"picked":"SpiritShield","floor":6.0},{"not_picked":["Replay:Cycle","Evaluate","CarveReality"],"picked":"SKIP","floor":8.0},{"not_picked":["Perseverance","ReachHeaven"],"picked":"WheelKick","floor":10.0},{"not_picked":["DevaForm","Judgement"],"picked":"Establishment","floor":16.0},{"not_picked":["SignatureMove","Weave"],"picked":"CutThroughFate","floor":18},{"not_picked":["BowlingBash","EmptyBody"],"picked":"Meditate","floor":21},{"not_picked":["SashWhip","DeusExMachina"],"picked":"Replay:ManipulateFuture+1","floor":22},{"not_picked":["FlurryOfBlows","FlyingSleeves","Replay:ManipulateFuture"],"picked":"SKIP","floor":24},{"not_picked":["Prostrate","Collect+1"],"picked":"Wireheading","floor":25},{"not_picked":["SashWhip","BowlingBash"],"picked":"Weave","floor":28},{"not_picked":["Conclude","Collect","Halt"],"picked":"SKIP","floor":30},{"not_picked":["SandsOfTime+1","Crescendo+1"],"picked":"Omniscience","floor":31},{"not_picked":["DevaForm","Devotion"],"picked":"LessonLearned","floor":33},{"not_picked":["Halt","Weave+1","BowlingBash"],"picked":"SKIP","floor":35},{"not_picked":["Vengeance","Perseverance+1","WheelKick+1"],"picked":"SKIP","floor":36},{"not_picked":["SashWhip","EmptyBody"],"picked":"TalkToTheHand+1","floor":37},{"not_picked":["JustLucky","Replay:BluntJabs+1"],"picked":"CrushJoints","floor":38},{"not_picked":["Halt","CutThroughFate","FlyingSleeves"],"picked":"SKIP","floor":39},{"not_picked":["Replay:Battleflow+1","Worship"],"picked":"Vault","floor":40},{"not_picked":["SashWhip+1","Evaluate","CrushJoints+1"],"picked":"SKIP","floor":42},{"not_picked":["WheelKick+1","Swivel"],"picked":"FearNoEvil","floor":45},{"not_picked":["Worship","Weave","BowlingBash"],"picked":"SKIP","floor":46},{"not_picked":["Consecrate+1","Halt","Alpha"],"picked":"SKIP","floor":47},{"not_picked":["Prostrate","FlyingSleeves","WreathOfFlame"],"picked":"SKIP","floor":48},{"not_picked":["EmptyBody+1","CutThroughFate"],"picked":"WaveOfTheHand","floor":54}],"player_experience":453572,"relics_obtained":[{"floor":6.0,"key":"Replay:Bottled Snecko"},{"floor":9.0,"key":"Replay:Rubber Ducky"},{"floor":10.0,"key":"Smiling Mask"},{"floor":20,"key":"Whetstone"},{"floor":25,"key":"Grinning Jar"},{"floor":26,"key":"Replay:Multitool"},{"floor":28,"key":"Incense Burner"},{"floor":31,"key":"Replay:Bandana"},{"floor":40,"key":"MawBank"},{"floor":45,"key":"HornCleat"},{"floor":54,"key":"Replay:Mystery Machine"}],"event_choices":[{"damage_healed":0.0,"max_hp_gain":0.0,"max_hp_loss":0.0,"gold_gain":0.0,"event_name":"Match and Keep!","player_choice":"2 cards matched","floor":3.0,"gold_loss":0.0,"damage_taken":0.0,"cards_obtained":["Doubt","DeusExMachina"]},{"damage_healed":0.0,"max_hp_gain":0.0,"max_hp_loss":0.0,"gold_gain":0.0,"event_name":"Scrap Ooze","player_choice":"Success","floor":12.0,"gold_loss":0.0,"damage_taken":5.0,"relics_obtained":["Replay:Ringing Soul"]},{"damage_healed":0.0,"max_hp_gain":0.0,"max_hp_loss":0.0,"gold_gain":0.0,"event_name":"FaceTrader","player_choice":"Trade","floor":14.0,"gold_loss":0.0,"damage_taken":0.0,"relics_obtained":["FaceOfCleric"]},{"damage_healed":0,"gold_gain":0,"player_choice":"Became a Ghost","damage_taken":0,"max_hp_gain":0,"max_hp_loss":40,"event_name":"Ghosts","floor":19,"gold_loss":0,"cards_obtained":["Ghostly","Ghostly","Ghostly"]}],"is_beta":false,"boss_relics":[{"not_picked":["Replay:Ancient Bell","Replay:Grab Bag"],"picked":"Abe\u0027s Treasure"},{"not_picked":["Ring of Chaos","Busted Crown"],"picked":"Astrolabe"}],"items_purged_floors":[11,53],"is_endless":false,"potions_floor_spawned":[1,2,8,18,31,33,37,38,42,45,46,48],"ascension_level":17}}