{"host":"d8rriawq55pp7qsq","time":1614237856,"event":{"mods":["AchievementEnabler","BaseMod","Minty Spire (QoL Compilation)"],"gold_per_floor":[111,126,52,63,73,73,73,101,101,113,126,137,62,76,76,76,76],"floor_reached":16,"language":"ENG","playtime":419,"items_purged":[],"score":117,"play_id":"863bb80e-1512-4c98-bf49-139f18cc5348","local_time":"20210225022416","is_ascension_mode":true,"campfire_choices":[{"data":"Consume","floor":6.0,"key":"SMITH"},{"floor":15.0,"key":"REST"}],"circlet_count":0,"master_deck":["Strike_B","Strike_B","Strike_B","Strike_B","Defend_B","Defend_B","Defend_B","Defend_B","Zap","Dualcast","Ball Lightning","FTL","Consume+1","Chill","Reprogram","Coolheaded","Core Surge","Loop","Cold Snap"],"relics":["Cracked Core","NeowsBlessing","Blood Vial","Mango","Matryoshka"],"acts_visited":["Exordium"],"potions_floor_usage":[],"damage_taken":[{"damage":0.0,"enemies":"Small Slimes","floor":1.0,"turns":1.0},{"damage":0.0,"enemies":"Cultist","floor":2.0,"turns":1.0},{"damage":0.0,"enemies":"Jaw Worm","floor":4.0,"turns":1.0},{"damage":42.0,"enemies":"Gremlin Gang","floor":5.0,"turns":4.0},{"damage":11.0,"enemies":"Lagavulin","floor":8.0,"turns":6.0},{"damage":11.0,"enemies":"Lots of Slimes","floor":10.0,"turns":4.0},{"damage":8.0,"enemies":"Blue Slaver","floor":11.0,"turns":2.0},{"damage":6.0,"enemies":"Exordium Wildlife","floor":12.0,"turns":3.0},{"damage":20.0,"enemies":"Large Slime","floor":14.0,"turns":4.0},{"damage":0,"enemies":"The Guardian","floor":16,"turns":1}],"seed_played":"4195367748466312908","potions_obtained":[{"floor":4.0,"key":"Block Potion"},{"floor":5.0,"key":"FairyPotion"},{"floor":10.0,"key":"PowerPotion"},{"floor":12.0,"key":"Energy Potion"}],"is_trial":false,"path_per_floor":["M","M","?","M","M","R","$","E","T","M","M","M","$","M","R","B"],"character_chosen":"DEFECT","items_purchased":["Loop"],"campfire_rested":1,"item_purchase_floors":[13],"current_hp_per_floor":[75,75,75,75,33,33,33,38,38,29,23,19,19,1,27,29,29],"gold":76,"neow_bonus":"THREE_ENEMY_KILL","is_daily":false,"chose_seed":false,"campfire_upgraded":1,"win_rate":0.0,"timestamp":1614237856,"path_taken":["M","M","?","?","M","R","$","E","T","M","?","M","$","M","R","BOSS"],"items_purchased_type":["Card"],"build_version":"2020-12-22","purchased_purges":0,"victory":false,"max_hp_per_floor":[75,75,75,75,75,75,75,89,89,89,89,89,89,89,89,89,89],"card_choices":[{"not_picked":["Leap","FTL"],"picked":"Ball Lightning","floor":1.0},{"not_picked":["Reprogram","Steam"],"picked":"FTL","floor":2.0},{"not_picked":["Leap","Chaos"],"picked":"Consume","floor":4.0},{"not_picked":["Storm","Fusion"],"picked":"Chill","floor":5.0},{"not_picked":["Turbo","Stack"],"picked":"Reprogram","floor":8.0},{"not_picked":["Turbo","Rebound"],"picked":"Coolheaded","floor":10.0},{"not_picked":["Coolheaded","Stack","Hello World"],"picked":"SKIP","floor":11.0},{"not_picked":["Hologram","Compile Driver"],"picked":"Core Surge","floor":12.0},{"not_picked":["Steam","Barrage"],"picked":"Cold Snap","floor":14.0}],"player_experience":195325,"relics_obtained":[{"floor":8.0,"key":"Mango"},{"floor":9.0,"key":"Matryoshka"}],"event_choices":[{"damage_healed":0.0,"max_hp_gain":0.0,"max_hp_loss":0.0,"gold_gain":0.0,"event_name":"WeMeetAgain","player_choice":"Paid Gold","floor":3.0,"gold_loss":74.0,"damage_taken":0.0,"relics_obtained":["Blood Vial"]}],"is_beta":false,"boss_relics":[],"items_purged_floors":[],"is_endless":false,"potions_floor_spawned":[4,5,10,12],"killed_by":"The Guardian","ascension_level":2}}