{"host":"tgnam0g96qraiyqx","time":1614275177,"event":{"mods":["Act Like it!","Always Whale","Aspiration","BaseMod","Beaked The Cultist","BetterRewards","Chen","Colored Map","Colored Powertips","Downfall","Energized Spire","FruityMod","Glutton Mod","Gremlin Mod","Hermit","HexUI Lib","Highlight Path","Hubris","Hunter ??","Kratos Character Expansion","Lobotomy","Mad Scientist","Minty Spire (QoL Compilation)","Pikachu Mod","Replay The Spire","Ruina","Shop Mod","StSLib","The Animator","The Cursed","The Dragonkin","The Jungle","[IsaacMod]????"],"gold_per_floor":[99,110,20,39,51,36,36,36,136,136,136,154,154,167,184,281,281,281,299,60,78,93,93,119,119,131,131,116,126,139,192,186,270,270,270],"floor_reached":34,"language":"FRA","playtime":2859,"items_purged":["Glutton:Strike","Glutton:Strike"],"score":389,"play_id":"f168047a-8275-4f3b-8255-eb4cceb99fcd","local_time":"20210225184617","is_ascension_mode":false,"campfire_choices":[{"data":"Glutton:Flail","floor":1.0,"key":"SMITH"},{"data":"Glutton:Bite","floor":8.0,"key":"SMITH"},{"data":"Glutton:Devour","floor":11.0,"key":"SMITH"},{"data":"Glutton:Chrysosphagy","floor":13.0,"key":"SMITH"},{"data":"Glutton:Malignancy","floor":18.0,"key":"SMITH"},{"data":"Glutton:Rest","floor":23.0,"key":"SMITH"},{"data":"Glutton:Thrombosis","floor":27.0,"key":"SMITH"}],"circlet_count":0,"master_deck":["Glutton:Strike","Glutton:Strike","Glutton:Strike","Glutton:Strike","Glutton:Defend","Glutton:Defend","Glutton:Defend","Glutton:Flail+1","Glutton:Feast","Glutton:Bite+1","Glutton:Devour+1","Glutton:Chrysosphagy+1","Glutton:KneeJerk","Glutton:GuardStance","Glutton:Malignancy+1","Glutton:Misery","Glutton:Brace","Glutton:Rest+1","Glutton:Misery","Glutton:Thrombosis+1","Glutton:Nostalgia"],"relics":["Glutton:EternalHunger","HushsDoor","UnicornStump","Oddly Smooth Stone","aspiration:FrozenJewel","hubris:FunFungus","energizedSpire:OgreHead","Blue Doll","Nunchaku","Mercury Hourglass"],"acts_visited":["Exordium","TheCity"],"potions_floor_usage":[],"damage_taken":[{"damage":5.0,"enemies":"2 Louse","floor":2.0,"turns":2.0},{"damage":10.0,"enemies":"downfall:FleeingMerchant","floor":3.0,"turns":4.0},{"damage":6.0,"enemies":"Cultist","floor":4.0,"turns":3.0},{"damage":13.0,"enemies":"Jaw Worm","floor":5.0,"turns":3.0},{"damage":13.0,"enemies":"downfall:FleeingMerchant","floor":6.0,"turns":4.0},{"damage":0.0,"enemies":"3 Louse","floor":12.0,"turns":1.0},{"damage":8.0,"enemies":"Blue Slaver","floor":14.0,"turns":5.0},{"damage":18.0,"enemies":"Exordium Thugs","floor":15.0,"turns":5.0},{"damage":65.0,"enemies":"WA_ARCHETYPE_RETAIN","floor":16.0,"turns":9.0},{"damage":30.0,"enemies":"downfall:LooterAlt2","floor":19.0,"turns":4.0},{"damage":8.0,"enemies":"downfall:FleeingMerchant","floor":20.0,"turns":4.0},{"damage":32.0,"enemies":"Chosen","floor":21.0,"turns":5.0},{"damage":17.0,"enemies":"Snecko","floor":22.0,"turns":6.0},{"damage":24.0,"enemies":"Chosen and Byrds","floor":26.0,"turns":7.0},{"damage":27.0,"enemies":"downfall:FleeingMerchant","floor":28.0,"turns":4.0},{"damage":118.0,"enemies":"Slavers","floor":29.0,"turns":9.0},{"damage":30.0,"enemies":"Shelled Parasite and Fungi","floor":30.0,"turns":6.0},{"damage":40.0,"enemies":"Cultist and Chosen","floor":32.0,"turns":7.0},{"damage":132.0,"enemies":"DF_ARCHETYPE_CLAW","floor":33.0,"turns":9.0}],"seed_played":"1652424618277912938","potions_obtained":[{"floor":4.0,"key":"ColorlessPotion"},{"floor":5.0,"key":"Elixir"},{"floor":12.0,"key":"AttackPotion"},{"floor":14.0,"key":"GamblersBrew"},{"floor":19.0,"key":"Adrenaline Potion"},{"floor":21.0,"key":"FearPotion"},{"floor":22.0,"key":"SneckoOil"}],"is_trial":false,"path_per_floor":["R","M","$","M","M","$","T","R","?","T","R","M","R","M","M","B",null,"R","M","$","M","M","R","T","?","M","R","$","E","M","?","M","B",null],"character_chosen":"GLUTTON","items_purchased":["Glutton:Rest","Regen Potion"],"campfire_rested":0,"item_purchase_floors":[20,20],"current_hp_per_floor":[120,115,105,103,94,85,85,85,85,85,85,85,85,85,76,61,126,126,108,114,110,118,118,118,118,124,124,132,102,110,77,106,43,43,43],"gold":270,"neow_bonus":"RANDOM_COMMON_RELIC","is_daily":false,"chose_seed":false,"campfire_upgraded":7,"win_rate":0.0,"timestamp":1614275177,"path_taken":["R","M","$","M","M","$","T","R","?","?","R","M","R","M","M","BOSS","R","M","$","M","M","R","T","?","?","R","$","E","M","?","M","BOSS"],"items_purchased_type":["Card","Potion"],"build_version":"2020-12-22","purchased_purges":2,"victory":false,"max_hp_per_floor":[120,120,120,120,120,120,120,120,120,120,120,120,120,123,126,126,126,126,126,126,129,129,129,129,129,132,132,132,135,135,135,135,135,135,135],"card_choices":[{"not_picked":["Glutton:Tantrum","Glutton:FeverVisions"],"picked":"Glutton:Feast","floor":2.0},{"not_picked":["Glutton:Delusion","Glutton:Salivate"],"picked":"Glutton:Bite","floor":3.0},{"not_picked":["Glutton:Delusion","Bomb"],"picked":"Glutton:Devour","floor":4.0},{"not_picked":["Glutton:GnawingHunger","Glutton:Slam"],"picked":"Bomb","floor":5.0},{"not_picked":["Glutton:Tumor","Glutton:Slam","Glutton:GnawingHunger"],"picked":"SKIP","floor":6.0},{"not_picked":["Bomb","Glutton:Enfeeblement"],"picked":"Glutton:Chrysosphagy","floor":12.0},{"not_picked":["Glutton:Yearn","Glutton:Migraine"],"picked":"Glutton:KneeJerk","floor":14.0},{"not_picked":["Glutton:Yearn","Glutton:Delusion"],"picked":"Glutton:GuardStance","floor":15.0},{"not_picked":["Glutton:Avarice","Glutton:Reminisce"],"picked":"Glutton:Malignancy","floor":16.0},{"not_picked":["Glutton:Yearn+1","Glutton:GnawingHunger+1"],"picked":"Glutton:Misery","floor":19.0},{"not_picked":["Glutton:Mug","Glutton:Strain"],"picked":"Glutton:Brace","floor":20.0},{"not_picked":["Glutton:Slam","Glutton:Rapacity"],"picked":"Glutton:Misery","floor":21.0},{"not_picked":["Glutton:Salivate","Glutton:Profligacy","Glutton:Demolish"],"picked":"SKIP","floor":22.0},{"not_picked":["Glutton:BellySlam","Glutton:Brace"],"picked":"Glutton:Thrombosis","floor":26.0},{"not_picked":["Glutton:Scab","Glutton:Reminisce","Glutton:Salivate"],"picked":"SKIP","floor":28.0},{"not_picked":["Glutton:Chrysosphagy+1","Glutton:Regurgitate","Glutton:Rest"],"picked":"SKIP","floor":29.0},{"not_picked":["Glutton:Yearn","Glutton:Demolish","Glutton:Fever"],"picked":"SKIP","floor":30.0},{"not_picked":["Glutton:PainMeditation","Glutton:Bite","Glutton:Treat"],"picked":"SKIP","floor":32.0},{"not_picked":["Glutton:Avarice","Glutton:Reminisce"],"picked":"Glutton:Nostalgia","floor":33.0}],"player_experience":1315134,"relics_obtained":[{"floor":7.0,"key":"aspiration:FrozenJewel"},{"floor":10.0,"key":"hubris:FunFungus"},{"floor":24.0,"key":"Blue Doll"},{"floor":29.0,"key":"Nunchaku"},{"floor":31.0,"key":"Mercury Hourglass"}],"event_choices":[],"is_beta":false,"boss_relics":[{"not_picked":["beaked:MawFillet","Replay:Wanted Poster"],"picked":"energizedSpire:OgreHead"},{"not_picked":[]}],"items_purged_floors":[3,20],"is_endless":false,"potions_floor_spawned":[4,5,12,14,15,19,21,22],"ascension_level":0}}