{"host":"z9x5nldzhmx4jdfi","time":1614222017,"event":{"mods":["BaseMod","Better Altar","Better Note","Better Sensory Stone","Better Skull","Better Vampires","BetterRewards","Block Reminder","Card Filter","Colored Powertips","Infinite Spire","Minty Spire (QoL Compilation)","Relic Filter","StSLib","The Animator","Wandering Minibosses"],"gold_per_floor":[129,148,167,197,211,211,231,231,231,231,231,255,255,94,94,181,181,203,226,226,226],"floor_reached":20,"language":"ENG","playtime":1208,"items_purged":["animator:Strike"],"score":336,"play_id":"22fb9351-30d9-4b1e-800b-96f2136d21c4","local_time":"20210224210017","is_ascension_mode":true,"campfire_choices":[{"data":"animator:Priestess","floor":6.0,"key":"SMITH"},{"data":"animator:Spearman","floor":8.0,"key":"SMITH"},{"data":"animator:DwarfShaman","floor":10.0,"key":"SMITH"},{"data":"animator:Shigure","floor":13.0,"key":"SMITH"},{"data":"animator:Witch","floor":15.0,"key":"SMITH"}],"circlet_count":0,"master_deck":["AscendersBane","animator:Strike_GoblinSlayer","animator:Defend_GoblinSlayer","animator:Strike","animator:Defend","animator:Defend","animator:Defend","animator:LizardPriest","animator:DwarfShaman+1","animator:Spearman+1","animator:Priestess+1","animator:Shigure+1","animator:Witch+1","animator:GuildGirl","animator:LizardPriest","animator:Witch","animator:Elesis","animator:Spearman"],"relics":["animator:LivingPicture","animator:TheMissingPiece","NeowsBlessing","infinitespire:BottledMercury","Philosopher\u0027s Stone"],"acts_visited":["Exordium","TheCity"],"potions_floor_usage":[18,19],"damage_taken":[{"damage":0.0,"enemies":"Jaw Worm","floor":1.0,"turns":1.0},{"damage":0.0,"enemies":"Cultist","floor":2.0,"turns":1.0},{"damage":0.0,"enemies":"Small Slimes","floor":3.0,"turns":1.0},{"damage":10.0,"enemies":"2 Fungi Beasts","floor":4.0,"turns":3.0},{"damage":19.0,"enemies":"3 Louse","floor":5.0,"turns":5.0},{"damage":7.0,"enemies":"Exordium Wildlife","floor":7.0,"turns":11.0},{"damage":0.0,"enemies":"Looter","floor":12.0,"turns":2.0},{"damage":8,"enemies":"The Guardian","floor":16,"turns":9},{"damage":20,"enemies":"3 Byrds","floor":18,"turns":4},{"damage":18,"enemies":"Shell Parasite","floor":19,"turns":7},{"damage":14,"enemies":"Snake Plant","floor":20,"turns":2}],"seed_played":"6778112168690551073","potions_obtained":[{"floor":1.0,"key":"GamblersBrew"},{"floor":3.0,"key":"infinitespire:BlackPotion"},{"floor":12.0,"key":"LiquidBronze"},{"floor":18,"key":"FearPotion"}],"is_trial":false,"path_per_floor":["M","M","M","M","M","R","M","R","T","R","?","M","R","$","R","B",null,"M","M","M"],"character_chosen":"THE_ANIMATOR","items_purchased":["animator:Witch"],"campfire_rested":0,"item_purchase_floors":[14],"current_hp_per_floor":[54,55,55,45,27,27,20,20,20,20,20,20,20,20,20,12,50,30,12,0,0],"gold":226,"neow_bonus":"THREE_ENEMY_KILL","is_daily":false,"chose_seed":false,"campfire_upgraded":5,"win_rate":0.0,"timestamp":1614222017,"path_taken":["M","M","M","M","M","R","M","R","T","R","?","M","R","$","R","BOSS","M","M","M"],"items_purchased_type":["Card"],"build_version":"2020-12-22","purchased_purges":1,"victory":false,"max_hp_per_floor":[60,61,61,61,62,62,62,62,62,62,62,62,62,62,62,62,62,62,62,62,62],"card_choices":[{"not_picked":["animator:Raven","animator:YaoHaDucy"],"picked":"animator:Spearman","floor":1.0},{"not_picked":["animator:TukaLunaMarceau","animator:Elsword"],"picked":"animator:Priestess","floor":2.0},{"not_picked":["animator:ZankiKiguchi","animator:Mitsurugi"],"picked":"animator:Shigure","floor":3.0},{"not_picked":["animator:Spearman","animator:Priestess"],"picked":"animator:Witch","floor":4.0},{"not_picked":["animator:Raven","animator:DwarfShaman"],"picked":"animator:GuildGirl","floor":5.0},{"not_picked":["animator:OrikoMikuni","animator:Aqua","animator:Mikaela"],"picked":"SKIP","floor":7.0},{"not_picked":["animator:Wiz","animator:OrikoMikuni"],"picked":"animator:LizardPriest","floor":12.0},{"not_picked":["animator:Eris","animator:MadokaKaname"],"picked":"animator:Elesis","floor":16},{"not_picked":["animator:CowGirl","animator:GuildGirl"],"picked":"animator:Spearman","floor":18},{"not_picked":["animator:CrowleyEusford","animator:Ain","animator:Chris"],"picked":"SKIP","floor":19}],"player_experience":1386435,"relics_obtained":[{"floor":9.0,"key":"infinitespire:BottledMercury"}],"event_choices":[{"cards_removed":["animator:Strike"],"damage_healed":0.0,"max_hp_gain":0.0,"max_hp_loss":0.0,"gold_gain":0.0,"event_name":"Bonfire Elementals","player_choice":"Offered Basic","floor":11.0,"gold_loss":0.0,"damage_taken":0.0}],"is_beta":false,"boss_relics":[{"not_picked":["Calling Bell","Ectoplasm"],"picked":"Philosopher\u0027s Stone"}],"items_purged_floors":[14],"is_endless":false,"potions_floor_spawned":[1,3,12,16,18],"killed_by":"Snake Plant","ascension_level":20}}