{"host":"7eytxr1oawi6r5nr","time":1614287217,"event":{"mods":["Act Like it!","BaseMod","Better Third Choice","Curses Come First","Dark Map","Hermit","Hubris","Ironclad Rager","Minty Spire (QoL Compilation)","Permanent Neow","Quick Restart","Rare Cards Sparkle","Relic Filter Mod","Reliquary","Replay The Spire","Ruina","StSLib","The Cursed","The Disciple","The Forsaken","The IronCluck","The Runesmith","The Servant 0.9.4","Wide Potions"],"gold_per_floor":[117,42,42,57,57,57,76,107,185,185,217,237,264,281,281,393,393,424,424,245,263,63,63,87,87,139,159,197,45,45,45,112,148,148,261,261,286,43,56,62,62],"floor_reached":40,"language":"ENG","playtime":2936,"items_purged":["theForsaken:TheForsaken_Strike","theForsaken:TheForsaken_Strike","theForsaken:TheForsaken_Strike"],"score":592,"play_id":"fe87c53e-24b1-47c3-96ce-c7001f8a66c6","local_time":"20210225210657","is_ascension_mode":true,"campfire_choices":[{"data":"theForsaken:FuryStrikes","floor":6,"key":"SMITH"},{"data":"theForsaken:WrathOfGod","floor":10,"key":"SMITH"},{"data":"theForsaken:WrathOfGod+1","floor":15,"key":"SMITH"},{"data":"theForsaken:Preservation","floor":23,"key":"SMITH"},{"data":"theForsaken:HymnOfRest","floor":25,"key":"SMITH"},{"data":"theForsaken:WrathOfGod+2","floor":34,"key":"SMITH"}],"circlet_count":0,"master_deck":["theForsaken:TheForsaken_Defend","theForsaken:TheForsaken_Defend","theForsaken:TheForsaken_Defend","theForsaken:TheForsaken_Defend","theForsaken:Smite+1","theForsaken:Penitence","theForsaken:WrathOfGod+3","theForsaken:Enfeeble","theForsaken:FuryStrikes+1","theForsaken:PanicDive","theForsaken:Purification","theForsaken:SolarFlare","theForsaken:Tranquility","theForsaken:Prudence+1","theForsaken:Preservation+1","theForsaken:HymnOfRest+1","theForsaken:DefensiveStance+1","theForsaken:BountifulSunlight+1","theForsaken:AncientWords+1","theForsaken:DefensiveStance+1","theForsaken:CorruptDeck+1","theForsaken:TearsOfSunlight+1"],"relics":["theForsaken:JudgementScales","Frozen Egg 2","Garlic","Orichalcum","Replay:Bandana","Black Star","hubris:Towel","Runesmith:AutoHammer","Anchor","Pantograph","hubris:HerbalPaste","Vajra","hubris:CuriousFeather","Bronze Scales","reliquary:ThirdArm","Bronze Scales"],"acts_visited":["Exordium","Exordium","TheBeyond"],"potions_floor_usage":[13,40],"damage_taken":[{"damage":0,"enemies":"Small Slimes","floor":1,"turns":3},{"damage":0,"enemies":"Jaw Worm","floor":4,"turns":4},{"damage":0,"enemies":"Cultist","floor":7,"turns":3},{"damage":20,"enemies":"3 Sentries","floor":8,"turns":10},{"damage":6,"enemies":"Gremlin Nob","floor":11,"turns":5},{"damage":5,"enemies":"Exordium Thugs","floor":12,"turns":5},{"damage":0,"enemies":"Lagavulin","floor":13,"turns":5},{"damage":0,"enemies":"3 Louse","floor":14,"turns":1},{"damage":54,"enemies":"Hexaghost","floor":16,"turns":15},{"damage":0,"enemies":"ruina:2_Scarecrows","floor":18,"turns":6},{"damage":4,"enemies":"ruina:3_Bats","floor":21,"turns":10},{"damage":0,"enemies":"ruina:3_Scarecrows","floor":24,"turns":6},{"damage":0,"enemies":"ruina:KingOfGreed","floor":27,"turns":7},{"damage":8,"enemies":"ruina:RoadHome","floor":28,"turns":7},{"damage":8,"enemies":"ruina:Mountain","floor":33,"turns":16},{"damage":12,"enemies":"ruina:Red_and_Wolf","floor":35,"turns":16},{"damage":20,"enemies":"3 Shapes","floor":37,"turns":6},{"damage":7,"enemies":"Orb Walker","floor":39,"turns":4},{"damage":85,"enemies":"Transient","floor":40,"turns":4}],"seed_played":"2314559221146120317","potions_obtained":[{"floor":1,"key":"Venom Potion"},{"floor":4,"key":"Elixir"},{"floor":7,"key":"Elixir"},{"floor":12,"key":"FearPotion"},{"floor":21,"key":"Regen Potion"}],"is_trial":false,"path_per_floor":["M","$","?","M","?","R","M","E","T","R","E","M","E","M","R","B",null,"M","?","$","M","$","R","M","R","T","M","E","$","PTL","PTL","?","E","R","B",null,"M","$","M","M"],"character_chosen":"THE_FORSAKEN","items_purchased":["theForsaken:HymnOfRest","theForsaken:DefensiveStance+1","hubris:HerbalPaste","reliquary:SculptingSteel"],"campfire_rested":0,"item_purchase_floors":[20,22,29,38],"current_hp_per_floor":[65,65,65,65,65,65,65,59,59,59,53,48,54,54,54,18,65,65,65,65,61,61,61,61,61,61,65,60,60,60,60,44,51,51,53,65,65,65,59,0,0],"gold":62,"neow_bonus":"UPGRADE_CARD","is_daily":false,"chose_seed":false,"campfire_upgraded":6,"win_rate":0.0,"timestamp":1614287217,"path_taken":["M","$","?","M","?","R","M","E","T","R","E","M","E","M","R","BOSS","M","?","$","M","?","R","M","R","T","M","E","$","PTL","PTL","?","E","R","BOSS","M","$","M","M"],"items_purchased_type":["Card","Card","Relic","Relic"],"build_version":"2020-12-22","purchased_purges":3,"victory":false,"max_hp_per_floor":[65,65,65,65,65,65,65,65,65,65,65,65,65,65,65,65,65,65,65,65,65,65,65,65,65,65,65,65,65,65,65,65,65,65,65,65,65,65,65,65,65],"card_choices":[{"not_picked":["theForsaken:Eulogy","theForsaken:FuryStrikes"],"picked":"theForsaken:WrathOfGod","floor":1},{"not_picked":["theForsaken:WordsOfPestilence","theForsaken:ShieldBash"],"picked":"theForsaken:FuryStrikes","floor":4},{"not_picked":["theForsaken:StoreUp","theForsaken:Thunderbolt"],"picked":"theForsaken:PanicDive","floor":7},{"not_picked":["theForsaken:QuickAttack","theForsaken:CleansingLight"],"picked":"theForsaken:Purification","floor":8},{"not_picked":["theForsaken:PanicDive","theForsaken:Parry"],"picked":"theForsaken:SolarFlare","floor":11},{"not_picked":["theForsaken:Eulogy","theForsaken:HorrifyingStrike","theForsaken:NobleSacrifice"],"picked":"SKIP","floor":12},{"not_picked":["theForsaken:BattleHymn","theForsaken:WardingHymn"],"picked":"theForsaken:Tranquility","floor":13},{"not_picked":["theForsaken:CleansingLight","theForsaken:WardingHymn","theForsaken:NobleSacrifice"],"picked":"SKIP","floor":14},{"not_picked":["theForsaken:SacredOath","theForsaken:CorruptDeck+1"],"picked":"theForsaken:Prudence+1","floor":16},{"not_picked":["theForsaken:Bolster+1","theForsaken:CreepingInfection"],"picked":"theForsaken:Preservation","floor":18},{"not_picked":["theForsaken:ChargeAttack","theForsaken:Prudence+1","theForsaken:WordsOfPestilence"],"picked":"SKIP","floor":21},{"not_picked":["theForsaken:FatRoll","theForsaken:NobleSacrifice"],"picked":"theForsaken:BountifulSunlight+1","floor":24},{"not_picked":["theForsaken:LightRoll","theForsaken:StoreUp"],"picked":"theForsaken:AncientWords+1","floor":27},{"not_picked":["theForsaken:Mantra","theForsaken:QuickAttack+1","theForsaken:CreepingInfection"],"picked":"SKIP","floor":28},{"not_picked":["theForsaken:RainingSunlight","theForsaken:CowardsBrand"],"picked":"theForsaken:DefensiveStance+1","floor":32},{"not_picked":["theForsaken:ShieldBash+1","theForsaken:FuryStrikes+1"],"picked":"theForsaken:CorruptDeck+1","floor":33},{"not_picked":["theForsaken:Retribution","theForsaken:SacrificeSoul"],"picked":"theForsaken:TearsOfSunlight+1","floor":35},{"not_picked":["theForsaken:Tranquility","theForsaken:Thunderbolt","theForsaken:SiphonStrike+1"],"picked":"SKIP","floor":37},{"not_picked":["theForsaken:CreepingInfection+1","theForsaken:FatRoll","theForsaken:FuryStrikes+1"],"picked":"SKIP","floor":39}],"player_experience":219141,"relics_obtained":[{"floor":8,"key":"Frozen Egg 2"},{"floor":9,"key":"Garlic"},{"floor":11,"key":"Orichalcum"},{"floor":13,"key":"Replay:Bandana"},{"floor":26,"key":"Runesmith:AutoHammer"},{"floor":28,"key":"Anchor"},{"floor":28,"key":"Pantograph"},{"floor":32,"key":"Vajra"},{"floor":33,"key":"hubris:CuriousFeather"},{"floor":33,"key":"Bronze Scales"}],"event_choices":[{"cards_removed":["theForsaken:TheForsaken_Strike"],"damage_healed":0,"gold_gain":0,"player_choice":"Card Removal","damage_taken":0,"max_hp_gain":0,"max_hp_loss":0,"event_name":"Wheel of Change","floor":5,"gold_loss":0}],"is_beta":false,"boss_relics":[{"not_picked":["Replay:Drink Me","Runic Dome"],"picked":"Black Star"},{"not_picked":["Tiny House","SacredBark"],"picked":"reliquary:ThirdArm"}],"items_purged_floors":[2,20,22],"is_endless":false,"potions_floor_spawned":[1,4,7,12,21,33,35,37],"killed_by":"Transient","ascension_level":2}}