{"host":"o70jlri6sl1lb4ns","time":1614240079,"event":{"mods":["(人物)100% Spire Juice","(人物)Astrologer","(人物)Chen/陈","(人物)KinomotoSakura/木之本樱","(人物)Marisa/F雨魔理沙","(人物)Reimu/博丽灵梦","(人物)Remilia/蕾米莉亚","(人物)The Bug Knight/空洞骑士","(人物)The Gatherer/采集者","(人物)The Hierophant/圣职者","(人物)The Immortal/藤原妹红","(人物)The Servant/D夜","(人物)WarShipGirlsR/战舰少女R","(人物)Youmu/魂魄妖梦","(人物)Yuyuko/幽幽子","(前置)Act Like it!","(前置)CapriCore","(前置)StSLib","(功能)Colored Map/彩色地图","(功能)Curses Come First/诅咒卡牌显示","(功能)Energized Spire/能量尖塔","(功能)Highlight Path/选择路径","(功能)REMEMod/遗物卡牌","(功能)RumiaBox-露米娅的神秘盒子","(功能)Spicy Shops/更好的商店","(功能)Waifu the Spire/萌化","(大型)LobotomyExtend/脑叶拓展","(大型)Replay The Spire/重游尖塔","(辅助)Colored Powertips/buff提示","(辅助)Quick Restart/便捷重启","ATMod(阿瑾Mod)","BaseMod","Lobotomy","Minty Spire (QoL Compilation)","Reliquary","The Marked","Yakumo Yukari mod","【功能Mod】混沌之环修复补丁"],"gold_per_floor":[110,285,29,9,359,386,386,411,490,507,507,62,39,92,92,216,216,216,216],"floor_reached":18,"language":"ZHS","playtime":3431,"items_purged":["Doubt","Voices"],"score":291,"play_id":"b577a453-33fb-49db-aba0-d0e43b5d58f6","local_time":"20210225160119","is_ascension_mode":false,"campfire_choices":[{"floor":11.0,"key":"REST"},{"data":"MaximisePower","floor":15.0,"key":"SMITH"}],"circlet_count":1,"master_deck":["Strike_MRS","Strike_MRS","Strike_MRS","Strike_MRS","Defend_MRS","Defend_MRS","Defend_MRS","Defend_MRS","MasterSpark","UpSweep","Machine Learning","AT_FamilyPortrait","StarBarrage","MilkyWay+1","IllusionStar","LuminesStrike","NonDirectionalLaser","Acceleration","ManaConvection","MaximisePower+1","ReplayTheSpireMod:IOU","Replay:Hysterical Blindness","Orbital","Bloodbath","PropBag","SpiderBud","TreasureHunter+1","BlazingStar+1","OrrerysSun+1","IllusionStar+1","AsteroidBelt+1","AlicesGift+1","WitchOfGreed+1","MagicChant","Doubt","PlagueDoctor","SuperNova+1"],"relics":["MiniHakkero","AT_ATBox","REME_ComplimentaryCards","CogitoBucket","LetterFromLob","ReplayTheSpireMod:Ring of Addiction","Ring of Greed","Toy Ornithopter","Circlet","Golden Egg","Old Coin","Baka2","Bottled Tornado","HornCleat","Pet Ghost","HollowMod:LifeEnderRelic","BargainBundle","REME_HandOfSuture","reliquary:KinkedSpring"],"acts_visited":["Exordium","TheCity"],"potions_floor_usage":[],"damage_taken":[{"damage":0.0,"enemies":"Small Slimes","floor":1.0,"turns":2.0},{"damage":31.0,"enemies":"Gremlin Nob","floor":6.0,"turns":4.0},{"damage":0.0,"enemies":"Lagavulin","floor":8.0,"turns":3.0},{"damage":5.0,"enemies":"Jaw Worm","floor":10.0,"turns":2.0},{"damage":0.0,"enemies":"Cultist","floor":14.0,"turns":3.0},{"damage":5.0,"enemies":"Hexaghost","floor":16.0,"turns":8.0},{"damage":0,"enemies":"Chosen","floor":18,"turns":1}],"seed_played":"-2935358411153360915","potions_obtained":[{"floor":5.0,"key":"LiquidMemories"},{"floor":5.0,"key":"Block Potion"},{"floor":5.0,"key":"ZuzhouPotion:ReiMu"}],"is_trial":false,"path_per_floor":["M","?","$","?","?","E","?","E","T","M","R","$","$","M","R","B",null,"M"],"character_chosen":"MARISA","items_purchased":["MilkyWay+1","IllusionStar","LuminesStrike","NonDirectionalLaser","BlazingStar","BargainBundle","OrrerysSun","IllusionStar","AsteroidBelt","AlicesGift","REME_HandOfSuture","SkillPotion","WitchOfGreed"],"campfire_rested":1,"item_purchase_floors":[3,3,3,3,12,12,12,12,12,12,12,12,13],"current_hp_per_floor":[75,75,75,75,75,44,41,44,44,39,61,61,61,61,61,61,72,72,72],"gold":216,"neow_bonus":"","is_daily":false,"chose_seed":false,"campfire_upgraded":1,"win_rate":0.0,"timestamp":1614240079,"path_taken":["M","?","$","?","?","E","?","E","T","M","R","?","$","M","R","BOSS","M"],"items_purchased_type":["Card","Card","Card","Card","Card","Relic","Card","Card","Card","Card","Relic","Potion","Card"],"build_version":"2020-12-22","purchased_purges":2,"victory":false,"max_hp_per_floor":[75,75,75,75,75,75,75,78,76,76,76,74,74,74,72,72,72,72,72],"card_choices":[{"not_picked":["PowerUp","LuminesStrike"],"picked":"StarBarrage","floor":1.0},{"not_picked":[],"picked":"Acceleration","floor":4.0},{"not_picked":[],"picked":"ManaConvection","floor":4.0},{"not_picked":[],"picked":"MaximisePower","floor":4.0},{"not_picked":["MilkyWay","OortCloud"],"picked":"Orbital","floor":6.0},{"not_picked":["ShyLook","UniverseFragment","Variant"],"picked":"Singing Bowl","floor":6.0},{"not_picked":["GreedKing","Variant"],"picked":"Bloodbath","floor":6.0},{"not_picked":["DoubleSpark","DeepEcoloBomb"],"picked":"PropBag","floor":8.0},{"not_picked":["WhitesApple","GreedKing","Rudolta"],"picked":"Singing Bowl","floor":8.0},{"not_picked":["OSAHOGD","HeroicMonk"],"picked":"SpiderBud","floor":8.0},{"not_picked":["StarlightTyphoon","Acceleration"],"picked":"TreasureHunter","floor":10.0},{"not_picked":["FieryBird","Yin","OSAHOGD"],"picked":"Singing Bowl","floor":10.0},{"not_picked":["GravityBeat","ShootTheMoon"],"picked":"MagicChant","floor":14.0},{"not_picked":["SnowQueen","PunishingBird","CherryBlossoms"],"picked":"Singing Bowl","floor":14.0},{"not_picked":["BlackArmy","LaLuna","Murderer"],"picked":"Singing Bowl","floor":16.0},{"not_picked":["Wellcheers","SnowQueen"],"picked":"PlagueDoctor","floor":16.0},{"not_picked":["BlazingStar","BigCrunch"],"picked":"SuperNova","floor":16.0}],"player_experience":36668,"relics_obtained":[{"floor":1.0,"key":"LetterFromLob"},{"floor":1.0,"key":"Baka"},{"floor":5.0,"key":"ReplayTheSpireMod:Ring of Addiction"},{"floor":5.0,"key":"Ring of Greed"},{"floor":5.0,"key":"Toy Ornithopter"},{"floor":5.0,"key":"Circlet"},{"floor":5.0,"key":"Golden Egg"},{"floor":5.0,"key":"Old Coin"},{"floor":6.0,"key":"Baka2"},{"floor":6.0,"key":"Bottled Tornado"},{"floor":8.0,"key":"Pet Ghost"},{"floor":9.0,"key":"HollowMod:LifeEnderRelic"}],"event_choices":[{"damage_healed":0.0,"max_hp_gain":0.0,"max_hp_loss":0.0,"gold_gain":175.0,"event_name":"Liars Game","player_choice":"AGREE","floor":2.0,"gold_loss":0.0,"damage_taken":0.0,"cards_obtained":["Doubt"]},{"damage_healed":0.0,"max_hp_gain":0.0,"max_hp_loss":0.0,"gold_gain":0.0,"event_name":"Scrap Ooze","player_choice":"Success","floor":7.0,"gold_loss":0.0,"damage_taken":3.0,"relics_obtained":["HornCleat"]}],"is_beta":false,"boss_relics":[{"not_picked":["SacredBark","energizedSpire:CursedPentagram"],"picked":"reliquary:KinkedSpring"}],"items_purged_floors":[3,12],"is_endless":false,"potions_floor_spawned":[6,14],"killed_by":"Chosen","ascension_level":0}}