{"host":"ufhw4cf0hh51lveu","time":1614233233,"event":{"mods":["BaseMod","DeckTracker","Lobotomy","Minty Spire (QoL Compilation)","SuperFastMode"],"gold_per_floor":[115,40,55,55,70,70,85,115,115,115,130,145,160,175,175,275,275,290,290,305,305,320,320,419,419,419,434,449,99,99,99,99,199,249,264,279,279,294,309,309,309,324,324,74,74,59,74,89,89,59],"floor_reached":51,"language":"KOR","playtime":1807,"items_purged":["MagicBullet","LifeForTheDareDevil"],"score":822,"play_id":"80bad80c-c9d5-4178-9085-403398c2dcf0","local_time":"20210225150713","daily_mods":["Insanity","Time Dilation","Night Terrors"],"is_ascension_mode":false,"campfire_choices":[],"circlet_count":0,"master_deck":["FourthMatchFlame","RedEyes","RapturousDream","TodaysExpression","Soda","CUTE","Penitence","Harmony","Hornet","FeatherOfHonor","Loneliness","Discord","InTheNameOfLoveAndHate","FourthMatchFlame","Discord","Horn","CUTE","TodaysExpression","Loneliness","CUTE","Loneliness","Beak","Laetitia_ego","RapturousDream","Moonlight","TodaysExpression","Noise","RedEyes","Soda","Logging+1","RedEyes","Noise","TodaysExpression","CherryBlossom","GrinderMk4","FourthMatchFlame","Harmony","BlueScar","FeatherOfHonor","Penitence","Beak","CherryBlossom","FourthMatchFlame","SwordSharpenedByTears","InTheNameOfLoveAndHate","Hypocrisy","FourthMatchFlame","SecurityCode","CentralCode","OldLady","ShyLook","UniverseFragment","Wellcheers","Regret_ego+1","SpecialBullet","Hornet","SomewhereSpear","Heaven","DisciplinaryCode","GoldRush","CurseOfTheBell","OSAHOGD","WristCuter+1","Tough+1","WristCuter+1","Logging","CENSORED_ego","GrinderMk4+1","Wingbeat","TrainingCode","Freischutz","LongBird","Soda+1","FourthMatchFlame+1","Beak+1"],"relics":["CogitoBucket","Frozen Egg 2","SkinProphecy","Calling Bell","Orichalcum","White Beast Statue","Shovel","Nilry\u0027s Codex","LuminousBracelet","Darkstone Periapt","Gremlin Horn","Tiny House","Peace Pipe","Molten Egg 2"],"acts_visited":["Exordium","TheCity","TheBeyond"],"potions_floor_usage":[12,13,16,20,20,33,33,33,33,33,35,35,36,38,38,39,42,46,47,48,50],"damage_taken":[{"damage":7,"enemies":"2 Louse","floor":1,"turns":2},{"damage":15,"enemies":"Small Slimes","floor":3,"turns":7},{"damage":5,"enemies":"Jaw Worm","floor":5,"turns":2},{"damage":5,"enemies":"Large Slime","floor":7,"turns":5},{"damage":0,"enemies":"2 Fungi Beasts","floor":11,"turns":3},{"damage":20,"enemies":"Lots of Slimes","floor":12,"turns":1},{"damage":7,"enemies":"Blue Slaver","floor":13,"turns":2},{"damage":0,"enemies":"3 Louse","floor":14,"turns":4},{"damage":56,"enemies":"Hexaghost","floor":16,"turns":10},{"damage":2,"enemies":"Chosen","floor":18,"turns":3},{"damage":36,"enemies":"2 Thieves","floor":20,"turns":6},{"damage":14,"enemies":"Sentry and Sphere","floor":22,"turns":4},{"damage":18,"enemies":"Shelled Parasite and Fungi","floor":27,"turns":6},{"damage":0,"enemies":"3 Cultists","floor":28,"turns":4},{"damage":131,"enemies":"Automaton","floor":33,"turns":7},{"damage":31,"enemies":"3 Darklings","floor":35,"turns":9},{"damage":54,"enemies":"3 Shapes","floor":36,"turns":4},{"damage":58,"enemies":"Jaw Worm Horde","floor":38,"turns":5},{"damage":16,"enemies":"Writhing Mass","floor":39,"turns":3},{"damage":0,"enemies":"4 Shapes","floor":42,"turns":1},{"damage":0,"enemies":"3 Darklings","floor":46,"turns":2},{"damage":40,"enemies":"Transient","floor":47,"turns":5},{"damage":30,"enemies":"Writhing Mass","floor":48,"turns":6},{"damage":64,"enemies":"Donu and Deca","floor":50,"turns":6}],"seed_played":"3523290589944034342","potions_obtained":[{"floor":3,"key":"AttackPotion"},{"floor":5,"key":"PowerPotion"},{"floor":11,"key":"BlessingOfTheForge"},{"floor":14,"key":"Regen Potion"},{"floor":18,"key":"EssenceOfSteel"},{"floor":20,"key":"Regen Potion"},{"floor":22,"key":"Energy Potion"},{"floor":27,"key":"Regen Potion"},{"floor":28,"key":"EntropicBrew"},{"floor":33,"key":"EssenceOfSteel"},{"floor":34,"key":"CultistPotion"},{"floor":35,"key":"Block Potion"},{"floor":36,"key":"Fruit Juice"},{"floor":38,"key":"Swift Potion"},{"floor":39,"key":"FearPotion"},{"floor":42,"key":"GamblersBrew"},{"floor":46,"key":"SpeedPotion"},{"floor":47,"key":"Ancient Potion"},{"floor":48,"key":"DistilledChaos"}],"is_trial":false,"path_per_floor":["M","$","M","?","M","R","M","?","T","R","M","M","M","M","R","B",null,"M","?","M","?","M","R","?","R","T","M","M","$","R","?","R","B",null,"M","M","?","M","M","R","?","M","T","$","?","M","M","M","R","B",null],"character_chosen":"Angela","items_purchased":["Gremlin Horn","Molten Egg 2"],"campfire_rested":0,"item_purchase_floors":[29,44],"current_hp_per_floor":[63,63,60,60,55,55,70,70,70,70,70,50,58,74,74,41,76,78,62,74,55,60,60,60,60,60,63,79,79,79,79,79,48,115,119,106,106,82,80,80,80,94,94,94,94,112,90,85,85,57],"gold":59,"neow_bonus":"","is_daily":true,"chose_seed":false,"campfire_upgraded":0,"win_rate":0.0,"timestamp":1614233233,"path_taken":["M","$","M","?","M","R","M","?","T","R","M","M","M","M","R","BOSS","M","?","M","?","M","R","?","R","T","M","M","?","R","?","R","BOSS","M","?","?","?","M","R","?","M","T","?","?","M","M","M","R","BOSS"],"items_purchased_type":["Relic","Relic"],"build_version":"2020-12-22","purchased_purges":2,"victory":true,"max_hp_per_floor":[70,70,70,70,70,70,70,70,70,70,70,70,72,74,74,76,76,78,78,97,102,104,104,104,104,104,106,108,108,108,108,108,110,115,119,126,126,128,130,130,130,132,132,132,125,127,129,131,131,133],"card_choices":[{"not_picked":["CrumblingArmor","Murderer"],"picked":"OldLady","floor":1},{"not_picked":["Regret_ego","LifeForTheDareDevil"],"picked":"SKIP","floor":1},{"not_picked":["CherryBlossoms","SpiderBud"],"picked":"ShyLook","floor":3},{"not_picked":["WristCuter","Regret_ego"],"picked":"SKIP","floor":3},{"not_picked":["Funeral","Scorched"],"picked":"UniverseFragment","floor":5},{"not_picked":["CherryBlossom","Christmas"],"picked":"SKIP","floor":5},{"not_picked":["PunishingBird","Scorched"],"picked":"Wellcheers","floor":7},{"not_picked":["Galaxy","SwordSharpenedByTears"],"picked":"SKIP","floor":7},{"not_picked":["Noise"],"picked":"Regret_ego+1","floor":11},{"not_picked":["Harvest"],"picked":"Hornet","floor":12},{"not_picked":["Penitence"],"picked":"SomewhereSpear","floor":13},{"not_picked":["TodaysExpression"],"picked":"Heaven","floor":14},{"not_picked":["TheSmile"],"picked":"GoldRush","floor":16},{"not_picked":["DreamingCurrent","CrumblingArmor"],"picked":"OSAHOGD","floor":18},{"not_picked":["Discord+1"],"picked":"WristCuter+1","floor":18},{"not_picked":["Harmony"],"picked":"Tough+1","floor":20},{"not_picked":["Harvest","Reverberation+1"],"picked":"SKIP","floor":22},{"not_picked":["Variant","Laetitia"],"picked":"Yin","floor":27},{"not_picked":["SoundOfStar"],"picked":"WristCuter+1","floor":27},{"not_picked":["ShedSkin+1"],"picked":"Logging","floor":28},{"not_picked":["DaCapo"],"picked":"CENSORED_ego","floor":33},{"not_picked":["Logging","Noise+1"],"picked":"SKIP","floor":35},{"not_picked":["SomewhereSpear"],"picked":"GrinderMk4+1","floor":36},{"not_picked":["FrostShard+1"],"picked":"Wingbeat","floor":38},{"not_picked":["DespairKnight","RedShoes"],"picked":"Freischutz","floor":39},{"not_picked":["Reverberation","Wingbeat+1"],"picked":"SKIP","floor":39},{"not_picked":["CherryBlossom+1","Regret_ego+1"],"picked":"SKIP","floor":42},{"not_picked":["BlueStar","Variant"],"picked":"LongBird","floor":46},{"not_picked":["Regret_ego+1"],"picked":"Soda+1","floor":46},{"not_picked":["Regret_ego+1"],"picked":"FourthMatchFlame+1","floor":47},{"not_picked":["RapturousDream"],"picked":"Beak+1","floor":48}],"player_experience":84843,"relics_obtained":[{"floor":9,"key":"Frozen Egg 2"},{"floor":17,"key":"Orichalcum"},{"floor":17,"key":"White Beast Statue"},{"floor":17,"key":"Shovel"},{"floor":19,"key":"Nilry\u0027s Codex"},{"floor":26,"key":"Darkstone Periapt"},{"floor":43,"key":"Peace Pipe"}],"event_choices":[{"damage_healed":0,"gold_gain":0,"player_choice":"Ignored","damage_taken":0,"max_hp_gain":0,"max_hp_loss":0,"event_name":"Liars Game","floor":4,"gold_loss":0},{"damage_healed":0,"gold_gain":30,"player_choice":"Searched \u00272\u0027 times","damage_taken":0,"max_hp_gain":0,"max_hp_loss":0,"event_name":"Dead Adventurer","floor":8,"gold_loss":0},{"damage_healed":0,"gold_gain":0,"player_choice":"Obtained Book","damage_taken":16,"max_hp_gain":0,"max_hp_loss":0,"event_name":"Cursed Tome","floor":19,"gold_loss":0},{"damage_healed":0,"gold_gain":0,"player_choice":"Shed Blood","damage_taken":24,"max_hp_gain":5,"max_hp_loss":0,"event_name":"Forgotten Altar","floor":21,"gold_loss":0},{"damage_healed":0,"gold_gain":99,"player_choice":"Stole From Cult","damage_taken":0,"max_hp_gain":0,"max_hp_loss":0,"event_name":"Nest","floor":24,"gold_loss":0},{"cards_removed":["Lamp"],"damage_healed":0,"gold_gain":0,"player_choice":"Elegance","damage_taken":0,"max_hp_gain":0,"max_hp_loss":0,"event_name":"Back to Basics","floor":31,"gold_loss":0},{"damage_healed":0,"gold_gain":0,"player_choice":"Ignored","damage_taken":0,"max_hp_gain":0,"max_hp_loss":0,"event_name":"SecretPortal","floor":37,"gold_loss":0},{"cards_removed":["InformationCode"],"damage_healed":0,"gold_gain":0,"player_choice":"Removed Skill","damage_taken":0,"max_hp_gain":0,"max_hp_loss":0,"event_name":"Falling","floor":41,"gold_loss":0},{"damage_healed":0,"gold_gain":0,"player_choice":"Max HP","damage_taken":0,"max_hp_gain":0,"max_hp_loss":7,"event_name":"Winding Halls","floor":45,"gold_loss":0}],"is_beta":false,"boss_relics":[{"not_picked":["Velvet Choker","Snecko Eye"],"picked":"Calling Bell"},{"not_picked":["SacredBark","Sozu"],"picked":"Tiny House"}],"items_purged_floors":[2,29],"is_endless":false,"potions_floor_spawned":[3,5,11,14,18,20,22,27,28,33,35,36,38,39,42,46,47,48],"ascension_level":0}}