{"host":"bzq0skgbben6khkk","time":1614259899,"event":{"mods":["Act Like it!","BaseMod","Minty Spire (QoL Compilation)","MostiFishMod","StSLib"],"gold_per_floor":[118,193,206,217,217,246,246,276,276,276,1487,1512,1530,1555,1555,1657,1657,1675,1690,819,819,833,833,1459,983,983,1014,1014,1044,1080,1714,1714,1816,1816,1830,1611,1630,1649,1228,1259,1275,1300,1300,1300,1332,1332,1358,978,978,978,978,978,578,605,605],"floor_reached":56,"language":"ZHS","playtime":3260,"items_purged":["Strike_B","Strike_B","Zap","Dualcast","Defend_B","Defend_B"],"score":2078,"play_id":"71fda2a8-1628-4f35-896d-c328318b1def","local_time":"20210225213138","is_ascension_mode":true,"campfire_choices":[{"data":"MostiFishMod:StarOceanB","floor":7.0,"key":"SMITH"},{"data":"Skim","floor":10.0,"key":"SMITH"},{"data":"Recycle","floor":15,"key":"SMITH"},{"data":"MostiFishMod:IntelligentEquipment","floor":23,"key":"SMITH"},{"data":"Heatsinks","floor":32,"key":"SMITH"},{"floor":46,"key":"RECALL"},{"data":"Self Repair","floor":49,"key":"SMITH"},{"data":"MostiFishMod:Neptune","floor":52,"key":"SMITH"}],"circlet_count":0,"master_deck":["Defend_B","Defend_B+1","Genetic Algorithm+1","Skim+1","MostiFishMod:StarOceanB+1","Heatsinks+1","Recycle+1","Double Energy+1","BootSequence+1","MostiFishMod:IntelligentEquipment+1","MostiFishMod:Neptune+1","MostiFishMod:SparklingWater+1","MostiFishMod:FantasySummer+1","MostiFishMod:NightSea+1","Coolheaded+1","Self Repair+1","MostiFishMod:Hijack+1","MostiFishMod:GatherIntelligence+1","Coolheaded+1","MostiFishMod:GatherIntelligence+1","MostiFishMod:StarOceanB+1","Hologram+1","Turbo+1","Double Energy+1","Skim+1","Recycle+1"],"relics":["Cracked Core","DaveBox","NeowsBlessing","TimeKeys","SynthV:TestCard","Bag of Preparation","ThornShield","InkBottle","Toxic Egg 2","Question Card","MoonlightInvasionPlan","SynthV","Gremlin Horn","Molten Egg 2","Bronze Scales","Membership Card","Pear","Kunai","HornCleat","Darkstone Periapt","xbg","Lantern","War Paint","DaCapo","Mercury Hourglass","Chemical X","Meat on the Bone","Du-Vu Doll","Symbiotic Virus","Pen Nib","ChiLing","Chi","Ling","Bottled Lightning","Potion Belt","Bag of Marbles","Ornamental Fan","DollysMirror","ImprovedEquipment"],"acts_visited":["Exordium","TheCity","TheBeyond","TheEnding"],"potions_floor_usage":[12,32],"damage_taken":[{"damage":0.0,"enemies":"Small Slimes","floor":1.0,"turns":1.0},{"damage":0.0,"enemies":"Cultist","floor":3.0,"turns":1.0},{"damage":0.0,"enemies":"2 Louse","floor":4.0,"turns":1.0},{"damage":5.0,"enemies":"Gremlin Nob","floor":6.0,"turns":3.0},{"damage":13.0,"enemies":"3 Sentries","floor":8.0,"turns":3.0},{"damage":16.0,"enemies":"Lots of Slimes","floor":11.0,"turns":3.0},{"damage":0,"enemies":"Lagavulin","floor":12,"turns":5},{"damage":2,"enemies":"Large Slime","floor":13,"turns":3},{"damage":0,"enemies":"3 Sentries","floor":14,"turns":3},{"damage":5,"enemies":"Hexaghost","floor":16,"turns":8},{"damage":1,"enemies":"3 Byrds","floor":18,"turns":3},{"damage":0,"enemies":"2 Thieves","floor":19,"turns":3},{"damage":0,"enemies":"Cultist and Chosen","floor":22,"turns":4},{"damage":1,"enemies":"Book of Stabbing","floor":24,"turns":3},{"damage":0,"enemies":"Snake Plant","floor":27,"turns":2},{"damage":0,"enemies":"Slavers","floor":29,"turns":3},{"damage":0,"enemies":"Shelled Parasite and Fungi","floor":30,"turns":3},{"damage":0,"enemies":"Gremlin Leader","floor":31,"turns":4},{"damage":5,"enemies":"Champ","floor":33,"turns":6},{"damage":0,"enemies":"Orb Walker","floor":35,"turns":3},{"damage":0,"enemies":"3 Shapes","floor":37,"turns":2},{"damage":5,"enemies":"Transient","floor":38,"turns":5},{"damage":0,"enemies":"Nemesis","floor":40,"turns":3},{"damage":0,"enemies":"4 Shapes","floor":41,"turns":1},{"damage":0,"enemies":"Giant Head","floor":42,"turns":3},{"damage":0,"enemies":"Reptomancer","floor":45,"turns":2},{"damage":0,"enemies":"Nemesis","floor":47,"turns":5},{"damage":2,"enemies":"Time Eater","floor":50,"turns":7},{"damage":1,"enemies":"Shield and Spear","floor":54,"turns":2},{"damage":0,"enemies":"The Heart","floor":55,"turns":4}],"seed_played":"3553348564060391257","potions_obtained":[{"floor":1.0,"key":"ColorlessPotion"},{"floor":3.0,"key":"FocusPotion"},{"floor":4.0,"key":"Regen Potion"},{"floor":19,"key":"Explosive Potion"},{"floor":24,"key":"AttackPotion"},{"floor":31,"key":"Fruit Juice"}],"is_trial":false,"path_per_floor":["M","?","M","M","?","E","R","E","T","R","M","E","M","E","R","B",null,"M","M","$","?","M","R","E","$","T","M","?","E","M","E","R","B",null,"M","$","M","M","$","E","M","E","T","?","E","R","E","$","R","B",null,"R","$","E","B",null],"character_chosen":"DEFECT","items_purchased":["SynthV","Gremlin Horn","Molten Egg 2","MostiFishMod:Hijack+1","Membership Card","Pear","Kunai","Coolheaded+1","Lantern","War Paint","DaCapo","Mercury Hourglass","Chemical X","ChiLing","Bottled Lightning","Double Energy+1","Potion Belt","Bag of Marbles","Ornamental Fan","DollysMirror","Recycle+1"],"campfire_rested":0,"item_purchase_floors":[20,20,20,20,25,25,25,25,36,36,39,39,39,48,48,48,48,53,53,53,53],"current_hp_per_floor":[75,64,64,64,64,59,59,46,46,46,30,44,42,42,42,37,75,74,74,74,74,75,75,75,85,85,85,85,85,85,85,90,85,90,90,90,90,90,90,90,90,90,90,90,90,90,90,90,90,88,90,90,90,90,90],"gold":605,"neow_bonus":"THREE_ENEMY_KILL","is_daily":false,"chose_seed":false,"campfire_upgraded":7,"win_rate":0.0,"timestamp":1614259898,"path_taken":["M","?","M","M","?","E","R","E","T","R","?","E","M","E","R","BOSS","M","M","$","?","?","R","E","$","T","M","?","E","M","E","R","BOSS","M","$","M","M","$","E","M","E","T","?","E","R","E","$","R","BOSS","R","$","E","BOSS"],"items_purchased_type":["Relic","Relic","Relic","Card","Relic","Relic","Relic","Card","Relic","Relic","Relic","Relic","Relic","Relic","Relic","Card","Relic","Relic","Relic","Relic","Card"],"build_version":"2020-12-22","purchased_purges":6,"victory":true,"max_hp_per_floor":[75,75,75,75,75,75,75,75,75,75,75,75,75,75,75,75,75,75,75,75,75,75,75,75,85,85,85,85,85,85,85,90,90,90,90,90,90,90,90,90,90,90,90,90,90,90,90,90,90,90,90,90,90,90,90],"card_choices":[{"not_picked":["Turbo","Skim"],"picked":"Genetic Algorithm","floor":1.0},{"not_picked":["Reprogram","Cold Snap","MostiFishMod:PushDownKick","Compile Driver"],"picked":"Skim","floor":3.0},{"not_picked":["Streamline","Gash","Redo","Sweeping Beam","Compile Driver"],"picked":"SKIP","floor":4.0},{"not_picked":["Fission","Capacitor","Streamline","Stack"],"picked":"MostiFishMod:StarOceanB","floor":6.0},{"not_picked":["Redo","Capacitor","Go for the Eyes","MostiFishMod:PushDownKick"],"picked":"Heatsinks","floor":8.0},{"not_picked":["MostiFishMod:SeaWaves","Glacier","Static Discharge","Loop"],"picked":"Recycle","floor":11.0},{"not_picked":["Compile Driver","Barrage","Steam+1","Undo+1"],"picked":"Double Energy+1","floor":12},{"not_picked":["Stack+1","Defragment","Streamline","Barrage","Blizzard"],"picked":"SKIP","floor":13},{"not_picked":["MostiFishMod:DawningShadow","MostiFishMod:Impulse+1","Rebound","Sweeping Beam"],"picked":"BootSequence+1","floor":14},{"not_picked":["MostiFishMod:Culaccino+1","MostiFishMod:SeaWaves","Amplify+1","MostiFishMod:Prepare","Thunder Strike"],"picked":"MostiFishMod:IntelligentEquipment","floor":16},{"not_picked":["Fusion+1","Cold Snap","Gash+1","MostiFishMod:PushDownKick","Redo+1"],"picked":"Coolheaded+1","floor":18},{"not_picked":["Static Discharge+1","Gash","Redo+1","Scrape","Barrage"],"picked":"Self Repair","floor":19},{"not_picked":["Leap+1","Scrape+1","Force Field+1","Reprogram+1","Skim+1","Chill+1"],"picked":"SKIP","floor":22},{"not_picked":["Rip and Tear+1","Turbo+1","MostiFishMod:Hijack+1","Skim+1","Redo+1"],"picked":"MostiFishMod:GatherIntelligence+1","floor":24},{"not_picked":["Gash+1","Cold Snap+1","Redo+1","Barrage+1","Rip and Tear+1","Streamline+1"],"picked":"SKIP","floor":27},{"not_picked":["Compile Driver+1","Streamline+1","Cold Snap+1","Redo+1","Turbo+1","MostiFishMod:ATRI+1"],"picked":"SKIP","floor":29},{"not_picked":["Reprogram+1","Compile Driver+1","Go for the Eyes+1","BootSequence+1","Rebound+1","Blizzard+1"],"picked":"SKIP","floor":30},{"not_picked":["MostiFishMod:Impulse+1","Leap+1","Hello World","MostiFishMod:DeathFromBelow+1","Stack+1"],"picked":"MostiFishMod:GatherIntelligence+1","floor":31},{"not_picked":["Creative AI","MostiFishMod:Prepare","Machine Learning","MostiFishMod:InterfaceCompatibility","MostiFishMod:TalkingToTheRain"],"picked":"MostiFishMod:StarOceanB+1","floor":33},{"not_picked":["Sweeping Beam+1","Redo+1","Beam Cell+1","Force Field+1","Streamline+1","Coolheaded+1"],"picked":"SKIP","floor":35},{"not_picked":["Static Discharge","Scrape+1","FTL+1","Turbo+1","Streamline+1","Cold Snap+1"],"picked":"SKIP","floor":37},{"not_picked":["Leap+1","Sweeping Beam+1","MostiFishMod:GatherIntelligence+1","Reprogram+1","Beam Cell+1"],"picked":"Hologram+1","floor":38},{"not_picked":["MostiFishMod:ReadyAimFire+1","Barrage+1","Doom and Gloom+1","Beam Cell+1","MostiFishMod:ReprogramOld+1"],"picked":"Turbo+1","floor":40},{"not_picked":["Chill+1","Steam Power+1","Streamline+1","MostiFishMod:PushDownKick+1","Stack+1","Static Discharge"],"picked":"SKIP","floor":41},{"not_picked":["Redo+1","Stack+1","Turbo+1","Sweeping Beam+1","Darkness+1","Undo+1"],"picked":"SKIP","floor":42},{"not_picked":["Ball Lightning+1","Beam Cell+1","Defragment+1","Barrage+1","Steam Power+1","Electrodynamics"],"picked":"SKIP","floor":45},{"not_picked":["Conserve Battery+1","Redo+1","Stack+1","Gash+1","Skim+1","MostiFishMod:PushDownKick+1"],"picked":"SKIP","floor":47},{"not_picked":["Go for the Eyes+1","Darkness+1","Rainbow+1","Heatsinks+1","Lockon+1","Double Energy+1"],"picked":"SKIP","floor":54}],"player_experience":485381,"relics_obtained":[{"floor":1.0,"key":"SynthV:TestCard"},{"floor":6.0,"key":"Bag of Preparation"},{"floor":8.0,"key":"ThornShield"},{"floor":9.0,"key":"InkBottle"},{"floor":12,"key":"Toxic Egg 2"},{"floor":14,"key":"Question Card"},{"floor":24,"key":"Bronze Scales"},{"floor":29,"key":"HornCleat"},{"floor":31,"key":"Darkstone Periapt"},{"floor":40,"key":"Meat on the Bone"},{"floor":43,"key":"Du-Vu Doll"},{"floor":45,"key":"Symbiotic Virus"},{"floor":47,"key":"Pen Nib"},{"floor":54,"key":"ImprovedEquipment"}],"event_choices":[{"damage_healed":0.0,"max_hp_gain":0.0,"max_hp_loss":0.0,"gold_gain":75.0,"event_name":"World of Goop","player_choice":"Gather Gold","floor":2.0,"gold_loss":0.0,"damage_taken":11.0},{"cards_removed":["Strike_B"],"damage_healed":0.0,"max_hp_gain":0.0,"max_hp_loss":0.0,"gold_gain":0.0,"event_name":"Purifier","player_choice":"Purged","floor":5.0,"gold_loss":0.0,"damage_taken":0.0},{"cards_removed":["Strike_B"],"damage_healed":0,"gold_gain":0,"player_choice":"Card Removal","damage_taken":0,"max_hp_gain":0,"max_hp_loss":0,"event_name":"Wheel of Change","floor":21,"gold_loss":0},{"damage_healed":0,"gold_gain":0,"player_choice":"Ignored","damage_taken":0,"max_hp_gain":0,"max_hp_loss":0,"event_name":"Ghosts","floor":28,"gold_loss":0},{"cards_removed":["MostiFishMod:TheEndOfMoonlight"],"damage_healed":0,"gold_gain":0,"player_choice":"Removed Attack","damage_taken":0,"max_hp_gain":0,"max_hp_loss":0,"event_name":"Falling","floor":44,"gold_loss":0}],"is_beta":false,"boss_relics":[{"not_picked":["FrozenCore","ChiXiaoBlade"],"picked":"MoonlightInvasionPlan"},{"not_picked":["Snecko Eye","ExusiaiGun"],"picked":"xbg"}],"items_purged_floors":[20,25,36,39,48,53],"is_endless":false,"potions_floor_spawned":[1,3,4,8,19,24,27,31,41,47],"ascension_level":2}}