{"host":"kaame4qwxxqnygv7","time":1614260602,"event":{"mods":["AchievementEnabler","BaseMod","Better Match","Better Skull","Better Third Choice","BetterRewards","Block Reminder","Bossed Relics","DeckTracker","Energized Spire","GungeonMod","Minty Spire (QoL Compilation)","Quick Restart","Red Circlet Mod","StSLib","SuperFastMode","The Blue Laboratory"],"gold_per_floor":[112,112,37,0,13,13,13,13],"floor_reached":7,"language":"KOR","playtime":137,"items_purged":["Strike_G"],"score":70,"play_id":"d82aa87c-62c4-4e46-b6fc-8f1a07e7e48f","local_time":"20210225224322","is_ascension_mode":true,"campfire_choices":[{"data":"Defend_G","floor":6.0,"key":"PURGE"}],"circlet_count":0,"master_deck":["AscendersBane","Strike_G","Strike_G","Strike_G+1","Strike_G+1","Defend_G+1","Defend_G","Defend_G+1","Defend_G","Survivor","Neutralize","Dagger Spray"],"relics":["Ring of the Snake","DemoMod:MeatBun","WingedGreaves","Whetstone","Peace Pipe","Bag of Marbles","DemoMod:GnawedKey","War Paint","DemoMod:GlassGuonStoneRelic"],"acts_visited":["Exordium"],"potions_floor_usage":[],"damage_taken":[{"damage":0.0,"enemies":"Small Slimes","floor":1.0,"turns":1.0},{"damage":0.0,"enemies":"Cultist","floor":5.0,"turns":1.0},{"damage":0,"enemies":"Lagavulin","floor":7,"turns":5}],"seed_played":"-4469280346045435395","potions_obtained":[{"floor":1.0,"key":"blueLaboratory:CorrosionFlask"}],"is_trial":false,"path_per_floor":["M","?","$","?","M","R","E"],"character_chosen":"THE_SILENT","items_purchased":["DemoMod:MeatBun","Dagger Spray","Whetstone","blueLaboratory:FruitPunch","Bag of Marbles","DemoMod:GnawedKey","War Paint"],"campfire_rested":0,"item_purchase_floors":[0,0,0,0,0,0,0],"current_hp_per_floor":[31,22,22,22,24,24,24,24],"gold":13,"neow_bonus":"","is_daily":false,"chose_seed":false,"campfire_upgraded":0,"win_rate":0.0,"timestamp":1614260602,"path_taken":["M","?","?","?","?","R","E"],"items_purchased_type":["Relic","Card","Relic","Potion","Relic","Relic","Relic"],"build_version":"2020-12-22","purchased_purges":1,"victory":false,"max_hp_per_floor":[66,66,66,66,68,68,68,68],"card_choices":[{"not_picked":["Prepared","Masterful Stab","Quick Slash"],"picked":"SKIP","floor":1.0},{"not_picked":["Slice","Concentrate","Quick Slash"],"picked":"SKIP","floor":5.0}],"player_experience":345089,"relics_obtained":[],"event_choices":[{"damage_healed":0.0,"max_hp_gain":0.0,"max_hp_loss":0.0,"gold_gain":0.0,"event_name":"Wheel of Change","player_choice":"Damaged","floor":2.0,"gold_loss":0.0,"damage_taken":9.0},{"damage_healed":0.0,"max_hp_gain":0.0,"max_hp_loss":0.0,"gold_gain":0.0,"event_name":"betterThird:BetterGoop","player_choice":"Left","floor":4.0,"gold_loss":37.0,"damage_taken":0.0}],"is_beta":false,"boss_relics":[],"items_purged_floors":[3],"is_endless":false,"potions_floor_spawned":[1],"killed_by":"Lagavulin","ascension_level":16}}