{"host":"lku4gktzilv18rfq","time":1614220233,"event":{"mods":["BaseMod","Minty Spire (QoL Compilation)","Permanent Neow","StSLib","thorton"],"gold_per_floor":[124,49,65,140,140,194,194,254,279,279,305,305,356,356,356,517,517,582,663,89,149,230,230,230],"floor_reached":22,"language":"ENG","playtime":1495,"items_purged":["Normality","thethorton:Strike"],"score":230,"play_id":"1f874493-d856-4819-addd-6e68d4e08bd7","local_time":"20210224183033","is_ascension_mode":true,"campfire_choices":[{"data":"thethorton:Heckle","floor":7,"key":"SMITH"},{"data":"thethorton:BusinessBurst","floor":10,"key":"SMITH"},{"data":"thethorton:ToxicGreed","floor":12,"key":"SMITH"},{"floor":15,"key":"REST"}],"circlet_count":0,"master_deck":["thethorton:Strike","thethorton:Strike","thethorton:Strike","thethorton:Defend","thethorton:Defend","thethorton:Defend","thethorton:Defend","thethorton:Heckle+1","thethorton:CreditCard","Panache","thethorton:ToxicGreed+1","thethorton:GoldBuffer","thethorton:GoldBuffer","thethorton:BusinessBurst+1","thethorton:CoinClash","thethorton:ChartProject","thethorton:CallShop","thethorton:CashBash","thethorton:ToxicGreed+1","thethorton:PennyToss"],"relics":["thethorton:CouragePotion","Golden Idol","Bronze Scales","Bag of Marbles","PreservedInsect","Philosopher\u0027s Stone","CaptainsWheel"],"acts_visited":["Exordium","TheCity"],"potions_floor_usage":[6,8,16,22],"damage_taken":[{"damage":2,"enemies":"Cultist","floor":1,"turns":4},{"damage":3,"enemies":"Small Slimes","floor":3,"turns":4},{"damage":27,"enemies":"3 Sentries","floor":6,"turns":10},{"damage":0,"enemies":"Lagavulin","floor":8,"turns":5},{"damage":0,"enemies":"2 Louse","floor":11,"turns":2},{"damage":6,"enemies":"Blue Slaver","floor":13,"turns":5},{"damage":18,"enemies":"The Guardian","floor":16,"turns":12},{"damage":15,"enemies":"Shell Parasite","floor":18,"turns":3},{"damage":10,"enemies":"Chosen","floor":19,"turns":6},{"damage":27,"enemies":"Snake Plant","floor":21,"turns":3},{"damage":16,"enemies":"Sentry and Sphere","floor":22,"turns":5}],"seed_played":"-735463088158202497","potions_obtained":[{"floor":1,"key":"Fire Potion"},{"floor":6,"key":"ColorlessPotion"},{"floor":13,"key":"BlessingOfTheForge"},{"floor":18,"key":"BlessingOfTheForge"}],"is_trial":false,"path_per_floor":["M","$","M","?","?","E","R","E","T","R","M","R","M","?","R","B",null,"M","M","$","M","M"],"character_chosen":"THE_THORT","items_purchased":["thethorton:PennyToss","CaptainsWheel"],"campfire_rested":1,"item_purchase_floors":[20,20],"current_hp_per_floor":[48,48,45,34,34,7,7,7,7,7,7,7,1,1,19,1,63,48,38,38,11,0,0,0],"gold":230,"neow_bonus":"RANDOM_COLORLESS_2","is_daily":false,"chose_seed":false,"campfire_upgraded":3,"win_rate":0.0,"timestamp":1614220233,"path_taken":["M","$","?","?","?","E","R","E","T","R","M","R","M","?","R","BOSS","M","M","?","M","M"],"items_purchased_type":["Card","Relic"],"build_version":"2020-12-22","purchased_purges":2,"victory":false,"max_hp_per_floor":[68,68,68,68,63,63,63,63,63,63,63,63,63,63,63,63,63,63,63,63,63,63,63,63],"card_choices":[{"not_picked":["Violence","Thinking Ahead"],"picked":"Panache","floor":0},{"not_picked":["thethorton:BookBash","thethorton:FearfulRun"],"picked":"thethorton:ToxicGreed","floor":1},{"not_picked":["thethorton:WhirlingBriefcase","thethorton:Investment"],"picked":"thethorton:GoldBuffer","floor":3},{"not_picked":["thethorton:AngerMoment","thethorton:TakeAccounts"],"picked":"thethorton:GoldBuffer","floor":6},{"not_picked":["thethorton:TakeAccounts","thethorton:StumblingSlap"],"picked":"thethorton:BusinessBurst","floor":8},{"not_picked":["thethorton:Investment","thethorton:LongTermPayoff"],"picked":"thethorton:CoinClash","floor":11},{"not_picked":["thethorton:Distance","thethorton:ShoutAndRun"],"picked":"thethorton:ChartProject","floor":13},{"not_picked":["thethorton:ScalingIsWin","thethorton:CrashingStocks"],"picked":"thethorton:CallShop","floor":16},{"not_picked":["thethorton:ShoutAndRun+1","thethorton:WhirlingBriefcase"],"picked":"thethorton:CashBash","floor":18},{"not_picked":["thethorton:MomentaryBreak+1","thethorton:ROI"],"picked":"thethorton:ToxicGreed+1","floor":19},{"not_picked":["thethorton:BookBash","thethorton:RunningFeint","thethorton:BoardroomBlast+1"],"picked":"SKIP","floor":21}],"player_experience":915713,"relics_obtained":[{"floor":6,"key":"Bronze Scales"},{"floor":8,"key":"Bag of Marbles"},{"floor":9,"key":"PreservedInsect"}],"event_choices":[{"damage_healed":0,"gold_gain":75,"player_choice":"Gather Gold","damage_taken":11,"max_hp_gain":0,"max_hp_loss":0,"event_name":"World of Goop","floor":4,"gold_loss":0},{"damage_healed":0,"gold_gain":0,"player_choice":"Lose Max HP","damage_taken":0,"relics_obtained":["Golden Idol"],"max_hp_gain":0,"max_hp_loss":5,"event_name":"Golden Idol","floor":5,"gold_loss":0},{"damage_healed":0,"gold_gain":0,"player_choice":"Ignored","damage_taken":0,"max_hp_gain":0,"max_hp_loss":0,"event_name":"Liars Game","floor":14,"gold_loss":0}],"is_beta":false,"boss_relics":[{"not_picked":["Tiny House","Cursed Key"],"picked":"Philosopher\u0027s Stone"}],"items_purged_floors":[2,20],"is_endless":false,"potions_floor_spawned":[1,6,13,18],"killed_by":"Sentry and Sphere","ascension_level":1}}