{"host":"4vug5pt12lz8ck3t","time":1614229572,"event":{"mods":["Act Like it!","BaseMod","Better Altar","Better Match","Better Note","Better Skull","Better Third Choice","Minty Spire (QoL Compilation)","Morshu Shopkeeper","Morshu Shopkeeper - ENHANCED","Potion Indicator Mod","Rare Cards Sparkle","Relic Stats","Replay The Spire","Retaliation","Shop Mod","Spicy Shops","StSLib","[GremlinLeader]The Maniac"],"gold_per_floor":[109,59,59,74,85,110,110],"floor_reached":6,"language":"ENG","playtime":225,"items_purged":[],"score":46,"play_id":"c2fd7d02-5b89-4a93-a093-2c0c96336615","local_time":"20210225000612","is_ascension_mode":false,"campfire_choices":[],"circlet_count":0,"master_deck":["maniac:Strike","maniac:Strike","maniac:Strike","maniac:Strike","maniac:Defend","maniac:Defend","maniac:Defend","maniac:Defend","maniac:BurnBlood","maniac:AbyssShackle+1","maniac:Confront","maniac:Precision","maniac:WardAndDefend"],"relics":["maniac:DamagedAnvil","maniac:BrokenHorn","Replay:Rubber Ducky"],"acts_visited":["Exordium"],"potions_floor_usage":[6],"damage_taken":[{"damage":2,"enemies":"2 Louse","floor":1,"turns":3},{"damage":6,"enemies":"Jaw Worm","floor":4,"turns":3},{"damage":0,"enemies":"Cultist","floor":5,"turns":3},{"damage":27,"enemies":"Gremlin Nob","floor":6,"turns":4}],"seed_played":"-7522703107115337445","potions_obtained":[{"floor":4,"key":"Strength Potion"},{"floor":6,"key":"Energy Potion"}],"is_trial":false,"path_per_floor":["M","?","?","M","M","E"],"character_chosen":"THE_MANIAC","items_purchased":[],"campfire_rested":0,"item_purchase_floors":[],"current_hp_per_floor":[86,86,86,80,80,53,53],"gold":110,"neow_bonus":"TEN_PERCENT_HP_BONUS","is_daily":false,"chose_seed":false,"campfire_upgraded":0,"win_rate":0.0,"timestamp":1614229572,"path_taken":["M","?","?","M","?","E"],"items_purchased_type":[],"build_version":"2020-12-22","purchased_purges":0,"victory":false,"max_hp_per_floor":[88,88,88,88,88,88,88],"relic_stats":{"counters":[4,13],"obtain_stats":[{"maniac:DamagedAnvil":0,"maniac:BrokenHorn":0,"Replay:Rubber Ducky":6},{"maniac:DamagedAnvil":0,"maniac:BrokenHorn":0,"Replay:Rubber Ducky":4},{"maniac:DamagedAnvil":0,"maniac:BrokenHorn":0,"Replay:Rubber Ducky":13}]},"card_choices":[{"not_picked":["maniac:BladesInCloak","maniac:PanickyParry"],"picked":"maniac:Confront","floor":1},{"not_picked":["maniac:SpectralKnives","maniac:BladesInCloak"],"picked":"maniac:Precision","floor":4},{"not_picked":["maniac:BladesInCloak","maniac:DashForward"],"picked":"maniac:WardAndDefend","floor":5}],"player_experience":287986,"relics_obtained":[{"floor":6,"key":"Replay:Rubber Ducky"}],"event_choices":[{"cards_removed":["maniac:Strike"],"damage_healed":0,"gold_gain":0,"player_choice":"Card Removal","damage_taken":0,"max_hp_gain":0,"max_hp_loss":0,"event_name":"The Cleric","floor":2,"gold_loss":50},{"damage_healed":0,"gold_gain":0,"player_choice":"Upgraded","damage_taken":0,"max_hp_gain":0,"max_hp_loss":0,"event_name":"Upgrade Shrine","floor":3,"gold_loss":0,"cards_upgraded":["maniac:AbyssShackle"]}],"is_beta":false,"boss_relics":[],"items_purged_floors":[],"is_endless":false,"potions_floor_spawned":[4,6],"killed_by":"Gremlin Nob","ascension_level":0}}