{"host":"ecvfachamqf62ewl","time":1614215122,"event":{"mods":["AchievementEnabler","BaseMod","Colored Map","Colored Powertips","Minty Spire (QoL Compilation)","Rare Cards Sparkle","Relic Stats","StSLib","SuperFastMode"],"gold_per_floor":[112,123,141,158,174,174,204,220,220,236,247,32,97,97,97,198,198,212,137,137,150,163,163,190,207,207,236,249,261,271,271,271],"floor_reached":31,"language":"ENG","playtime":2049,"items_purged":[],"score":285,"play_id":"cbed8afc-a98e-469e-ae93-f1b3e63bb95a","local_time":"20210224200522","is_ascension_mode":false,"campfire_choices":[{"data":"Biased Cognition","floor":6,"key":"SMITH"},{"data":"Capacitor","floor":15,"key":"SMITH"},{"data":"Coolheaded","floor":23,"key":"SMITH"}],"circlet_count":0,"master_deck":["Zap","Dualcast","Undo+1","Biased Cognition+1","Coolheaded+1","Doom and Gloom","Doom and Gloom","Fusion+1","Capacitor+1","Stack","Consume","Coolheaded","Compile Driver","BootSequence","Go for the Eyes","Electrodynamics","Coolheaded","Streamline","Ball Lightning","Machine Learning+1","Loop+1","Hologram+1","Defragment+1","Turbo","Undo+1","Regret","Ball Lightning","Creative AI+1","Aggregate"],"relics":["Pandora\u0027s Box","Centennial Puzzle","Frozen Egg 2","Lee\u0027s Waffle","War Paint","Cursed Key","Bottled Lightning","Gremlin Horn","Omamori"],"acts_visited":["Exordium","TheCity"],"potions_floor_usage":[3,11,21,27,30],"damage_taken":[{"damage":3,"enemies":"Small Slimes","floor":1,"turns":3},{"damage":1,"enemies":"2 Louse","floor":2,"turns":3},{"damage":6,"enemies":"Jaw Worm","floor":3,"turns":5},{"damage":6,"enemies":"3 Louse","floor":4,"turns":3},{"damage":0,"enemies":"2 Fungi Beasts","floor":5,"turns":4},{"damage":7,"enemies":"Lagavulin","floor":7,"turns":7},{"damage":1,"enemies":"Large Slime","floor":8,"turns":6},{"damage":3,"enemies":"Looter","floor":10,"turns":3},{"damage":4,"enemies":"Exordium Wildlife","floor":11,"turns":6},{"damage":13,"enemies":"Gremlin Nob","floor":13,"turns":4},{"damage":29,"enemies":"The Guardian","floor":16,"turns":12},{"damage":0,"enemies":"Shell Parasite","floor":18,"turns":4},{"damage":0,"enemies":"Chosen","floor":21,"turns":4},{"damage":6,"enemies":"Centurion and Healer","floor":22,"turns":5},{"damage":14,"enemies":"Book of Stabbing","floor":24,"turns":6},{"damage":10,"enemies":"Shelled Parasite and Fungi","floor":25,"turns":5},{"damage":17,"enemies":"Gremlin Leader","floor":27,"turns":5},{"damage":14,"enemies":"Cultist and Chosen","floor":28,"turns":4},{"damage":3,"enemies":"Chosen and Byrds","floor":29,"turns":5},{"damage":17,"enemies":"3 Cultists","floor":30,"turns":3},{"damage":1,"enemies":"Book of Stabbing","floor":31,"turns":1}],"seed_played":"3313491974178802207","potions_obtained":[{"floor":2,"key":"BlessingOfTheForge"},{"floor":4,"key":"SteroidPotion"},{"floor":8,"key":"DistilledChaos"},{"floor":11,"key":"EssenceOfDarkness"},{"floor":13,"key":"FocusPotion"},{"floor":22,"key":"BlessingOfTheForge"},{"floor":24,"key":"Dexterity Potion"},{"floor":28,"key":"Swift Potion"},{"floor":30,"key":"BlessingOfTheForge"}],"is_trial":false,"path_per_floor":["M","M","M","M","M","R","E","M","T","M","M","$","?","?","R","B",null,"M","?","?","M","M","R","E","M","T","E","M","M","M","E"],"character_chosen":"DEFECT","items_purchased":["Lee\u0027s Waffle","DistilledChaos"],"campfire_rested":0,"item_purchase_floors":[12,12],"current_hp_per_floor":[72,71,65,59,59,59,52,51,51,48,44,82,69,69,69,40,82,82,82,82,82,76,76,62,52,52,35,21,18,1,0,0],"gold":271,"neow_bonus":"BOSS_RELIC","is_daily":false,"chose_seed":false,"campfire_upgraded":3,"win_rate":0.0,"timestamp":1614215122,"path_taken":["M","M","M","M","M","R","E","M","T","M","M","$","?","?","R","BOSS","M","?","?","M","M","R","E","M","T","E","M","M","M","E"],"items_purchased_type":["Relic","Potion"],"build_version":"2020-12-22","purchased_purges":0,"victory":false,"max_hp_per_floor":[75,75,75,75,75,75,75,75,75,75,75,82,82,82,82,82,82,82,82,82,82,82,82,82,82,82,82,82,82,82,82,82],"relic_stats":{"Centennial Puzzle":[36],"Lee\u0027s Waffle":38,"Gremlin Horn":[8,8],"counters":[21,98],"Pandora\u0027s Box":["Undo","Biased Cognition","Coolheaded","Sunder","Doom and Gloom","Doom and Gloom","Fusion","Capacitor"],"War Paint":["Fusion","Undo"],"Cursed Key":1,"obtain_stats":[{"Centennial Puzzle":7,"Lee\u0027s Waffle":12,"Gremlin Horn":26,"Pandora\u0027s Box":0,"Omamori":27,"Bottled Lightning":24,"Frozen Egg 2":9,"War Paint":13,"Cracked Core":0,"Cursed Key":17},{"Centennial Puzzle":6,"Lee\u0027s Waffle":9,"Gremlin Horn":16,"Pandora\u0027s Box":0,"Omamori":17,"Bottled Lightning":15,"Frozen Egg 2":7,"War Paint":10,"Cracked Core":0,"Cursed Key":11},{"Centennial Puzzle":25,"Lee\u0027s Waffle":40,"Gremlin Horn":80,"Pandora\u0027s Box":0,"Omamori":85,"Bottled Lightning":75,"Frozen Egg 2":31,"War Paint":44,"Cracked Core":0,"Cursed Key":56}]},"card_choices":[{"not_picked":["FTL","Beam Cell"],"picked":"Stack","floor":1},{"not_picked":["Cold Snap","Streamline"],"picked":"Consume","floor":2},{"not_picked":["Go for the Eyes","Multi-Cast"],"picked":"Coolheaded","floor":3},{"not_picked":["Streamline","Redo"],"picked":"Compile Driver","floor":4},{"not_picked":["Leap","Hello World"],"picked":"BootSequence","floor":5},{"not_picked":["Gash","Stack"],"picked":"Go for the Eyes","floor":7},{"not_picked":["Stack","Double Energy"],"picked":"Electrodynamics","floor":8},{"not_picked":["Compile Driver","Sweeping Beam"],"picked":"Coolheaded","floor":10},{"not_picked":["Consume","Rip and Tear"],"picked":"Streamline","floor":11},{"not_picked":["Coolheaded","Barrage"],"picked":"Ball Lightning","floor":13},{"not_picked":["Meteor Strike","Reboot"],"picked":"Machine Learning+1","floor":16},{"not_picked":["Streamline","Beam Cell"],"picked":"Loop+1","floor":18},{"not_picked":["BootSequence","Barrage"],"picked":"Hologram+1","floor":21},{"not_picked":["Doom and Gloom","Gash"],"picked":"Defragment+1","floor":22},{"not_picked":["Cold Snap","Leap"],"picked":"Turbo","floor":24},{"not_picked":["Consume","Stack"],"picked":"Undo+1","floor":25},{"not_picked":["Sweeping Beam+1","Leap"],"picked":"Ball Lightning","floor":27},{"not_picked":["Reinforced Body","Barrage"],"picked":"Creative AI+1","floor":28},{"not_picked":["Fusion","Barrage","Streamline+1"],"picked":"SKIP","floor":29},{"not_picked":["Seek","Steam"],"picked":"Aggregate","floor":30}],"player_experience":447646,"relics_obtained":[{"floor":7,"key":"Centennial Puzzle"},{"floor":9,"key":"Frozen Egg 2"},{"floor":13,"key":"War Paint"},{"floor":24,"key":"Bottled Lightning"},{"floor":26,"key":"Gremlin Horn"},{"floor":27,"key":"Omamori"}],"event_choices":[{"damage_healed":0,"gold_gain":0,"player_choice":"Searched \u00271\u0027 times","damage_taken":0,"max_hp_gain":0,"max_hp_loss":0,"event_name":"Dead Adventurer","floor":13,"gold_loss":0},{"damage_healed":0,"gold_gain":0,"player_choice":"Ignored","damage_taken":0,"max_hp_gain":0,"max_hp_loss":0,"event_name":"Liars Game","floor":14,"gold_loss":0},{"cards_removed":["Sunder"],"damage_healed":0,"gold_gain":0,"player_choice":"Gave Gold","damage_taken":0,"max_hp_gain":0,"max_hp_loss":0,"event_name":"Beggar","floor":19,"gold_loss":75},{"damage_healed":0,"gold_gain":0,"player_choice":"Ignored","damage_taken":0,"max_hp_gain":0,"max_hp_loss":0,"event_name":"Ghosts","floor":20,"gold_loss":0}],"is_beta":false,"boss_relics":[{"not_picked":["Fusion Hammer","Philosopher\u0027s Stone"],"picked":"Cursed Key"}],"items_purged_floors":[],"is_endless":false,"potions_floor_spawned":[2,4,8,11,13,22,24,28,30],"killed_by":"Book of Stabbing","ascension_level":0}}