{"host":"f7915vm1ahl7kex1","time":1614270478,"event":{"mods":["BaseMod","Colored Map","Downfall","Minty Spire (QoL Compilation)","Quick Restart","Spire Arcade","StSLib"],"gold_per_floor":[99,99,99,24,24,42,67,85,185,185,185,185],"floor_reached":10,"language":"ENG","playtime":460,"items_purged":["downfall:Bewildered"],"score":54,"play_id":"2c4d164d-06a6-421d-b83a-c2bd8c40ceea","local_time":"20210225102758","is_ascension_mode":false,"campfire_choices":[],"circlet_count":0,"master_deck":["sneckomod:Strike","sneckomod:Defend","sneckomod:Defend","sneckomod:SnekBite","sneckomod:Unknown","bronze:RecursiveStrike","sneckomod:DiceBoulder","sneckomod:UnknownUncommonPower","sneckomod:PureSnecko","sneckomod:UnknownStrength","sneckomod:MorePower+1","sneckomod:ImprovisedGuard","sneckomod:UnknownRareAttack+1","sneckomod:UnknownClassGREEN+1","sneckomod:SoulDraw","expansioncontent:PolyBeam"],"relics":["sneckomod:SneckoSoul","downfall:HeartsMalice","Orichalcum"],"acts_visited":["Exordium"],"potions_floor_usage":[10],"damage_taken":[{"damage":0.0,"enemies":"2 Louse","floor":2.0,"turns":1.0},{"damage":0.0,"enemies":"downfall:FleeingMerchant","floor":4.0,"turns":1.0},{"damage":0.0,"enemies":"Cultist","floor":5.0,"turns":1.0},{"damage":11.0,"enemies":"Jaw Worm","floor":6.0,"turns":4.0},{"damage":3.0,"enemies":"2 Fungi Beasts","floor":8.0,"turns":5.0},{"damage":47,"enemies":"downfall:Heads","floor":9,"turns":7},{"damage":50,"enemies":"Gremlin Nob","floor":10,"turns":5}],"seed_played":"-5948487396008492767","potions_obtained":[{"floor":8.0,"key":"SteroidPotion"},{"floor":9,"key":"Weak Potion"}],"is_trial":false,"path_per_floor":["R","M","?","$","M","M","T","M","?","E"],"character_chosen":"THE_SNECKO","items_purchased":[],"campfire_rested":0,"item_purchase_floors":[],"current_hp_per_floor":[90,90,90,90,90,79,79,76,29,0,0,0],"gold":185,"neow_bonus":"THREE_ENEMY_KILL","is_daily":false,"chose_seed":false,"campfire_upgraded":0,"win_rate":0.0,"timestamp":1614270478,"path_taken":["R","M","?","$","M","?","T","M","?","E"],"items_purchased_type":[],"build_version":"2020-12-22","purchased_purges":1,"victory":false,"max_hp_per_floor":[90,90,90,90,90,90,90,90,90,90,90,90],"card_choices":[{"not_picked":["sneckomod:CheapStock","sneckomod:SoulRoll"],"picked":"sneckomod:UnknownCommonAttack","floor":2.0},{"not_picked":["sneckomod:Memorize","sneckomod:ImprovisedGuard"],"picked":"sneckomod:UnknownStrength","floor":4.0},{"not_picked":["sneckomod:DefensiveFlair","sneckomod:UnknownCommonSkill"],"picked":"sneckomod:MorePower","floor":5.0},{"not_picked":["sneckomod:DefensiveFlair","sneckomod:IronFang"],"picked":"sneckomod:ImprovisedGuard","floor":6.0},{"not_picked":["sneckomod:UnknownBlock+1","sneckomod:UnknownWeak+1"],"picked":"sneckomod:UnknownRareAttack+1","floor":8.0},{"not_picked":["sneckomod:UnknownDraw","sneckomod:UnknownCommonSkill"],"picked":"sneckomod:UnknownBoss","floor":8.0},{"not_picked":["sneckomod:DiceCrush","sneckomod:UnknownCommonAttack"],"picked":"sneckomod:Memorize","floor":9},{"not_picked":["sneckomod:UnknownCommonSkill+1","sneckomod:UnknownWeak+1"],"picked":"sneckomod:UnknownClassGREEN+1","floor":9}],"player_experience":1238463,"relics_obtained":[{"floor":7.0,"key":"Orichalcum"}],"event_choices":[],"is_beta":false,"boss_relics":[],"items_purged_floors":[4],"is_endless":false,"potions_floor_spawned":[8,9],"killed_by":"Gremlin Nob","ascension_level":0}}