{"host":"en4narc5947t7k9n","time":1614269525,"event":{"mods":["AchievementEnabler","BaseMod","Colored Map","Minty Spire (QoL Compilation)","SuperFastMode"],"gold_per_floor":[111,111,111,131,142,142,157,157,237,268,288,308,341,361,361,459,459,474,488,256,269,40,40,6,6,30,47,47,70,90,102,102,207,207,218,218,66,85,85,85,102,135,135,113,213,213,230,255,255,255,255],"floor_reached":50,"language":"KOR","playtime":2195,"items_purged":["Strike_R"],"score":514,"play_id":"838c9dc6-98db-4bfd-9d13-21a93037230a","local_time":"20210226011205","is_ascension_mode":false,"campfire_choices":[{"data":"Infernal Blade","floor":6,"key":"SMITH"},{"data":"Carnage","floor":8,"key":"SMITH"},{"data":"Barricade","floor":15,"key":"SMITH"},{"data":"Infernal Blade","floor":23,"key":"SMITH"},{"data":"Bludgeon","floor":25,"key":"SMITH"},{"floor":32,"key":"RECALL"},{"data":"Madness","floor":40,"key":"SMITH"},{"data":"Madness","floor":46,"key":"SMITH"},{"data":"Flame Barrier","floor":49,"key":"SMITH"}],"circlet_count":0,"master_deck":["Strike_R","Strike_R","Strike_R","Defend_R","Defend_R","Defend_R","Defend_R","Bash","Feel No Pain","Warcry","Armaments","Infernal Blade+1","Carnage+1","Shrug It Off","Inflame","Flame Barrier+1","Barricade+1","Pommel Strike","Bludgeon+1","Hemokinesis+1","Body Slam","Shrug It Off","Infernal Blade+1","Bloodletting","Thunderclap","Anger+1","Madness+1","Madness+1","Infernal Blade+1","Bloodletting","Uppercut+1","Anger","Evolve+1","Dual Wield"],"relics":["Burning Blood","Omamori","Eternal Feather","Happy Flower","Shuriken","Busted Crown","Potion Belt","Lee\u0027s Waffle","MealTicket","Runic Pyramid","DollysMirror","Boot","Dream Catcher","Letter Opener","Blood Vial"],"acts_visited":["Exordium","TheCity","TheBeyond"],"potions_floor_usage":[10,16,18,33,35,50,50,50,50],"damage_taken":[{"damage":0,"enemies":"Small Slimes","floor":1,"turns":3},{"damage":4,"enemies":"Cultist","floor":4,"turns":4},{"damage":10,"enemies":"Jaw Worm","floor":5,"turns":4},{"damage":15,"enemies":"Exordium Thugs","floor":7,"turns":5},{"damage":16,"enemies":"Lagavulin","floor":10,"turns":6},{"damage":8,"enemies":"3 Louse","floor":11,"turns":3},{"damage":8,"enemies":"Red Slaver","floor":12,"turns":2},{"damage":25,"enemies":"Gremlin Nob","floor":13,"turns":5},{"damage":0,"enemies":"Blue Slaver","floor":14,"turns":3},{"damage":43,"enemies":"Slime Boss","floor":16,"turns":8},{"damage":25,"enemies":"2 Thieves","floor":18,"turns":4},{"damage":15,"enemies":"Shell Parasite","floor":19,"turns":3},{"damage":24,"enemies":"Snecko","floor":21,"turns":5},{"damage":10,"enemies":"Sentry and Sphere","floor":27,"turns":4},{"damage":18,"enemies":"Cultist and Chosen","floor":30,"turns":5},{"damage":1,"enemies":"Snake Plant","floor":31,"turns":4},{"damage":59,"enemies":"Automaton","floor":33,"turns":12},{"damage":27,"enemies":"3 Darklings","floor":35,"turns":7},{"damage":19,"enemies":"Orb Walker","floor":38,"turns":3},{"damage":17,"enemies":"Jaw Worm Horde","floor":41,"turns":4},{"damage":29,"enemies":"Nemesis","floor":42,"turns":6},{"damage":39,"enemies":"4 Shapes","floor":47,"turns":4},{"damage":9,"enemies":"Giant Head","floor":48,"turns":7},{"damage":59,"enemies":"Donu and Deca","floor":50,"turns":7}],"seed_played":"-3471728348727100450","potions_obtained":[{"floor":1,"key":"SteroidPotion"},{"floor":7,"key":"Weak Potion"},{"floor":11,"key":"SmokeBomb"},{"floor":13,"key":"Swift Potion"},{"floor":16,"key":"DistilledChaos"},{"floor":18,"key":"Weak Potion"},{"floor":19,"key":"EssenceOfSteel"},{"floor":33,"key":"Fire Potion"},{"floor":42,"key":"Block Potion"},{"floor":47,"key":"EssenceOfSteel"},{"floor":48,"key":"DistilledChaos"}],"is_trial":false,"path_per_floor":["M","$","?","M","M","R","M","R","T","E","M","M","E","M","R","B",null,"M","M","$","M","$","R","$","R","T","M","?","T","M","M","R","B",null,"M","?","$","M","T","R","M","E","T","$","?","R","M","E","R","B"],"character_chosen":"IRONCLAD","items_purchased":["Potion Belt","Lee\u0027s Waffle","Infernal Blade","Bloodletting","DollysMirror","Anger"],"campfire_rested":0,"item_purchase_floors":[20,22,22,24,37,44],"current_hp_per_floor":[80,80,80,80,76,76,67,67,67,57,55,53,34,40,49,12,80,61,52,52,34,87,87,87,87,87,83,83,83,71,76,87,34,87,66,55,70,57,57,75,64,41,41,56,56,74,41,38,56,0,0],"gold":255,"neow_bonus":"TRANSFORM_CARD","is_daily":false,"chose_seed":false,"campfire_upgraded":8,"win_rate":0.0,"timestamp":1614269525,"path_taken":["M","$","?","M","?","R","M","R","T","E","M","M","E","M","R","BOSS","M","M","$","M","$","R","$","R","T","M","?","?","M","M","R","BOSS","M","?","$","M","?","R","M","E","T","$","?","R","?","E","R","BOSS"],"items_purchased_type":["Relic","Relic","Card","Card","Relic","Card"],"build_version":"2020-12-22","purchased_purges":1,"victory":false,"max_hp_per_floor":[80,80,80,80,80,80,80,80,80,80,80,80,80,80,80,80,80,80,80,80,80,87,87,87,87,87,87,87,87,87,87,87,87,87,87,87,87,87,87,87,87,87,87,87,87,87,87,87,87,87,87],"card_choices":[{"not_picked":["Twin Strike","Dropkick"],"picked":"Warcry","floor":1},{"not_picked":["Iron Wave","Wild Strike"],"picked":"Armaments","floor":4},{"not_picked":["Shrug It Off","Clothesline"],"picked":"Infernal Blade","floor":5},{"not_picked":["Seeing Red","Rage"],"picked":"Carnage","floor":7},{"not_picked":["Pommel Strike","Twin Strike"],"picked":"Shrug It Off","floor":10},{"not_picked":["Flex","Dual Wield"],"picked":"Inflame","floor":11},{"not_picked":["Disarm","Wild Strike"],"picked":"Flame Barrier","floor":12},{"not_picked":["Spot Weakness","Anger"],"picked":"Barricade","floor":13},{"not_picked":["Heavy Blade","Power Through"],"picked":"Pommel Strike","floor":14},{"not_picked":["Exhume","Impervious"],"picked":"Bludgeon","floor":16},{"not_picked":[],"picked":"Hemokinesis+1","floor":18},{"not_picked":[],"picked":"Body Slam","floor":19},{"not_picked":[],"picked":"Shrug It Off","floor":21},{"not_picked":[],"picked":"Thunderclap","floor":27},{"not_picked":["Dropkick"],"picked":"SKIP","floor":30},{"not_picked":["Warcry"],"picked":"SKIP","floor":31},{"not_picked":[],"picked":"Anger+1","floor":35},{"not_picked":[],"picked":"Bloodletting","floor":38},{"not_picked":["Wild Strike"],"picked":"SKIP","floor":41},{"not_picked":[],"picked":"Uppercut+1","floor":42},{"not_picked":[],"picked":"Evolve+1","floor":47},{"not_picked":[],"picked":"Dual Wield","floor":48}],"player_experience":223184,"relics_obtained":[{"floor":9,"key":"Eternal Feather"},{"floor":10,"key":"Happy Flower"},{"floor":13,"key":"Shuriken"},{"floor":29,"key":"MealTicket"},{"floor":39,"key":"Boot"},{"floor":42,"key":"Dream Catcher"},{"floor":43,"key":"Letter Opener"},{"floor":48,"key":"Blood Vial"}],"event_choices":[{"damage_healed":0,"gold_gain":0,"player_choice":"Gave Potion","damage_taken":0,"relics_obtained":["Omamori"],"max_hp_gain":0,"max_hp_loss":0,"event_name":"WeMeetAgain","floor":3,"gold_loss":0},{"damage_healed":0,"gold_gain":0,"player_choice":"Ignored","damage_taken":0,"max_hp_gain":0,"max_hp_loss":0,"event_name":"The Mausoleum","floor":28,"gold_loss":0},{"damage_healed":0,"gold_gain":0,"player_choice":"Embrace Madness","damage_taken":11,"max_hp_gain":0,"max_hp_loss":0,"event_name":"Winding Halls","floor":36,"gold_loss":0,"cards_obtained":["Madness","Madness"]},{"damage_healed":0,"gold_gain":100,"player_choice":"Pray","damage_taken":0,"max_hp_gain":0,"max_hp_loss":0,"event_name":"Golden Shrine","floor":45,"gold_loss":0}],"is_beta":false,"boss_relics":[{"not_picked":["Mark of Pain","Sozu"],"picked":"Busted Crown"},{"not_picked":["Runic Cube","SacredBark"],"picked":"Runic Pyramid"}],"items_purged_floors":[20],"is_endless":false,"potions_floor_spawned":[1,7,11,13,16,18,19,33,42,47,48],"killed_by":"Donu and Deca","ascension_level":0}}