{"host":"zuf44wbx6j0c4h1p","time":1614222810,"event":{"mods":["2.2 Compatiblity","Aspiration","BaseMod","Better Altar","Better Match","Better Note","Better Sensory Stone","Better Skull","Better Third Choice","Better Vampires","BetterRewards","Bossed Relics","Conspire","Infinite Spire","Minty Spire (QoL Compilation)","Replay The Spire","SCP261 Mod","Shapeshifter Mod","Shop Mod","Small Relic Pack","Spicy Shops","Spire Arcade","StSLib","The Animator","The Dragon Tamer","The Hierophant","TheBandit","Uncapped","Wandering Minibosses","thorton"],"gold_per_floor":[117,117,117,117,122,122,146,159,159,206,206,237,202,201,201,288,288,355,355,355,404,462,535,535,587,635,707,707,733,806,795,795,851,851,936,936,936,812,812,814,814,910,934,933,933,929,999,1064,1064,901,901,901,901,997,659],"floor_reached":56,"language":"ENG","playtime":3763,"items_purged":[],"score":1615,"play_id":"c7c19d9d-d399-4713-84a0-25f360cea122","local_time":"20210224211330","is_ascension_mode":true,"campfire_choices":[{"data":"hierophant:PristineSoul","floor":6.0,"key":"SMITH"},{"floor":11.0,"key":"REST"},{"floor":15.0,"key":"RECALL"},{"floor":24.0,"key":"REST"},{"floor":28.0,"key":"REST"},{"data":"hierophant:Flagellation","floor":32.0,"key":"SMITH"},{"floor":41,"key":"REST"},{"data":"hierophant:DivineIntervention","floor":45,"key":"SMITH"},{"floor":49,"key":"REST"},{"data":"relicPack:StarPlatinum","floor":52,"key":"SMITH"}],"circlet_count":0,"master_deck":["conspire:GhostlyStrike","conspire:GhostlyStrike","conspire:GhostlyStrike","hierophant:Punish+1","conspire:GhostlyDefend","conspire:GhostlyDefend","conspire:GhostlyDefend","conspire:GhostlyDefend","hierophant:ChurchCoffers","hierophant:PassingBell","hierophant:AuricForm+1","hierophant:PristineSoul+1","hierophant:TollTheBells+1","hierophant:OrnateBuckler","hierophant:OrnateBuckler+1","hierophant:RustyCrate","hierophant:Doubloon+1","hierophant:Doubloon+1","hierophant:RustyCrate","hierophant:Doubloon+1","hierophant:Doubloon+1","hierophant:MintersHammer+1","hierophant:Zeal","relicPack:StarPlatinum+1","hierophant:FaithHealing","hierophant:FaithHealing+1","hierophant:Smite","hierophant:Flagellation+1","hierophant:OrnateBuckler+1","hierophant:OrnateBuckler+1","hierophant:DivineIntervention+1","CurseOfTheBell","hierophant:Smite+1","hierophant:PassingBell+1","hierophant:Zeal+1","hierophant:OrnateBuckler","hierophant:Zeal+1"],"relics":["hierophant:PropheticMaskRelic","PreservedInsect","Golden Idol","infinitespire:WardingShard","Divine Protection","aspiration:FrozenJewel","Replay:Bronze Core","relicPack:StarArrow","Guide Book","Akabeko","Gremlin Food","Gremlin Horn","Calling Bell","Simple Rune","conspire:DeflatedDodgeball","Torii","relicPack:OneForAll","relicPack:DSword","Ancient Tea Set","Pantograph","aspiration:HiddenCompartment","infinitespire:CheckeredPen","Centennial Puzzle"],"acts_visited":["Exordium","TheCity","TheBeyond","TheEnding"],"potions_floor_usage":[40,50,50,50],"damage_taken":[{"damage":15.0,"enemies":"Jaw Worm","floor":1.0,"turns":4.0},{"damage":13.0,"enemies":"2 Louse","floor":5.0,"turns":2.0},{"damage":0.0,"enemies":"Small Slimes","floor":7.0,"turns":3.0},{"damage":0.0,"enemies":"Gremlin Nob","floor":8.0,"turns":3.0},{"damage":0.0,"enemies":"3 Sentries","floor":10.0,"turns":7.0},{"damage":0.0,"enemies":"Gremlin Gang","floor":12.0,"turns":3.0},{"damage":0.0,"enemies":"Looter","floor":14.0,"turns":3.0},{"damage":18.0,"enemies":"Fading Forest","floor":16.0,"turns":11.0},{"damage":10.0,"enemies":"Shell Parasite","floor":18.0,"turns":7.0},{"damage":0.0,"enemies":"Spheric Guardian","floor":21.0,"turns":2.0},{"damage":56.0,"enemies":"Chosen and Byrds","floor":22.0,"turns":10.0},{"damage":0.0,"enemies":"conspire:Head Lice","floor":23.0,"turns":5.0},{"damage":1.0,"enemies":"Replay:Snechameleon","floor":25.0,"turns":2.0},{"damage":0.0,"enemies":"Sentry and Sphere","floor":27.0,"turns":4.0},{"damage":14.0,"enemies":"Nightmare","floor":29.0,"turns":5.0},{"damage":7.0,"enemies":"Shelled Parasite and Fungi","floor":30.0,"turns":5.0},{"damage":0.0,"enemies":"Centurion and Healer","floor":31.0,"turns":4.0},{"damage":7.0,"enemies":"Champ","floor":33.0,"turns":5.0},{"damage":0,"enemies":"3 Shapes","floor":35,"turns":4},{"damage":0,"enemies":"3 Darklings","floor":38,"turns":5},{"damage":4,"enemies":"Giant Head","floor":40,"turns":4},{"damage":0,"enemies":"R_Hoarder","floor":42,"turns":2},{"damage":0,"enemies":"Sphere and 2 Shapes","floor":44,"turns":2},{"damage":0,"enemies":"Reptomancer","floor":46,"turns":2},{"damage":0,"enemies":"4 Shapes","floor":47,"turns":1},{"damage":13,"enemies":"Writhing Mass","floor":48,"turns":6},{"damage":1,"enemies":"Time Eater","floor":50,"turns":3},{"damage":1,"enemies":"Shield and Spear","floor":54,"turns":3},{"damage":71,"enemies":"The Heart","floor":55,"turns":8}],"seed_played":"-1725390312922397054","potions_obtained":[{"floor":1.0,"key":"Swift Potion"},{"floor":8.0,"key":"SCP261:ThunderBarPotion"},{"floor":14.0,"key":"Weak Potion"},{"floor":16.0,"key":"SCP261:SweetSwarmPotion"},{"floor":20.0,"key":"Strength Potion"},{"floor":20.0,"key":"SCP261:SweetSwarmPotion"},{"floor":20.0,"key":"EntropicBrew"},{"floor":21.0,"key":"SCP261:BostonMolassesPotion"},{"floor":22.0,"key":"BlessingOfTheForge"},{"floor":30.0,"key":"Death Potion"},{"floor":33.0,"key":"Strength Potion"},{"floor":38,"key":"Fire Potion"},{"floor":44,"key":"AttackPotion"},{"floor":47,"key":"PowerPotion"},{"floor":48,"key":"Adrenaline Potion"},{"floor":54,"key":"SteroidPotion"}],"is_trial":false,"path_per_floor":["M","?","?","?","M","R","M","E","T","E","R","M","?","M","R","B",null,"M","AVR","?","M","M","E","R","E","T","M","R","NM","M","M","R","B",null,"M","?","?","M","?","E","R","E","T","M","R","E","M","M","R","B",null,"R","$","E","B",null],"character_chosen":"HIEROPHANT","items_purchased":[],"campfire_rested":5,"item_purchase_floors":[],"current_hp_per_floor":[60,60,60,42,29,29,29,29,29,29,51,51,69,69,69,75,75,65,65,65,65,9,9,31,30,30,30,52,38,31,31,31,24,75,75,75,40,40,40,36,58,58,58,58,58,58,58,45,67,74,75,75,75,74,4],"gold":659,"neow_bonus":"RANDOM_COMMON_RELIC","is_daily":false,"chose_seed":false,"campfire_upgraded":4,"win_rate":0.0,"timestamp":1614222810,"path_taken":["M","?","?","?","M","R","M","E","T","E","R","M","?","M","R","BOSS","M","AVR","?","M","M","E","R","E","T","M","R","NM","?","M","R","BOSS","M","?","?","M","?","E","R","E","T","M","R","E","M","?","R","BOSS","R","$","E","BOSS"],"items_purchased_type":[],"build_version":"2020-12-22","purchased_purges":0,"victory":true,"max_hp_per_floor":[75,75,75,75,75,75,75,75,75,75,75,75,75,75,75,75,75,75,75,75,75,75,75,75,75,75,75,75,75,75,75,75,75,75,75,75,75,75,75,75,75,75,75,75,75,75,75,75,75,75,75,75,75,75,75],"card_choices":[{"not_picked":["hierophant:Purify","hierophant:Glossolalia"],"picked":"hierophant:PassingBell","floor":1.0},{"not_picked":["hierophant:Sermon","hierophant:FlamingChariot"],"picked":"hierophant:PristineSoul","floor":5.0},{"not_picked":["hierophant:Rebuild","hierophant:DisplayOfPower"],"picked":"hierophant:TollTheBells","floor":7.0},{"not_picked":["hierophant:Rebuild","hierophant:WrathOfGod"],"picked":"hierophant:OrnateBuckler","floor":8.0},{"not_picked":["hierophant:Bribe","hierophant:Rebuild"],"picked":"hierophant:OrnateBuckler","floor":10.0},{"not_picked":["hierophant:Encroach","hierophant:Purify"],"picked":"hierophant:RustyCrate","floor":12.0},{"not_picked":["hierophant:Doubloon","hierophant:OrnateBuckler"],"picked":"hierophant:RustyCrate","floor":14.0},{"not_picked":["hierophant:AuricForm","hierophant:Invocation"],"picked":"hierophant:MintersHammer","floor":16.0},{"not_picked":["hierophant:Repentance+1","hierophant:Rebuild"],"picked":"hierophant:Zeal","floor":18.0},{"not_picked":["hierophant:Refuge","hierophant:Racketeering+1"],"picked":"hierophant:FaithHealing","floor":21.0},{"not_picked":["hierophant:Mercenaries","hierophant:ThreeLashes"],"picked":"hierophant:FaithHealing+1","floor":22.0},{"not_picked":["hierophant:Encroach","hierophant:ThreeLashes","hierophant:AuricBeam+1"],"picked":"SKIP","floor":23.0},{"not_picked":["hierophant:PristineSoul","hierophant:WrathOfGod"],"picked":"hierophant:Smite","floor":25.0},{"not_picked":["hierophant:Doubloon","hierophant:Shelter","hierophant:HammerAndAnvil+1"],"picked":"SKIP","floor":27.0},{"not_picked":["hierophant:AuricBeam","hierophant:Levitation"],"picked":"hierophant:Flagellation","floor":29.0},{"not_picked":["hierophant:Purify+1","hierophant:Upheaval"],"picked":"hierophant:OrnateBuckler+1","floor":30.0},{"not_picked":["hierophant:BulkyChest","hierophant:Purify"],"picked":"hierophant:OrnateBuckler+1","floor":31.0},{"not_picked":["hierophant:Cornucopia","hierophant:AuricForm"],"picked":"hierophant:DivineIntervention","floor":33.0},{"not_picked":["hierophant:Shelter","hierophant:MirrorShield"],"picked":"hierophant:Smite+1","floor":35},{"not_picked":["hierophant:RepressedViolence","hierophant:Chorus+1"],"picked":"hierophant:PassingBell+1","floor":38},{"not_picked":["hierophant:Blessing","hierophant:Purify+1","hierophant:FlamingChariot"],"picked":"SKIP","floor":40},{"not_picked":["hierophant:SolarFlare","hierophant:CoinFling","hierophant:AuricBeam"],"picked":"SKIP","floor":42},{"not_picked":["hierophant:Racketeering","hierophant:AuricBeam+1"],"picked":"hierophant:Zeal+1","floor":44},{"not_picked":["hierophant:Doubloon","hierophant:ThreeLashes+1","hierophant:Sermon"],"picked":"SKIP","floor":46},{"not_picked":["hierophant:RustyCrate+1","hierophant:Shelter"],"picked":"hierophant:OrnateBuckler","floor":47},{"not_picked":["hierophant:Encroach","hierophant:FieryStrike+1"],"picked":"hierophant:Zeal+1","floor":48},{"not_picked":["hierophant:AuricBeam+1","hierophant:Purify+1","hierophant:FaithHealing+1"],"picked":"SKIP","floor":54}],"player_experience":176660,"relics_obtained":[{"floor":8.0,"key":"infinitespire:WardingShard"},{"floor":9.0,"key":"Divine Protection"},{"floor":10.0,"key":"aspiration:FrozenJewel"},{"floor":23.0,"key":"Akabeko"},{"floor":25.0,"key":"Gremlin Food"},{"floor":29.0,"key":"Gremlin Horn"},{"floor":34.0,"key":"Simple Rune"},{"floor":34.0,"key":"conspire:DeflatedDodgeball"},{"floor":34.0,"key":"Torii"},{"floor":40,"key":"Ancient Tea Set"},{"floor":42,"key":"Pantograph"},{"floor":43,"key":"aspiration:HiddenCompartment"},{"floor":46,"key":"infinitespire:CheckeredPen"},{"floor":54,"key":"Centennial Puzzle"}],"event_choices":[{"damage_healed":0.0,"max_hp_gain":0.0,"max_hp_loss":0.0,"gold_gain":0.0,"event_name":"conspire:LoneGhost","player_choice":"Agree","floor":3.0,"gold_loss":0.0,"damage_taken":0.0},{"damage_healed":0.0,"max_hp_gain":0.0,"max_hp_loss":0.0,"gold_gain":0.0,"event_name":"Golden Idol","player_choice":"Take Damage","floor":4.0,"gold_loss":0.0,"damage_taken":18.0,"relics_obtained":["Golden Idol"]},{"damage_healed":18.0,"max_hp_gain":0.0,"max_hp_loss":0.0,"gold_gain":0.0,"event_name":"The Cleric","player_choice":"Healed","floor":13.0,"gold_loss":35.0,"damage_taken":0.0},{"damage_healed":0.0,"max_hp_gain":0.0,"max_hp_loss":0.0,"gold_gain":0.0,"event_name":"Lab","player_choice":"Got Potions","floor":20.0,"gold_loss":0.0,"damage_taken":0.0},{"damage_healed":0,"gold_gain":0,"player_choice":"Ignored","damage_taken":0,"max_hp_gain":0,"max_hp_loss":0,"event_name":"betterThird:BetterPortal","floor":39,"gold_loss":0}],"is_beta":false,"boss_relics":[{"not_picked":["ChewingGum","Runic Dome"],"picked":"Replay:Bronze Core"},{"not_picked":["relicPack:KazumaCape","aspiration:SecretTechniqueScroll"],"picked":"Calling Bell"}],"items_purged_floors":[],"is_endless":false,"potions_floor_spawned":[1,8,14,16,21,22,30,33,38,44,46,47,48,54],"ascension_level":1}}