{"host":"1xo5g347e5o4auts","time":1614245314,"event":{"mods":["BaseMod","Minty Spire (QoL Compilation)","Permanent Neow","StSLib"],"gold_per_floor":[118,118,128,145,155,182,200,232,232,232,266,11,11,28,28,106,106,116,130,45,45,63,92,109,135,159,159,84,119,132,187,187,262,262,278,278,278,321,352,412,429,486,513,513,546,571,631,676,676,676,676,676,676,66,92,92],"floor_reached":57,"language":"ENG","playtime":3035,"items_purged":["Defend_P","Defend_P"],"score":3313,"play_id":"127a5242-e6a5-4d19-b8f1-facee741974b","local_time":"20210225112834","is_ascension_mode":true,"campfire_choices":[{"data":"TalkToTheHand","floor":13.0,"key":"SMITH"},{"data":"TalkToTheHand","floor":15.0,"key":"SMITH"},{"data":"Tantrum","floor":27.0,"key":"SMITH"},{"data":"1","floor":32.0,"key":"LIFT"},{"data":"2","floor":44.0,"key":"LIFT"},{"floor":49.0,"key":"RECALL"},{"data":"3","floor":53,"key":"LIFT"}],"circlet_count":0,"master_deck":["AscendersBane","Strike_P+1","Strike_P","Strike_P","Defend_P","Eruption","Vigilance","CutThroughFate","EmptyFist","Tantrum+1","TalkToTheHand+1","FearNoEvil","Nirvana","Establishment","TalkToTheHand+1","WheelKick","EmptyMind+1","DevaForm","Indignation+1","JustLucky+1","Ghostly+1","Ghostly+1","Ghostly+1","FlurryOfBlows","Ragnarok","ForeignInfluence+1","Adaptation","MentalFortress","Wireheading+1","Halt+1","DeusExMachina+1","Apotheosis+1","HandOfGreed","ThirdEye+1","WaveOfTheHand+1"],"relics":["Runic Dome","Anchor","Toxic Egg 2","InkBottle","Unceasing Top","Frozen Eye","SacredBark","Gremlin Horn","Bird Faced Urn","Bronze Scales","Bag of Preparation","Whetstone","Girya","Snecko Eye","Centennial Puzzle","Bottled Flame","Shovel","Dead Branch","ClockworkSouvenir","Pen Nib","Toy Ornithopter","Damaru"],"acts_visited":["Exordium","TheCity","TheBeyond","TheEnding"],"potions_floor_usage":[56],"damage_taken":[{"damage":1.0,"enemies":"Small Slimes","floor":1.0,"turns":4.0},{"damage":0.0,"enemies":"Cultist","floor":3.0,"turns":4.0},{"damage":0.0,"enemies":"Jaw Worm","floor":4.0,"turns":2.0},{"damage":25.0,"enemies":"Exordium Thugs","floor":5.0,"turns":4.0},{"damage":8.0,"enemies":"Gremlin Nob","floor":6.0,"turns":3.0},{"damage":0.0,"enemies":"2 Fungi Beasts","floor":7.0,"turns":2.0},{"damage":25.0,"enemies":"3 Sentries","floor":8.0,"turns":5.0},{"damage":4.0,"enemies":"Lagavulin","floor":11.0,"turns":5.0},{"damage":3.0,"enemies":"Blue Slaver","floor":14.0,"turns":2.0},{"damage":0.0,"enemies":"The Guardian","floor":16.0,"turns":6.0},{"damage":9.0,"enemies":"3 Byrds","floor":18.0,"turns":5.0},{"damage":0.0,"enemies":"Chosen","floor":19.0,"turns":3.0},{"damage":0.0,"enemies":"Centurion and Healer","floor":22.0,"turns":5.0},{"damage":0.0,"enemies":"Gremlin Leader","floor":23.0,"turns":5.0},{"damage":0.0,"enemies":"Snake Plant","floor":24.0,"turns":5.0},{"damage":14.0,"enemies":"Book of Stabbing","floor":25.0,"turns":4.0},{"damage":0.0,"enemies":"Gremlin Leader","floor":29.0,"turns":3.0},{"damage":0.0,"enemies":"3 Cultists","floor":30.0,"turns":3.0},{"damage":0.0,"enemies":"Slavers","floor":31.0,"turns":3.0},{"damage":2.0,"enemies":"Automaton","floor":33.0,"turns":6.0},{"damage":1.0,"enemies":"3 Shapes","floor":35.0,"turns":3.0},{"damage":0.0,"enemies":"3 Darklings","floor":38.0,"turns":3.0},{"damage":0.0,"enemies":"Sphere and 2 Shapes","floor":39.0,"turns":3.0},{"damage":8.0,"enemies":"Nemesis","floor":40.0,"turns":5.0},{"damage":0.0,"enemies":"Transient","floor":41.0,"turns":6.0},{"damage":8.0,"enemies":"Reptomancer","floor":42.0,"turns":3.0},{"damage":0.0,"enemies":"4 Shapes","floor":45.0,"turns":2.0},{"damage":0.0,"enemies":"Mind Bloom Boss Battle","floor":46.0,"turns":3.0},{"damage":0.0,"enemies":"Nemesis","floor":47.0,"turns":5.0},{"damage":1.0,"enemies":"Maw","floor":48.0,"turns":5.0},{"damage":19,"enemies":"Awakened One","floor":50,"turns":7},{"damage":0,"enemies":"Time Eater","floor":51,"turns":6},{"damage":19,"enemies":"Shield and Spear","floor":55,"turns":5},{"damage":56,"enemies":"The Heart","floor":56,"turns":7}],"seed_played":"3874790099375594341","potions_obtained":[{"floor":5.0,"key":"FairyPotion"},{"floor":6.0,"key":"EntropicBrew"},{"floor":11.0,"key":"AttackPotion"},{"floor":19.0,"key":"FairyPotion"},{"floor":30.0,"key":"PowerPotion"}],"is_trial":false,"path_per_floor":["M","?","M","M","M","E","M","E","T","?","E","$","R","M","R","B",null,"M","M","?","?","M","E","M","E","T","R","$","E","M","E","R","B",null,"M","?","?","M","M","E","M","E","T","R","M","?","E","M","R","B","B",null,"R","$","E","B",null],"character_chosen":"WATCHER","items_purchased":["WheelKick","Frozen Eye","ClockworkSouvenir","Pen Nib","Toy Ornithopter"],"campfire_rested":0,"item_purchase_floors":[12,12,54,54,54],"current_hp_per_floor":[60,60,60,60,35,27,27,2,2,2,20,20,20,17,17,17,55,46,46,46,34,34,34,34,20,20,20,20,20,20,22,22,32,34,33,33,23,29,34,32,34,32,32,32,34,34,34,34,34,29,34,34,34,34,31,24],"gold":92,"neow_bonus":"BOSS_RELIC","is_daily":false,"chose_seed":false,"campfire_upgraded":3,"win_rate":0.0,"timestamp":1614245314,"path_taken":["M","?","M","?","M","E","M","E","T","?","E","?","R","M","R","BOSS","M","M","?","?","M","E","M","E","T","R","$","E","M","E","R","BOSS","M","?","?","M","M","E","M","E","T","R","M","?","E","M","R","BOSS","BOSS","R","$","E","BOSS"],"items_purchased_type":["Card","Relic","Relic","Relic","Relic"],"build_version":"2020-12-22","purchased_purges":2,"victory":true,"max_hp_per_floor":[68,68,68,68,68,68,68,68,68,68,68,68,68,68,68,68,68,68,68,68,34,34,34,34,34,34,34,34,34,34,34,34,34,34,34,34,34,34,34,34,34,34,34,34,34,34,34,34,34,34,34,34,34,34,34,34],"card_choices":[{"not_picked":["JustLucky","FlyingSleeves"],"picked":"CutThroughFate","floor":1.0},{"not_picked":["CrushJoints","Vengeance"],"picked":"EmptyFist","floor":3.0},{"not_picked":["Perseverance","WheelKick"],"picked":"Tantrum","floor":4.0},{"not_picked":["Worship","Consecrate"],"picked":"TalkToTheHand","floor":5.0},{"not_picked":["WaveOfTheHand","Judgement"],"picked":"FearNoEvil","floor":6.0},{"not_picked":["Vengeance","SashWhip"],"picked":"Nirvana","floor":7.0},{"not_picked":["WindmillStrike","Alpha+1"],"picked":"Establishment","floor":8.0},{"not_picked":["JustLucky","EmptyFist"],"picked":"TalkToTheHand","floor":11.0},{"not_picked":["Swivel+1","FollowUp"],"picked":"EmptyMind+1","floor":14.0},{"not_picked":["Alpha+1","Devotion"],"picked":"DevaForm","floor":16.0},{"not_picked":["EmptyFist","Prostrate+1"],"picked":"Indignation+1","floor":18.0},{"not_picked":["EmptyBody+1","Consecrate"],"picked":"JustLucky","floor":19.0},{"not_picked":["BowlingBash","JustLucky"],"picked":"FlurryOfBlows","floor":22.0},{"not_picked":["DevaForm","Indignation+1"],"picked":"Ragnarok","floor":23.0},{"not_picked":["CrushJoints","EmptyBody+1"],"picked":"ForeignInfluence+1","floor":24.0},{"not_picked":["WheelKick","Worship+1"],"picked":"Adaptation","floor":25.0},{"not_picked":["BowlingBash+1","Crescendo+1"],"picked":"MentalFortress","floor":29.0},{"not_picked":["Brilliance","BattleHymn"],"picked":"Wireheading+1","floor":30.0},{"not_picked":["Pray+1","SashWhip"],"picked":"Halt+1","floor":31.0},{"not_picked":["Scrawl+1","Judgement+1"],"picked":"DeusExMachina+1","floor":33.0},{"not_picked":["FlyingSleeves","CrushJoints","ClearTheMind+1"],"picked":"SKIP","floor":35.0},{"not_picked":["Blind+1","Purity+1"],"picked":"Apotheosis+1","floor":37.0},{"not_picked":["Chrysalis+1","Purity+1"],"picked":"HandOfGreed","floor":37.0},{"not_picked":["Evaluate+1","BowlingBash","JustLucky"],"picked":"SKIP","floor":38.0},{"not_picked":["WindmillStrike","PathToVictory+1","Prostrate+1"],"picked":"SKIP","floor":39.0},{"not_picked":["Prostrate+1","ClearTheMind+1"],"picked":"ThirdEye+1","floor":40.0},{"not_picked":["FollowUp+1","Conclude+1","EmptyMind+1"],"picked":"SKIP","floor":41.0},{"not_picked":["WreathOfFlame+1","ReachHeaven","Sanctity+1"],"picked":"SKIP","floor":42.0},{"not_picked":["CutThroughFate","WindmillStrike","Indignation+1"],"picked":"SKIP","floor":45.0},{"not_picked":["EmptyBody+1","Evaluate+1"],"picked":"WaveOfTheHand+1","floor":46.0},{"not_picked":["CutThroughFate+1","Study+1","Brilliance"],"picked":"SKIP","floor":47.0},{"not_picked":["FlyingSleeves","EmptyBody+1","BattleHymn+1"],"picked":"SKIP","floor":48.0},{"not_picked":["BattleHymn","PathToVictory+1","Worship+1"],"picked":"SKIP","floor":55}],"player_experience":1513848,"relics_obtained":[{"floor":6.0,"key":"Anchor"},{"floor":8.0,"key":"Toxic Egg 2"},{"floor":9.0,"key":"InkBottle"},{"floor":11.0,"key":"Unceasing Top"},{"floor":23.0,"key":"Bird Faced Urn"},{"floor":25.0,"key":"Bronze Scales"},{"floor":26.0,"key":"Bag of Preparation"},{"floor":29.0,"key":"Whetstone"},{"floor":31.0,"key":"Girya"},{"floor":40.0,"key":"Centennial Puzzle"},{"floor":42.0,"key":"Bottled Flame"},{"floor":46.0,"key":"Shovel"},{"floor":47.0,"key":"Dead Branch"},{"floor":55,"key":"Damaru"}],"event_choices":[{"cards_removed":["Strike_P"],"damage_healed":0.0,"max_hp_gain":0.0,"max_hp_loss":0.0,"gold_gain":0.0,"event_name":"Purifier","player_choice":"Purged","floor":2.0,"gold_loss":0.0,"damage_taken":0.0},{"cards_removed":["Defend_P"],"damage_healed":0.0,"max_hp_gain":0.0,"max_hp_loss":0.0,"gold_gain":0.0,"event_name":"Purifier","player_choice":"Purged","floor":10.0,"gold_loss":0.0,"damage_taken":0.0},{"damage_healed":0.0,"max_hp_gain":0.0,"max_hp_loss":0.0,"gold_gain":0.0,"event_name":"Addict","player_choice":"Obtained Relic","floor":20.0,"gold_loss":85.0,"damage_taken":0.0,"relics_obtained":["Gremlin Horn"]},{"damage_healed":0.0,"max_hp_gain":0.0,"max_hp_loss":34.0,"gold_gain":0.0,"event_name":"Ghosts","player_choice":"Became a Ghost","floor":21.0,"gold_loss":0.0,"damage_taken":0.0,"cards_obtained":["Ghostly","Ghostly","Ghostly"]},{"damage_healed":0.0,"max_hp_gain":0.0,"max_hp_loss":0.0,"gold_gain":0.0,"event_name":"Tomb of Lord Red Mask","player_choice":"Ignored","floor":36.0,"gold_loss":0.0,"damage_taken":0.0},{"damage_healed":0.0,"max_hp_gain":0.0,"max_hp_loss":0.0,"gold_gain":0.0,"event_name":"SensoryStone","player_choice":"Memory 3","floor":37.0,"gold_loss":0.0,"damage_taken":10.0},{"damage_healed":0.0,"max_hp_gain":0.0,"max_hp_loss":0.0,"gold_gain":0.0,"event_name":"MindBloom","player_choice":"Fight","floor":46.0,"gold_loss":0.0,"damage_taken":0.0}],"is_beta":false,"boss_relics":[{"not_picked":["Black Star","Coffee Dripper"],"picked":"SacredBark"},{"not_picked":["Velvet Choker","Calling Bell"],"picked":"Snecko Eye"}],"items_purged_floors":[28,54],"is_endless":false,"potions_floor_spawned":[5,6,7,8,11,16,19,23,25,30,31,38,40,41,42,46,48,55],"ascension_level":20}}