{"host":"hahe3lxotqh08ugn","time":1614234103,"event":{"mods":["AchievementEnabler","BaseMod","Googly Eyes","Hermit","Minty Spire (QoL Compilation)","Quick Restart","StSLib","The Cursed","The Hierophant"],"gold_per_floor":[110,285,131,131,152,196,196,196,196,196,216,230,31,49,49,170,170,190,205,12,12,25,25,25,25,104,118,217,122,37,71,71,201,201,225,6,0,0,0,0,16,42,42,55,118,118,118,134,134,134,134],"floor_reached":50,"language":"ENG","playtime":2499,"items_purged":["Doubt","Strike_G","Strike_G","Strike_G+1"],"score":724,"play_id":"b977cbb6-96f2-4ce9-99b9-8f98e4deb4e1","local_time":"20210225012143","is_ascension_mode":true,"campfire_choices":[{"data":"Neutralize","floor":7,"key":"SMITH"},{"data":"Survivor","floor":10,"key":"SMITH"},{"floor":15,"key":"REST"},{"floor":23,"key":"REST"},{"floor":25,"key":"REST"},{"floor":32,"key":"REST"},{"floor":40,"key":"REST"},{"data":"Accuracy","floor":46,"key":"SMITH"},{"data":"Accuracy","floor":47,"key":"SMITH"},{"floor":49,"key":"REST"}],"circlet_count":0,"master_deck":["Strike_G+1","Strike_G+1","Defend_G+1","Defend_G+1","Defend_G+1","Defend_G+1","Defend_G+1","Survivor+1","Neutralize+1","Backflip","Dodge and Roll","Quick Slash","Dagger Spray","Dagger Spray+1","Cloak And Dagger","Footwork","Poisoned Stab+1","Caltrops","PiercingWail","Adrenaline","Cloak And Dagger+1","Accuracy+1","Blade Dance","Caltrops","Prepared","Noxious Fumes+1","Well Laid Plans","Madness","Metamorphosis","Escape Plan+1","Regret","Decay","Parasite","Accuracy+1","Blade Dance+1"],"relics":["Ring of the Snake","NeowsBlessing","Golden Idol","Molten Egg 2","Ninja Scroll","Black Star","Pen Nib","Pantograph","WingedGreaves","Bird Faced Urn","Kunai","Cursed Key","Red Mask","Centennial Puzzle","Mummified Hand","Tingsha"],"acts_visited":["Exordium","TheCity","TheBeyond"],"potions_floor_usage":[14,16,50,50],"damage_taken":[{"damage":0,"enemies":"Jaw Worm","floor":1,"turns":1},{"damage":0,"enemies":"Small Slimes","floor":5,"turns":1},{"damage":0,"enemies":"Lagavulin","floor":6,"turns":1},{"damage":0,"enemies":"2 Louse","floor":11,"turns":1},{"damage":0,"enemies":"Lots of Slimes","floor":12,"turns":1},{"damage":2,"enemies":"Exordium Thugs","floor":14,"turns":4},{"damage":25,"enemies":"Hexaghost","floor":16,"turns":10},{"damage":25,"enemies":"Spheric Guardian","floor":18,"turns":6},{"damage":11,"enemies":"Shell Parasite","floor":19,"turns":6},{"damage":13,"enemies":"Centurion and Healer","floor":22,"turns":10},{"damage":18,"enemies":"3 Cultists","floor":27,"turns":6},{"damage":12,"enemies":"Slavers","floor":31,"turns":7},{"damage":47,"enemies":"Collector","floor":33,"turns":14},{"damage":13,"enemies":"Orb Walker","floor":35,"turns":3},{"damage":2,"enemies":"3 Shapes","floor":41,"turns":5},{"damage":16,"enemies":"Writhing Mass","floor":44,"turns":7},{"damage":7,"enemies":"Mind Bloom Boss Battle","floor":45,"turns":7},{"damage":21,"enemies":"3 Darklings","floor":48,"turns":5},{"damage":123,"enemies":"Time Eater","floor":50,"turns":9}],"seed_played":"-1094366322011404043","potions_obtained":[{"floor":11,"key":"Energy Potion"},{"floor":14,"key":"CultistPotion"},{"floor":16,"key":"FairyPotion"},{"floor":27,"key":"LiquidMemories"},{"floor":31,"key":"Regen Potion"},{"floor":35,"key":"Explosive Potion"}],"is_trial":false,"path_per_floor":["M","?","$","?","M","E","R","?","T","R","M","M","$","M","R","B",null,"M","M","$","?","M","R","T","R","T","M","?","$","?","E","R","B",null,"M","$","?","?","?","R","M","T","T","M","?","R","R","M","R","B"],"character_chosen":"THE_SILENT","items_purchased":["Dodge and Roll","Quick Slash","Poisoned Stab+1","Caltrops","Accuracy","Caltrops","Prepared","Well Laid Plans"],"campfire_rested":6,"item_purchase_floors":[3,3,13,13,20,29,29,36],"current_hp_per_floor":[63,63,63,63,63,63,63,63,63,63,63,63,63,61,70,45,64,39,28,28,28,15,36,36,57,57,39,39,39,39,27,48,27,59,52,52,52,43,43,64,68,68,68,57,70,70,70,53,70,0,0],"gold":134,"neow_bonus":"THREE_ENEMY_KILL","is_daily":false,"chose_seed":false,"campfire_upgraded":4,"win_rate":0.0,"timestamp":1614234103,"path_taken":["M","?","$","?","M","E","R","?","T","R","M","?","$","M","R","BOSS","M","M","$","?","M","R","?","R","T","?","?","$","?","E","R","BOSS","M","$","?","?","?","R","?","?","T","M","?","R","R","M","R","BOSS"],"items_purchased_type":["Card","Card","Card","Card","Card","Card","Card","Card"],"build_version":"2020-12-22","purchased_purges":4,"victory":false,"max_hp_per_floor":[70,70,70,70,70,70,70,70,70,70,70,70,70,70,70,70,70,70,70,70,70,70,70,70,70,70,70,70,70,70,70,70,70,70,70,70,70,70,70,70,70,70,70,70,70,70,70,70,70,70,70],"card_choices":[{"not_picked":["Flying Knee","Deflect"],"picked":"Backflip","floor":1},{"not_picked":["Quick Slash","Dodge and Roll"],"picked":"Dagger Spray","floor":5},{"not_picked":["Dagger Throw+1","Grand Finale+1"],"picked":"Dagger Spray+1","floor":6},{"not_picked":["Finisher+1","Infinite Blades"],"picked":"Cloak And Dagger","floor":11},{"not_picked":["Cloak And Dagger","PiercingWail"],"picked":"Footwork","floor":12},{"not_picked":["Poisoned Stab+1","Reflex"],"picked":"PiercingWail","floor":14},{"not_picked":["Doppelganger","Glass Knife+1"],"picked":"Adrenaline","floor":16},{"not_picked":["Eviscerate+1","Distraction+1"],"picked":"Cloak And Dagger+1","floor":18},{"not_picked":["Acrobatics","Finisher+1","Blade Dance"],"picked":"SKIP","floor":19},{"not_picked":["Flying Knee+1","Bane+1"],"picked":"Blade Dance","floor":22},{"not_picked":["Predator+1","Acrobatics","Slice+1"],"picked":"SKIP","floor":27},{"not_picked":["Eviscerate+1","Deflect","Riddle With Holes+1"],"picked":"SKIP","floor":31},{"not_picked":["Tactician+1","Calculated Gamble+1"],"picked":"Noxious Fumes+1","floor":35},{"not_picked":["Deadly Poison","Dodge and Roll+1"],"picked":"Escape Plan+1","floor":41},{"not_picked":["Flying Knee+1","Quick Slash+1"],"picked":"Accuracy","floor":44},{"not_picked":["Deflect","Bouncing Flask+1"],"picked":"Blade Dance+1","floor":45},{"not_picked":["Dagger Spray+1","Expertise+1","Reflex"],"picked":"SKIP","floor":48}],"player_experience":301395,"relics_obtained":[{"floor":6,"key":"Molten Egg 2"},{"floor":9,"key":"Ninja Scroll"},{"floor":24,"key":"Pen Nib"},{"floor":26,"key":"Pantograph"},{"floor":31,"key":"Bird Faced Urn"},{"floor":31,"key":"Kunai"},{"floor":42,"key":"Centennial Puzzle"},{"floor":43,"key":"Mummified Hand"},{"floor":45,"key":"Tingsha"}],"event_choices":[{"damage_healed":0,"gold_gain":175,"player_choice":"AGREE","damage_taken":0,"max_hp_gain":0,"max_hp_loss":0,"event_name":"Liars Game","floor":2,"gold_loss":0,"cards_obtained":["Doubt"]},{"damage_healed":0,"gold_gain":0,"player_choice":"Take Wound","damage_taken":0,"relics_obtained":["Golden Idol"],"max_hp_gain":0,"max_hp_loss":0,"event_name":"Golden Idol","floor":4,"gold_loss":0,"cards_obtained":["Injury"]},{"cards_removed":["Injury"],"damage_healed":0,"gold_gain":0,"player_choice":"Purged","damage_taken":0,"max_hp_gain":0,"max_hp_loss":0,"event_name":"Purifier","floor":8,"gold_loss":0},{"damage_healed":0,"gold_gain":0,"player_choice":"Simplicity","damage_taken":0,"max_hp_gain":0,"max_hp_loss":0,"event_name":"Back to Basics","floor":21,"gold_loss":0,"cards_upgraded":["Strike_G","Strike_G","Strike_G","Defend_G","Defend_G","Defend_G","Defend_G","Defend_G"]},{"damage_healed":0,"gold_gain":99,"player_choice":"Stole From Cult","damage_taken":0,"max_hp_gain":0,"max_hp_loss":0,"event_name":"Nest","floor":28,"gold_loss":0},{"damage_healed":0,"gold_gain":0,"player_choice":"Obtained Relic","damage_taken":0,"relics_obtained":["WingedGreaves"],"max_hp_gain":0,"max_hp_loss":0,"event_name":"Addict","floor":30,"gold_loss":85},{"damage_healed":0,"gold_gain":0,"player_choice":"Paid","damage_taken":0,"relics_obtained":["Red Mask"],"max_hp_gain":0,"max_hp_loss":0,"event_name":"Tomb of Lord Red Mask","floor":37,"gold_loss":6},{"damage_healed":0,"gold_gain":0,"player_choice":"Embrace Madness","damage_taken":9,"max_hp_gain":0,"max_hp_loss":0,"event_name":"Winding Halls","floor":38,"gold_loss":0,"cards_obtained":["Madness","Madness"]},{"damage_healed":0,"gold_gain":0,"cards_transformed":["Madness"],"player_choice":"Transformed","damage_taken":0,"max_hp_gain":0,"max_hp_loss":0,"event_name":"Transmorgrifier","floor":39,"gold_loss":0,"cards_obtained":["Metamorphosis"]},{"damage_healed":0,"gold_gain":0,"player_choice":"Fight","damage_taken":0,"max_hp_gain":0,"max_hp_loss":0,"event_name":"MindBloom","floor":45,"gold_loss":0}],"is_beta":false,"boss_relics":[{"not_picked":["HoveringKite","SacredBark"],"picked":"Black Star"},{"not_picked":["Runic Dome","Calling Bell"],"picked":"Cursed Key"}],"items_purged_floors":[3,13,20,36],"is_endless":false,"potions_floor_spawned":[11,14,16,27,31,33,35,45],"killed_by":"Time Eater","ascension_level":7}}