{"host":"65a95dzim48ko8ke","time":1614238643,"event":{"mods":["AchievementEnabler","Aspiration","BaseMod","Bestiary","Better Altar","Better Match","Better Note","Better Sensory Stone","Better Skull","Better Third Choice","Block Reminder","Colored Map","Colored Powertips","Conspire","Curses Come First","DeckTracker","Energized Spire","Halation","Highlight Path","Hubris","Jedi Mod","Minty Spire (QoL Compilation)","MostiFishMod","Permanent Neow","Quick Restart","Random Character Button","Rare Cards Sparkle","Relic Sorter","Reliquary","Replay The Spire","RumiaBox-òIïƒ?ìIê_îÈ·¥éq","Spicy Shops","StSLib","TestMod","The Blue Laboratory","The IronCluck","Trackpad","Wandering Minibosses","Åy?ï®?îvÅzREMEMod"],"gold_per_floor":[111,111,123,123,143,143,143,175,175,204,278,278,296,321,321,338,338,437,437,405,405,420,440,67,67,96,62,130,57,85,103,103,103],"floor_reached":32,"language":"ENG","playtime":1672,"items_purged":[],"score":450,"play_id":"7e626fe0-471f-4d84-971d-2cffe04e7b2c","local_time":"20210225163723","is_ascension_mode":true,"campfire_choices":[{"data":"Electrodynamics","floor":9.0,"key":"SMITH"},{"floor":15.0,"key":"REST"},{"data":"Creative AI","floor":17.0,"key":"SMITH"},{"data":"Zap","floor":25.0,"key":"SMITH"}],"circlet_count":0,"master_deck":["AscendersBane","Strike_B","Strike_B","Strike_B","Defend_B","Defend_B","Defend_B","Zap+1","Dualcast","Electrodynamics+1","Conserve Battery","Sunder+1","Genetic Algorithm","Go for the Eyes","FTL","jedi:hex","Creative AI+1","Capacitor","Steam","MostiFishMod:Nova","Leap+1","Recycle+1","Conserve Battery","Self Repair","Coolheaded","REME_SelfUpgrade","Buffer","MostiFishMod:GatherIntelligence+1","jedi:blockon+1"],"relics":["DaveBox","testmod-TestBox","REME_ComplimentaryCards","trackpad:Compendium","hubris:ToyBattleship","reliquary:PartyBalloon","aspiration:DSix","aspiration:BursterCore","aspiration:MysteriousAuxiliaryCore","BionicSphere","Meat on the Bone","halation:Toothbrush"],"acts_visited":["Exordium","TheCity"],"potions_floor_usage":[30],"damage_taken":[{"damage":0.0,"enemies":"2 Louse","floor":1.0,"turns":1.0},{"damage":0.0,"enemies":"conspire:RoseBush","floor":3.0,"turns":3.0},{"damage":2.0,"enemies":"Jaw Worm","floor":5.0,"turns":4.0},{"damage":13.0,"enemies":"3 Sentries","floor":8.0,"turns":4.0},{"damage":13.0,"enemies":"Lagavulin","floor":10.0,"turns":6.0},{"damage":12.0,"enemies":"Exordium Thugs","floor":13.0,"turns":3.0},{"damage":5.0,"enemies":"Replay:BlueRogue","floor":14.0,"turns":4.0},{"damage":0.0,"enemies":"Gremlin Gang","floor":16.0,"turns":1.0},{"damage":3.0,"enemies":"The Guardian","floor":18.0,"turns":9.0},{"damage":24.0,"enemies":"Spheric Guardian","floor":20.0,"turns":5.0},{"damage":0.0,"enemies":"2 Thieves","floor":22.0,"turns":1.0},{"damage":0.0,"enemies":"Snecko","floor":23.0,"turns":5.0},{"damage":6.0,"enemies":"Gremlin Leader","floor":26.0,"turns":5.0},{"damage":14.0,"enemies":"Centurion and Healer","floor":27.0,"turns":7.0},{"damage":14,"enemies":"Slavers","floor":30,"turns":4},{"damage":0,"enemies":"Chosen and Byrds","floor":31,"turns":4},{"damage":58,"enemies":"Gremlin Leader","floor":32,"turns":5}],"seed_played":"3753386764832117077","potions_obtained":[{"floor":5.0,"key":"Explosive Potion"},{"floor":13.0,"key":"blueLaboratory:PhilterOfMotion"},{"floor":14.0,"key":"blueLaboratory:BottleOfVodka"},{"floor":20.0,"key":"PowerPotion"},{"floor":22.0,"key":"FocusPotion"}],"is_trial":false,"path_per_floor":["M","?","M","?","M","PTL","PTL","E","R","E","T","?","M","E","R","M","R","B",null,"M","?","M","M","$","R","E","M","T","$","E","M","E"],"character_chosen":"DEFECT","items_purchased":["aspiration:MysteriousAuxiliaryCore","Self Repair","Buffer"],"campfire_rested":1,"item_purchase_floors":[24,24,29],"current_hp_per_floor":[50,50,50,47,45,45,45,32,32,19,19,19,7,2,24,24,24,21,62,38,38,38,38,38,38,39,32,32,32,37,56,0,0],"gold":103,"neow_bonus":"THREE_RARE_CARDS","is_daily":false,"chose_seed":false,"campfire_upgraded":3,"win_rate":0.0,"timestamp":1614238643,"path_taken":["M","?","M","?","M","PTL","PTL","E","R","E","T","?","M","E","R","M","R","BOSS","M","?","?","M","$","R","E","?","T","?","E","M","E"],"items_purchased_type":["Relic","Card","Card"],"build_version":"2020-12-22","purchased_purges":0,"victory":false,"max_hp_per_floor":[75,75,75,75,75,75,75,75,75,75,75,75,75,75,75,75,75,75,75,75,75,75,75,75,75,75,75,75,75,75,75,75,75],"card_choices":[{"not_picked":["jedi:studyfrost","jedi:gatheringstorm"],"picked":"Electrodynamics","floor":0.0},{"not_picked":["Compile Driver","Go for the Eyes"],"picked":"Conserve Battery","floor":1.0},{"not_picked":["REME_DataAnalysis","White Noise"],"picked":"Genetic Algorithm","floor":3.0},{"not_picked":["Panic Button","REME_Whirling"],"picked":"Go for the Eyes","floor":5.0},{"not_picked":["Sweeping Beam","jedi:BurstLightning"],"picked":"FTL","floor":8.0},{"not_picked":["Turbo","Gash"],"picked":"jedi:hex","floor":10.0},{"not_picked":["MostiFishMod:LinkProtocol","Leap"],"picked":"Creative AI","floor":13.0},{"not_picked":["MostiFishMod:PushDownKick","Darkness"],"picked":"Capacitor","floor":14.0},{"not_picked":["Leap","jedi:reiji"],"picked":"Steam","floor":16.0},{"not_picked":["Mirror Shield","jedi:BurstDark"],"picked":"MostiFishMod:Nova","floor":18.0},{"not_picked":["Genetic Algorithm","jedi:sharpshooter+1"],"picked":"Leap+1","floor":20.0},{"not_picked":["Darkness","Panic Button"],"picked":"Recycle+1","floor":22.0},{"not_picked":["Beam Cell","MostiFishMod:Impulse+1"],"picked":"Conserve Battery","floor":23.0},{"not_picked":["MostiFishMod:Distribution","Steam"],"picked":"Coolheaded","floor":26.0},{"not_picked":["MostiFishMod:PushDownKick","Panic Button"],"picked":"REME_SelfUpgrade","floor":27.0},{"not_picked":["jedi:BurstFrost","Undo","ReplayTheSpireMod:Repulse"],"picked":"MostiFishMod:GatherIntelligence+1","floor":30},{"not_picked":["Rebound","aspiration:Polymerization"],"picked":"jedi:blockon+1","floor":31}],"player_experience":422761,"relics_obtained":[{"floor":8.0,"key":"hubris:ToyBattleship"},{"floor":10.0,"key":"reliquary:PartyBalloon"},{"floor":11.0,"key":"jedi:superconductor"},{"floor":14.0,"key":"aspiration:DSix"},{"floor":26.0,"key":"BionicSphere"},{"floor":28.0,"key":"Meat on the Bone"},{"floor":30,"key":"halation:Toothbrush"}],"event_choices":[{"damage_healed":0.0,"max_hp_gain":0.0,"max_hp_loss":0.0,"gold_gain":0.0,"event_name":"betterThird:BetterScrap","player_choice":"Relic ","floor":4.0,"gold_loss":0.0,"damage_taken":3.0,"cards_obtained":["Heel Hook"]},{"damage_healed":0.0,"max_hp_gain":0.0,"max_hp_loss":0.0,"gold_gain":0.0,"event_name":"betterThird:BetterSerpent","player_choice":"Ignored","floor":12.0,"gold_loss":0.0,"damage_taken":278.0},{"cards_removed":["Strike_B"],"damage_healed":0.0,"max_hp_gain":0.0,"max_hp_loss":0.0,"gold_gain":0.0,"event_name":"Bonfire Elementals","player_choice":"Offered Basic","floor":21.0,"gold_loss":0.0,"damage_taken":0.0}],"is_beta":false,"boss_relics":[{"not_picked":["hubris:Backtick","Honey Jar"],"picked":"aspiration:BursterCore"}],"items_purged_floors":[],"is_endless":false,"potions_floor_spawned":[5,13,14,20,22],"killed_by":"Gremlin Leader","ascension_level":10}}