{"host":"5qewjvycy34u7aeo","time":1614280085,"event":{"mods":["BaseMod","Curses Come First","Downfall","GifTheSpireLib","Infinite Spire","Minty Spire (QoL Compilation)","Permanent Neow","Replay The Spire","StSLib","Together in Spire","Wandering Minibosses"],"gold_per_floor":[116,41,61,76,76,76,86,86,86,96,128,151,6,34,34,146,246,283,283,321,370,403,448,448,490,490,526,573,577,577],"floor_reached":29,"language":"ENG","playtime":973,"items_purged":["Regret"],"score":287,"play_id":"dfa76d2e-90a1-4adc-a62f-f61f39490c0b","local_time":"20210225130805","is_ascension_mode":true,"campfire_choices":[{"data":"Thunderclap","floor":6.0,"key":"SMITH"},{"data":"Strike_R","floor":8.0,"key":"SMITH"},{"data":"Whirlwind","floor":15.0,"key":"SMITH"},{"floor":24.0,"key":"RECALL"}],"circlet_count":0,"master_deck":["Strike_R","Strike_R","Strike_R","Strike_R","Strike_R+1","Defend_R","Defend_R","Defend_R","Defend_R","Bash","Thunderclap+1","Demon Form+1","Whirlwind+1"],"relics":["Burning Blood","Oddly Smooth Stone","MawBank","Chemical X","Replay:Bandana","Replay:Wanted Poster","Toy Ornithopter","Calipers"],"acts_visited":["Exordium","TheCity"],"potions_floor_usage":[27],"damage_taken":[{"damage":3.0,"enemies":"Small Slimes","floor":1.0,"turns":3.0},{"damage":0.0,"enemies":"Cultist","floor":3.0,"turns":3.0},{"damage":0.0,"enemies":"Jaw Worm","floor":4.0,"turns":3.0},{"damage":6.0,"enemies":"Gremlin Gang","floor":7.0,"turns":3.0},{"damage":10.0,"enemies":"Lots of Slimes","floor":10.0,"turns":4.0},{"damage":33.0,"enemies":"3 Sentries","floor":11.0,"turns":8.0},{"damage":3.0,"enemies":"2 Fungi Beasts","floor":12.0,"turns":4.0},{"damage":28.0,"enemies":"Gremlin Nob","floor":14.0,"turns":4.0},{"damage":19.0,"enemies":"Fading Forest","floor":16.0,"turns":11.0},{"damage":23.0,"enemies":"Spheric Guardian","floor":18.0,"turns":4.0},{"damage":10.0,"enemies":"Shell Parasite","floor":20.0,"turns":4.0},{"damage":17.0,"enemies":"Centurion and Healer","floor":21.0,"turns":3.0},{"damage":16.0,"enemies":"Snecko","floor":22.0,"turns":5.0},{"damage":16.0,"enemies":"Replay:Snechameleon","floor":23.0,"turns":6.0},{"damage":6.0,"enemies":"Cultist and Chosen","floor":25.0,"turns":3.0},{"damage":37,"enemies":"Shelled Parasite and Fungi","floor":27,"turns":5},{"damage":12,"enemies":"Chosen and Byrds","floor":28,"turns":2},{"damage":16,"enemies":"Snake Plant","floor":29,"turns":2}],"seed_played":"6348665437867508770","potions_obtained":[{"floor":5.0,"key":"ColorlessPotion"},{"floor":5.0,"key":"Ancient Potion"},{"floor":5.0,"key":"Adrenaline Potion"},{"floor":7.0,"key":"Energy Potion"},{"floor":10.0,"key":"SneckoOil"},{"floor":21.0,"key":"Dexterity Potion"},{"floor":22.0,"key":"Regen Potion"},{"floor":23.0,"key":"BlessingOfTheForge"},{"floor":28,"key":"Regen Potion"}],"is_trial":false,"path_per_floor":["M","$","M","M","?","R","M","R","T","M","E","M","$","E","R","B",null,"M","?","M","M","M","E","R","M","T","M","M","M"],"character_chosen":"IRONCLAD","items_purchased":["Chemical X"],"campfire_rested":0,"item_purchase_floors":[13],"current_hp_per_floor":[80,80,80,80,80,80,80,80,80,76,49,52,52,30,30,27,80,63,63,59,48,38,43,43,43,43,17,11,0,0],"gold":577,"neow_bonus":"RANDOM_EVENT","is_daily":false,"chose_seed":false,"campfire_upgraded":3,"win_rate":0.0,"timestamp":1614280085,"path_taken":["M","$","M","M","?","R","?","R","T","M","E","M","$","E","R","BOSS","M","?","?","?","M","E","R","M","T","M","M","M"],"items_purchased_type":["Relic"],"build_version":"2020-12-22","purchased_purges":1,"victory":false,"max_hp_per_floor":[80,80,80,80,80,80,80,80,80,80,80,80,80,80,80,80,80,80,80,80,80,80,80,80,80,80,80,80,80,80],"card_choices":[{"not_picked":["Heavy Blade","Clothesline"],"picked":"Thunderclap","floor":1.0},{"not_picked":["Wild Strike","Heavy Blade","Seeing Red"],"picked":"SKIP","floor":3.0},{"not_picked":["Run Through","Fire Breathing","Anger"],"picked":"SKIP","floor":4.0},{"not_picked":["Bloodletting","Rampage","Shockwave"],"picked":"SKIP","floor":7.0},{"not_picked":["Warcry","Entrench","ReplayReversal"],"picked":"SKIP","floor":10.0},{"not_picked":["Combust","Defy Death"],"picked":"Demon Form","floor":11.0},{"not_picked":["Clash","Inflame"],"picked":"Whirlwind","floor":12.0},{"not_picked":["Shockwave","Twin Strike","Dark Embrace"],"picked":"SKIP","floor":14.0},{"not_picked":["Defy Death+1","Run Through","Headbutt"],"picked":"SKIP","floor":18.0},{"not_picked":["Headbutt+1","Hemokinesis","Perfected Strike"],"picked":"SKIP","floor":20.0},{"not_picked":["Iron Wave","ReplayTheSpireMod:Stacked","Wild Strike"],"picked":"SKIP","floor":21.0},{"not_picked":["Disarm","Intimidate","Sentinel"],"picked":"SKIP","floor":22.0},{"not_picked":["Headbutt+1","Sentinel","Impervious"],"picked":"SKIP","floor":23.0},{"not_picked":["Replay:Undeath\u0027s Touch","Havoc","ReplayTheSpireMod:Strike From Hell"],"picked":"SKIP","floor":25.0},{"not_picked":["Clash","Sword Boomerang","Perfected Strike"],"picked":"SKIP","floor":27},{"not_picked":["Shrug It Off","Rupture","Headbutt"],"picked":"SKIP","floor":28}],"player_experience":530936,"relics_obtained":[{"floor":11.0,"key":"MawBank"},{"floor":14.0,"key":"Replay:Bandana"},{"floor":23.0,"key":"Toy Ornithopter"},{"floor":26.0,"key":"Calipers"}],"event_choices":[{"damage_healed":0.0,"max_hp_gain":0.0,"max_hp_loss":0.0,"gold_gain":0.0,"event_name":"Big Fish","player_choice":"Box","floor":0.0,"gold_loss":0.0,"damage_taken":0.0,"relics_obtained":["Oddly Smooth Stone"],"cards_obtained":["Regret"]},{"damage_healed":0.0,"max_hp_gain":0.0,"max_hp_loss":0.0,"gold_gain":0.0,"event_name":"Lab","player_choice":"Got Potions","floor":5.0,"gold_loss":0.0,"damage_taken":0.0},{"damage_healed":0.0,"max_hp_gain":0.0,"max_hp_loss":0.0,"gold_gain":0.0,"event_name":"Upgrade Shrine","player_choice":"Upgraded","floor":19.0,"gold_loss":0.0,"damage_taken":0.0,"cards_upgraded":["Demon Form"]}],"is_beta":false,"boss_relics":[{"not_picked":["Ring of Chaos","Replay:Ancient Bell"],"picked":"Replay:Wanted Poster"}],"items_purged_floors":[2],"is_endless":false,"potions_floor_spawned":[7,10,14,16,21,22,23,28],"killed_by":"Snake Plant","ascension_level":2}}