{"host":"5tir6155jnoxijqh","time":1614233035,"event":{"mods":["Act Like it!","Arknights","BaseMod","Downfall","Hermit","Library of Ruina","Library of Ruina Extra","Minty Spire (QoL Compilation)","Shop Mod","Spicy Shops","StSLib","WarShipGirlsR/’ΩΩ¢…Ÿ≈ÆR mod"],"gold_per_floor":[115,190,207,207,62,62,97,109,133,133,233,243,258,277,277,277,277],"floor_reached":16,"language":"ZHS","playtime":754,"items_purged":[],"score":107,"play_id":"3f8cf704-dc71-4a1c-82b3-3d20aab521cf","local_time":"20210225140355","is_ascension_mode":true,"campfire_choices":[{"data":"ats:Rapid Magazine","floor":6.0,"key":"SMITH"},{"data":"ats:Thorns","floor":10,"key":"SMITH"},{"data":"ats:Volcano","floor":15,"key":"SMITH"}],"circlet_count":0,"master_deck":["ats:Strike C","ats:Strike G","ats:Strike S","ats:Strike V","ats:Armor Crushing Shot","ats:Defend","ats:Defend+1","ats:Defend","ats:Defend","ats:Emotion Absorption","Discovery","ats:Rapid Magazine+1","ats:Support Order+1","ats:Thorns+1","ats:Nebulous Foxfire","ats:Volcano+1"],"relics":["ats:Sanity","PageOfPorccubus","PageOfGalaxyChild","ats:Originium","Omamori","War Paint"],"acts_visited":["Exordium"],"potions_floor_usage":[7,7,13],"damage_taken":[{"damage":6.0,"enemies":"Jaw Worm","floor":1.0,"turns":4.0},{"damage":1.0,"enemies":"Cultist","floor":3.0,"turns":4.0},{"damage":61,"enemies":"Gremlin Nob","floor":7,"turns":6},{"damage":4,"enemies":"2 Louse","floor":8,"turns":4},{"damage":6,"enemies":"2 Fungi Beasts","floor":12,"turns":3},{"damage":20,"enemies":"Gremlin Gang","floor":13,"turns":9},{"damage":16,"enemies":"Blue Slaver","floor":14,"turns":5},{"damage":64,"enemies":"Slime Boss","floor":16,"turns":8}],"seed_played":"-6433429543828527507","potions_obtained":[{"floor":1.0,"key":"Explosive Potion"},{"floor":3.0,"key":"Explosive Potion"},{"floor":7,"key":"ats:Burn Small Potion"}],"is_trial":false,"path_per_floor":["M","?","M","?","$","R","E","M","T","R","?","M","M","M","R","B"],"character_chosen":"DOCTOR_CLASS","items_purchased":["PageOfGalaxyChild"],"campfire_rested":0,"item_purchase_floors":[5],"current_hp_per_floor":[66,59,58,55,55,55,9,14,14,14,14,19,46,43,43,0,0],"gold":277,"neow_bonus":"RANDOM_COLORLESS","is_daily":false,"chose_seed":false,"campfire_upgraded":3,"win_rate":0.0,"timestamp":1614233035,"path_taken":["M","?","?","?","$","R","E","M","T","R","?","M","M","?","R","BOSS"],"items_purchased_type":["Relic"],"build_version":"2020-12-22","purchased_purges":0,"victory":false,"max_hp_per_floor":[72,72,72,72,72,72,72,72,72,72,72,72,72,72,72,72,72],"card_choices":[{"not_picked":["Impatience","Jack Of All Trades"],"picked":"Discovery","floor":0.0},{"not_picked":["ats:Cat Scratch","ats:Blood Oath"],"picked":"ats:Rapid Magazine","floor":1.0},{"not_picked":["ats:Assault Order","ats:Cat Scratch"],"picked":"ats:Support Order","floor":3.0},{"not_picked":["ats:Sunburst","ats:Thermite Blade"],"picked":"ats:Thorns","floor":7},{"not_picked":["ats:Consecutive Shot Auto","ats:Collapsing Strike","ats:Shell Defense"],"picked":"SKIP","floor":8},{"not_picked":["ats:Absolute Focus","ats:Blood Oath"],"picked":"ats:Nebulous Foxfire","floor":12},{"not_picked":["ats:Blood Oath","ats:Assault Order","ats:Explosion Area Strengthen"],"picked":"SKIP","floor":13},{"not_picked":["ats:Phantom","ats:Very Hot Blade"],"picked":"ats:Volcano","floor":14}],"player_experience":408087,"relics_obtained":[{"floor":7,"key":"ats:Originium"},{"floor":7,"key":"Omamori"},{"floor":9,"key":"War Paint"}],"event_choices":[{"damage_healed":0.0,"max_hp_gain":0.0,"max_hp_loss":0.0,"gold_gain":75.0,"event_name":"FaceTrader","player_choice":"Touch","floor":2.0,"gold_loss":0.0,"damage_taken":7.0},{"damage_healed":0.0,"max_hp_gain":0.0,"max_hp_loss":0.0,"gold_gain":0.0,"event_name":"Scrap Ooze","player_choice":"Success","floor":4.0,"gold_loss":0.0,"damage_taken":3.0,"relics_obtained":["PageOfPorccubus"]},{"damage_healed":0,"gold_gain":100,"player_choice":"Pray","damage_taken":0,"max_hp_gain":0,"max_hp_loss":0,"event_name":"Golden Shrine","floor":11,"gold_loss":0}],"is_beta":false,"boss_relics":[],"items_purged_floors":[],"is_endless":false,"potions_floor_spawned":[1,3,7],"killed_by":"Slime Boss","ascension_level":1}}