{"host":"2l5k2wp87eek7qja","time":1614285378,"event":{"mods":["BaseMod","Colored Map","Minty Spire (QoL Compilation)","Relic Stats"],"gold_per_floor":[213,213,53,66,79,79,411,422,422,422,422,422,436,436,436,436,436],"floor_reached":16,"language":"ENG","playtime":362,"items_purged":[],"score":200,"play_id":"f11ae8aa-553d-4f8d-a46a-1dd718287479","local_time":"20210225223618","is_ascension_mode":true,"campfire_choices":[{"data":"Blade Dance","floor":6,"key":"SMITH"},{"data":"Cloak And Dagger","floor":10,"key":"SMITH"},{"data":"Wraith Form v2","floor":12,"key":"SMITH"},{"data":"Neutralize","floor":15,"key":"SMITH"}],"circlet_count":0,"master_deck":["AscendersBane","Strike_G","Strike_G","Strike_G","Strike_G","Defend_G","Defend_G","Defend_G","Defend_G","Defend_G","Survivor","Neutralize+1","Blade Dance+1","Backstab","Cloak And Dagger+1","Wraith Form v2+1","Cloak And Dagger"],"relics":["Ring of the Snake","TwistedFunnel","Old Coin","Sundial","Regal Pillow","Meat on the Bone"],"acts_visited":["Exordium"],"potions_floor_usage":[7,16,16],"damage_taken":[{"damage":8,"enemies":"Small Slimes","floor":1,"turns":5},{"damage":0,"enemies":"Cultist","floor":4,"turns":3},{"damage":0,"enemies":"Jaw Worm","floor":5,"turns":3},{"damage":11,"enemies":"Gremlin Nob","floor":7,"turns":3},{"damage":2,"enemies":"3 Louse","floor":8,"turns":3},{"damage":1,"enemies":"Looter","floor":13,"turns":3},{"damage":35,"enemies":"Slime Boss","floor":16,"turns":10}],"seed_played":"-5583182666917744404","potions_obtained":[{"floor":1,"key":"PowerPotion"},{"floor":4,"key":"PowerPotion"},{"floor":13,"key":"EssenceOfSteel"}],"is_trial":false,"path_per_floor":["M","?","$","M","M","R","E","M","T","R","T","R","M","?","R","B"],"character_chosen":"THE_SILENT","items_purchased":["TwistedFunnel"],"campfire_rested":0,"item_purchase_floors":[3],"current_hp_per_floor":[51,51,51,51,51,51,40,38,38,38,38,38,37,32,32,0,0],"gold":436,"neow_bonus":"HUNDRED_GOLD","is_daily":false,"chose_seed":false,"campfire_upgraded":4,"win_rate":0.0,"timestamp":1614285378,"path_taken":["M","?","$","?","M","R","E","M","T","R","?","R","?","?","R","BOSS"],"items_purchased_type":["Relic"],"build_version":"2020-12-22","purchased_purges":0,"victory":false,"max_hp_per_floor":[66,66,66,66,66,66,66,66,66,66,66,66,66,66,66,66,66],"relic_stats":{"Regal Pillow":0,"counters":[7,30],"Sundial":[2],"obtain_stats":[{"TwistedFunnel":3,"Regal Pillow":11,"Sundial":9,"Ring of the Snake":0,"Old Coin":7,"Meat on the Bone":14},{"TwistedFunnel":1,"Regal Pillow":5,"Sundial":5,"Ring of the Snake":0,"Old Coin":4,"Meat on the Bone":6},{"TwistedFunnel":5,"Regal Pillow":17,"Sundial":17,"Ring of the Snake":0,"Old Coin":14,"Meat on the Bone":20}],"Ring of the Snake":[14],"Meat on the Bone":0},"card_choices":[{"not_picked":["Tactician","Deadly Poison"],"picked":"Blade Dance","floor":1},{"not_picked":["Underhanded Strike","Masterful Stab"],"picked":"Cloak And Dagger","floor":4},{"not_picked":["Endless Agony","Poisoned Stab","Slice"],"picked":"SKIP","floor":5},{"not_picked":["PiercingWail","Endless Agony","Outmaneuver"],"picked":"SKIP","floor":7},{"not_picked":["Well Laid Plans","Footwork"],"picked":"Wraith Form v2","floor":8},{"not_picked":["Deflect","Tactician"],"picked":"Cloak And Dagger","floor":13}],"player_experience":907325,"relics_obtained":[{"floor":7,"key":"Old Coin"},{"floor":9,"key":"Sundial"},{"floor":11,"key":"Regal Pillow"}],"event_choices":[{"damage_healed":0,"gold_gain":0,"cards_transformed":["Strike_G"],"player_choice":"Transformed","damage_taken":0,"max_hp_gain":0,"max_hp_loss":0,"event_name":"Transmorgrifier","floor":2,"gold_loss":0,"cards_obtained":["Backstab"]},{"damage_healed":0,"gold_gain":0,"player_choice":"Success","damage_taken":5,"relics_obtained":["Meat on the Bone"],"max_hp_gain":0,"max_hp_loss":0,"event_name":"Scrap Ooze","floor":14,"gold_loss":0}],"is_beta":false,"boss_relics":[],"items_purged_floors":[],"is_endless":false,"potions_floor_spawned":[1,4,13],"killed_by":"Slime Boss","ascension_level":20}}