{"host":"2j7k79oxv8es4yqd","time":1614259015,"event":{"mods":["BaseMod","Emptier Cage","Minty Spire (QoL Compilation)","Permanent Neow","Ryuuou¡˙Õı","StSLib"],"gold_per_floor":[116,128,203,221,396,396,408,408,408,422,422,83,103,116,116,221,221,239,339,323,342,342,342,354,354,354],"floor_reached":25,"language":"ZHT","playtime":1649,"items_purged":["Doubt"],"score":197,"play_id":"0d5520bc-418e-433e-83b3-6f67d67bc60b","local_time":"20210225211655","is_ascension_mode":false,"campfire_choices":[{"data":"Dualcast","floor":6,"key":"SMITH"},{"data":"Static Discharge","floor":8,"key":"SMITH"},{"floor":15,"key":"DIG"},{"floor":23,"key":"REST"}],"circlet_count":0,"master_deck":["Strike_B","Strike_B","Strike_B","Defend_B","Defend_B","Defend_B","Defend_B","Zap","Dualcast+1","Heatsinks","Fusion","Static Discharge+1","Ball Lightning","Sweeping Beam","Tempest","Compile Driver","Leap","Capacitor","Echo Form","Recycle","Beam Cell+1","Barrage","Double Energy"],"relics":["Cracked Core","Shovel","Symbiotic Virus","Girya","Runic Pyramid"],"acts_visited":["Exordium","TheCity"],"potions_floor_usage":[16,16,21,25,25],"damage_taken":[{"damage":0,"enemies":"Small Slimes","floor":1,"turns":2},{"damage":0,"enemies":"2 Louse","floor":2,"turns":2},{"damage":1,"enemies":"Jaw Worm","floor":4,"turns":3},{"damage":8,"enemies":"Red Slaver","floor":7,"turns":3},{"damage":17,"enemies":"Large Slime","floor":10,"turns":4},{"damage":8,"enemies":"Gremlin Gang","floor":13,"turns":3},{"damage":7,"enemies":"Blue Slaver","floor":14,"turns":2},{"damage":38,"enemies":"The Guardian","floor":16,"turns":9},{"damage":15,"enemies":"3 Byrds","floor":18,"turns":2},{"damage":31,"enemies":"2 Thieves","floor":20,"turns":4},{"damage":26,"enemies":"Centurion and Healer","floor":21,"turns":6},{"damage":1,"enemies":"Snecko","floor":24,"turns":3},{"damage":24,"enemies":"Slavers","floor":25,"turns":2}],"seed_played":"5932928357638267076","potions_obtained":[{"floor":1,"key":"Explosive Potion"},{"floor":10,"key":"ColorlessPotion"},{"floor":13,"key":"Dexterity Potion"},{"floor":14,"key":"Block Potion"},{"floor":20,"key":"Ancient Potion"},{"floor":21,"key":"Block Potion"}],"is_trial":false,"path_per_floor":["M","M","?","M","?","R","M","R","T","M","?","$","M","M","R","B",null,"M","?","M","M","?","R","M","E"],"character_chosen":"DEFECT","items_purchased":["Symbiotic Virus","Compile Driver"],"campfire_rested":1,"item_purchase_floors":[12,12],"current_hp_per_floor":[75,75,64,63,63,63,55,55,55,38,63,63,55,48,48,10,75,60,60,29,3,3,25,24,0,0],"gold":354,"neow_bonus":"TRANSFORM_CARD","is_daily":false,"chose_seed":false,"campfire_upgraded":2,"win_rate":0.0,"timestamp":1614259015,"path_taken":["M","M","?","M","?","R","M","R","T","M","?","$","M","M","R","BOSS","M","?","?","M","?","R","M","E"],"items_purchased_type":["Relic","Card"],"build_version":"2020-12-22","purchased_purges":1,"victory":false,"max_hp_per_floor":[75,75,75,75,75,75,75,75,75,75,75,75,75,75,75,75,75,75,75,75,75,75,75,75,75,75],"card_choices":[{"not_picked":["Force Field","Streamline"],"picked":"Fusion","floor":1},{"not_picked":["Self Repair","Turbo"],"picked":"Static Discharge","floor":2},{"not_picked":["Leap","Hologram"],"picked":"Ball Lightning","floor":4},{"not_picked":["Reinforced Body","Go for the Eyes"],"picked":"Sweeping Beam","floor":7},{"not_picked":["BootSequence","Beam Cell"],"picked":"Tempest","floor":10},{"not_picked":["Rebound","Coolheaded"],"picked":"Leap","floor":13},{"not_picked":["Doom and Gloom","Cold Snap"],"picked":"Capacitor","floor":14},{"not_picked":["All For One","Machine Learning"],"picked":"Echo Form","floor":16},{"not_picked":["Scrape+1","Hologram"],"picked":"Recycle","floor":18},{"not_picked":["Sweeping Beam","Steam Power+1"],"picked":"Beam Cell+1","floor":20},{"not_picked":["Ball Lightning","Cold Snap"],"picked":"Barrage","floor":21},{"not_picked":["Rebound","Hologram"],"picked":"Double Energy","floor":24}],"player_experience":605242,"relics_obtained":[{"floor":9,"key":"Shovel"},{"floor":15,"key":"Girya"}],"event_choices":[{"damage_healed":0,"gold_gain":75,"player_choice":"Gather Gold","damage_taken":11,"max_hp_gain":0,"max_hp_loss":0,"event_name":"World of Goop","floor":3,"gold_loss":0},{"damage_healed":0,"gold_gain":175,"player_choice":"AGREE","damage_taken":0,"max_hp_gain":0,"max_hp_loss":0,"event_name":"Liars Game","floor":5,"gold_loss":0,"cards_obtained":["Doubt"]},{"damage_healed":25,"gold_gain":0,"player_choice":"Banana","damage_taken":0,"max_hp_gain":0,"max_hp_loss":0,"event_name":"Big Fish","floor":11,"gold_loss":0},{"damage_healed":0,"gold_gain":100,"player_choice":"Pray","damage_taken":0,"max_hp_gain":0,"max_hp_loss":0,"event_name":"Golden Shrine","floor":19,"gold_loss":0},{"damage_healed":0,"gold_gain":0,"player_choice":"Ignored","damage_taken":0,"max_hp_gain":0,"max_hp_loss":0,"event_name":"NoteForYourself","floor":22,"gold_loss":0}],"is_beta":false,"boss_relics":[{"not_picked":["Snecko Eye","Empty Cage"],"picked":"Runic Pyramid"}],"items_purged_floors":[12],"is_endless":false,"potions_floor_spawned":[1,10,13,14,20,21],"killed_by":"Slavers","ascension_level":0}}