{"host":"879u177vr8bnqwsn","time":1614214778,"event":{"mods":["BaseMod","Hubris","Minty Spire (QoL Compilation)","Reliquary","StSLib"],"gold_per_floor":[114,129,129,129,129,167,17,17,17,17,55,74,93,112,112,237,237,256,355,355,355,33,71,71,90,90,128,147,147,147,166,166,291,291,310,310,310,330,361,373,385,435,472,484,496,527,577,614,626,638,638],"floor_reached":50,"language":"ENG","playtime":3260,"items_purged":[],"score":919,"play_id":"eb013d0a-fff1-4c9e-9cbf-afb8299daffe","local_time":"20210224215938","daily_mods":["Insanity","Colorless Cards","Night Terrors"],"is_ascension_mode":false,"campfire_choices":[{"data":"Double Energy","floor":8,"key":"SMITH"},{"data":"Chill","floor":10,"key":"SMITH"},{"data":"Sunder","floor":15,"key":"SMITH"},{"data":"Creative AI","floor":24,"key":"SMITH"},{"data":"Echo Form","floor":32,"key":"SMITH"},{"data":"Defragment","floor":40,"key":"SMITH"},{"data":"Rainbow","floor":44,"key":"SMITH"},{"data":"Reinforced Body","floor":49,"key":"SMITH"}],"circlet_count":0,"master_deck":["Gash","Stack","Coolheaded","Rebound","Hologram","Go for the Eyes","Sweeping Beam","Melter","Double Energy+1","Steam Power","Redo","Melter","Scrape","Gash","Recycle","hubris:Insight","Cold Snap","Go for the Eyes","Rebound","Redo","Go for the Eyes","Redo","Conserve Battery","Deep Breath+1","Coolheaded","hubris:Insight","Ball Lightning","Stack","Hologram","FTL","Stack","Ball Lightning","Rebound","Steam+1","BootSequence","Gash","Chill+1","hubris:PowerSurge","hubris:PowerSurge","Reinforced Body+1","Sweeping Beam","Conserve Battery","Steam","Gash","Impatience","Purity","White Noise","Sunder+1","Gash","Coolheaded","Scrape","Cold Snap","Streamline","Undo","Gash","Creative AI+1","Gash","Echo Form+1","hubris:PowerSurge","Beam Cell+1","Ball Lightning","Stack+1","Rainbow+1","Dark Shackles+1","Defragment+1","hubris:Ssssneak","Sunder+1"],"relics":["Cracked Core","Golden Idol","reliquary:OuijaBoard","Juzu Bracelet","reliquary:PartyBalloon","Ornamental Fan","reliquary:Spinner","reliquary:WritOfMandamus","reliquary:IridiumChain","Cables","White Beast Statue","Peace Pipe","Omamori","WarpedTongs","SlaversCollar","MawBank","hubris:FunFungus","hubris:Towel","Strawberry","reliquary:SharkskinSheath","hubris:MedicalManual","Nunchaku"],"acts_visited":["Exordium","TheCity","TheBeyond"],"potions_floor_usage":[16,38,42,50],"damage_taken":[{"damage":0,"enemies":"2 Louse","floor":1,"turns":1},{"damage":0,"enemies":"Small Slimes","floor":2,"turns":2},{"damage":0,"enemies":"3 Sentries","floor":6,"turns":3},{"damage":0,"enemies":"Lagavulin","floor":11,"turns":5},{"damage":0,"enemies":"Jaw Worm","floor":12,"turns":2},{"damage":0,"enemies":"Large Slime","floor":13,"turns":2},{"damage":0,"enemies":"2 Fungi Beasts","floor":14,"turns":3},{"damage":0,"enemies":"Hexaghost","floor":16,"turns":7},{"damage":0,"enemies":"Chosen","floor":18,"turns":4},{"damage":14,"enemies":"Gremlin Leader","floor":23,"turns":6},{"damage":0,"enemies":"2 Thieves","floor":25,"turns":4},{"damage":0,"enemies":"Slavers","floor":27,"turns":5},{"damage":0,"enemies":"Sentry and Sphere","floor":28,"turns":3},{"damage":0,"enemies":"Shelled Parasite and Fungi","floor":31,"turns":3},{"damage":0,"enemies":"Champ","floor":33,"turns":7},{"damage":0,"enemies":"3 Darklings","floor":35,"turns":5},{"damage":0,"enemies":"2 Orb Walkers","floor":38,"turns":5},{"damage":0,"enemies":"3 Shapes","floor":39,"turns":5},{"damage":0,"enemies":"Reptomancer","floor":42,"turns":5},{"damage":0,"enemies":"Jaw Worm Horde","floor":46,"turns":6},{"damage":0,"enemies":"Giant Head","floor":47,"turns":9},{"damage":84,"enemies":"hubris:GrandSnecko","floor":50,"turns":16}],"seed_played":"3523290589944034342","potions_obtained":[{"floor":2,"key":"LiquidBronze"},{"floor":6,"key":"Block Potion"},{"floor":11,"key":"DuplicationPotion"},{"floor":18,"key":"LiquidMemories"},{"floor":31,"key":"PotionOfCapacity"},{"floor":38,"key":"SpeedPotion"},{"floor":39,"key":"DistilledChaos"},{"floor":42,"key":"FearPotion"},{"floor":46,"key":"PowerPotion"}],"is_trial":false,"path_per_floor":["M","M","?","?","?","E","$","R","T","R","E","M","M","M","R","B",null,"M","?","?","T","$","E","R","M","T","E","M","?","?","M","R","B",null,"M","?","?","?","M","R","?","E","T","R","$","M","E","T","R","B"],"character_chosen":"DEFECT","items_purchased":["reliquary:PartyBalloon","Echo Form","Cables"],"campfire_rested":0,"item_purchase_floors":[7,22,22],"current_hp_per_floor":[75,75,69,55,48,48,48,48,48,48,48,48,48,48,48,48,69,69,69,69,69,69,55,55,55,55,55,55,55,55,55,55,55,69,69,69,69,69,69,69,69,76,76,76,76,76,76,76,76,0,0],"gold":638,"neow_bonus":"","is_daily":true,"chose_seed":false,"campfire_upgraded":8,"win_rate":0.0,"timestamp":1614214778,"path_taken":["M","M","?","?","?","E","?","R","T","R","E","M","M","M","R","BOSS","M","?","?","?","$","E","R","M","T","E","M","?","?","M","R","BOSS","M","?","?","?","M","R","?","E","T","R","?","M","E","?","R","BOSS"],"items_purchased_type":["Relic","Card","Relic"],"build_version":"2020-12-22","purchased_purges":0,"victory":false,"max_hp_per_floor":[75,75,69,69,69,69,69,69,69,69,69,69,69,69,69,69,69,69,69,69,69,69,69,69,69,69,69,69,69,69,69,69,69,69,69,69,69,69,69,69,69,76,76,76,76,76,76,76,76,76,76],"card_choices":[{"not_picked":["hubris:Ukulele","Barrage"],"picked":"Coolheaded","floor":1},{"not_picked":["Go for the Eyes","Sweeping Beam","Stack"],"picked":"SKIP","floor":2},{"not_picked":["Ball Lightning","Conserve Battery"],"picked":"Scrape","floor":6},{"not_picked":["Redo","Recycle"],"picked":"Cold Snap","floor":11},{"not_picked":["Compile Driver","Coolheaded"],"picked":"Streamline","floor":12},{"not_picked":["Ball Lightning","Violence"],"picked":"Undo","floor":13},{"not_picked":["Barrage","Ball Lightning"],"picked":"Gash","floor":14},{"not_picked":["Transmutation","The Bomb"],"picked":"Creative AI","floor":16},{"not_picked":["Sweeping Beam","Finesse"],"picked":"Gash","floor":18},{"not_picked":["Hologram","Streamline+1","Cold Snap"],"picked":"SKIP","floor":23},{"not_picked":["Streamline","Go for the Eyes"],"picked":"hubris:PowerSurge","floor":25},{"not_picked":["Go for the Eyes","Rebound+1"],"picked":"Beam Cell+1","floor":27},{"not_picked":["Sweeping Beam+1","Compile Driver"],"picked":"Ball Lightning","floor":28},{"not_picked":["Forethought","Sweeping Beam"],"picked":"Stack+1","floor":31},{"not_picked":["hubris:Prefetch","Meteor Strike"],"picked":"Rainbow","floor":33},{"not_picked":["Coolheaded","Stack+1"],"picked":"Dark Shackles+1","floor":35},{"not_picked":["White Noise+1","Steam"],"picked":"Defragment","floor":38},{"not_picked":["Go for the Eyes","Dark Shackles"],"picked":"hubris:Ssssneak","floor":39},{"not_picked":["hubris:Ukulele","Go for the Eyes+1","Consume+1"],"picked":"SKIP","floor":42},{"not_picked":["Beam Cell","Auto Shields+1"],"picked":"Sunder+1","floor":46},{"not_picked":["Redo+1","Storm","Sweeping Beam"],"picked":"SKIP","floor":47}],"player_experience":744652,"relics_obtained":[{"floor":6,"key":"Juzu Bracelet"},{"floor":9,"key":"Ornamental Fan"},{"floor":11,"key":"reliquary:Spinner"},{"floor":21,"key":"reliquary:IridiumChain"},{"floor":23,"key":"White Beast Statue"},{"floor":26,"key":"Peace Pipe"},{"floor":27,"key":"Omamori"},{"floor":38,"key":"hubris:FunFungus"},{"floor":42,"key":"Strawberry"},{"floor":43,"key":"reliquary:SharkskinSheath"},{"floor":47,"key":"hubris:MedicalManual"},{"floor":48,"key":"Nunchaku"}],"event_choices":[{"damage_healed":0,"gold_gain":0,"player_choice":"Lose Max HP","damage_taken":0,"relics_obtained":["Golden Idol"],"max_hp_gain":0,"max_hp_loss":6,"event_name":"Golden Idol","floor":3,"gold_loss":0},{"damage_healed":0,"gold_gain":0,"player_choice":"Entered Light","damage_taken":14,"max_hp_gain":0,"max_hp_loss":0,"event_name":"Shining Light","floor":4,"gold_loss":0,"cards_upgraded":["Steam","Deep Breath"]},{"damage_healed":0,"gold_gain":0,"player_choice":"Success","damage_taken":7,"relics_obtained":["reliquary:OuijaBoard"],"max_hp_gain":0,"max_hp_loss":0,"event_name":"Scrap Ooze","floor":5,"gold_loss":0},{"damage_healed":0,"gold_gain":99,"player_choice":"Stole From Cult","damage_taken":0,"max_hp_gain":0,"max_hp_loss":0,"event_name":"Nest","floor":19,"gold_loss":0},{"damage_healed":0,"gold_gain":0,"player_choice":"Ignored","damage_taken":0,"max_hp_gain":0,"max_hp_loss":0,"event_name":"Ghosts","floor":20,"gold_loss":0},{"cards_removed":["Rebound"],"damage_healed":0,"gold_gain":0,"player_choice":"Elegance","damage_taken":0,"max_hp_gain":0,"max_hp_loss":0,"event_name":"Back to Basics","floor":29,"gold_loss":0},{"damage_healed":0,"gold_gain":0,"player_choice":"Rummage","damage_taken":0,"relics_obtained":["WarpedTongs"],"max_hp_gain":0,"max_hp_loss":0,"event_name":"Accursed Blacksmith","floor":30,"gold_loss":0,"cards_obtained":["Pain"]},{"damage_healed":0,"gold_gain":0,"player_choice":"Ignored","damage_taken":0,"max_hp_gain":0,"max_hp_loss":0,"event_name":"Tomb of Lord Red Mask","floor":36,"gold_loss":0},{"damage_healed":0,"gold_gain":0,"player_choice":"Gave Potion","damage_taken":0,"relics_obtained":["MawBank"],"max_hp_gain":0,"max_hp_loss":0,"event_name":"WeMeetAgain","floor":37,"gold_loss":0},{"damage_healed":0,"gold_gain":0,"player_choice":"Fight","damage_taken":0,"max_hp_gain":0,"max_hp_loss":0,"event_name":"Mysterious Sphere","floor":38,"gold_loss":0}],"is_beta":false,"boss_relics":[{"not_picked":["Tiny House","Philosopher\u0027s Stone"],"picked":"reliquary:WritOfMandamus"},{"not_picked":["Nuclear Battery","reliquary:RustamsPendant"],"picked":"SlaversCollar"}],"items_purged_floors":[],"is_endless":false,"potions_floor_spawned":[2,6,11,14,18,25,27,28,31,33,35,38,39,42,46,47],"killed_by":"hubris:GrandSnecko","ascension_level":0}}