{"host":"m0bekkrd201b63ug","time":1614217062,"event":{"mods":["AchievementEnabler","BaseMod","Colored Powertips","Highlight Path","Minty Spire (QoL Compilation)","Rare Cards Sparkle","StSLib","SuperFastMode","everything is the same but u backflip on backflip","slay the spire mod where everything is the same but ironclad has a cowboy hat"],"gold_per_floor":[114,114,179,179,192,232,232,3,3,3,103,103,141,42,42,162,162,162,62,62,62,62,62,62,62,62,0,0,0,0,0,0,0,0,0,0,0,0,0,0,0,0,0,0,0,0,0,0,0,0,0],"floor_reached":50,"language":"ENG","playtime":1625,"items_purged":["Strike_B","Strike_B"],"score":983,"play_id":"4caadebd-66e8-4f89-9c9c-8789f64159c0","local_time":"20210224223742","is_ascension_mode":true,"campfire_choices":[{"floor":7.0,"key":"REST"},{"data":"Streamline","floor":10.0,"key":"SMITH"},{"data":"Ball Lightning","floor":12.0,"key":"SMITH"},{"floor":15.0,"key":"REST"},{"data":"Buffer","floor":23.0,"key":"SMITH"},{"floor":25.0,"key":"REST"},{"floor":30,"key":"REST"},{"floor":32,"key":"REST"},{"floor":40,"key":"REST"},{"data":"Barrage","floor":42,"key":"SMITH"},{"data":"Capacitor","floor":44,"key":"SMITH"},{"floor":49,"key":"REST"}],"circlet_count":0,"master_deck":["AscendersBane","Strike_B+1","Strike_B+1","Defend_B","Defend_B","Defend_B","Defend_B","Zap","Dualcast","Streamline+1","Leap","Genetic Algorithm","Ball Lightning+1","Leap","Conserve Battery","Buffer+1","Sweeping Beam","Auto Shields","Fission+1","Capacitor+1","Amplify","Barrage+1","Sweeping Beam+1","Defragment"],"relics":["Cracked Core","Dream Catcher","Golden Idol","StoneCalendar","HandDrill","Du-Vu Doll","Tiny Chest","Ectoplasm","Ice Cream","Eternal Feather","Unceasing Top","SlaversCollar","Shuriken","Orichalcum"],"acts_visited":["Exordium","TheCity","TheBeyond"],"potions_floor_usage":[31,41,47,50],"damage_taken":[{"damage":0.0,"enemies":"Small Slimes","floor":1.0,"turns":3.0},{"damage":7.0,"enemies":"Jaw Worm","floor":5.0,"turns":2.0},{"damage":24.0,"enemies":"Lagavulin","floor":6.0,"turns":7.0},{"damage":33.0,"enemies":"Gremlin Nob","floor":13.0,"turns":4.0},{"damage":11.0,"enemies":"The Guardian","floor":16.0,"turns":9.0},{"damage":19.0,"enemies":"Spheric Guardian","floor":18.0,"turns":6.0},{"damage":18.0,"enemies":"2 Thieves","floor":27.0,"turns":4.0},{"damage":46.0,"enemies":"Slavers","floor":28.0,"turns":7.0},{"damage":7,"enemies":"Chosen and Byrds","floor":29,"turns":7},{"damage":22,"enemies":"Book of Stabbing","floor":31,"turns":7},{"damage":45,"enemies":"Champ","floor":33,"turns":12},{"damage":6,"enemies":"3 Shapes","floor":35,"turns":5},{"damage":22,"enemies":"3 Darklings","floor":37,"turns":7},{"damage":38,"enemies":"4 Shapes","floor":41,"turns":7},{"damage":9,"enemies":"Writhing Mass","floor":45,"turns":7},{"damage":6,"enemies":"3 Darklings","floor":46,"turns":7},{"damage":8,"enemies":"Maw","floor":47,"turns":7},{"damage":15,"enemies":"4 Shapes","floor":48,"turns":7},{"damage":38,"enemies":"Awakened One","floor":50,"turns":6}],"seed_played":"-676429807550136681","potions_obtained":[{"floor":6.0,"key":"FairyPotion"},{"floor":16.0,"key":"Weak Potion"},{"floor":18.0,"key":"DistilledChaos"},{"floor":29,"key":"SpeedPotion"},{"floor":31,"key":"Fire Potion"},{"floor":33,"key":"EssenceOfSteel"},{"floor":45,"key":"SmokeBomb"}],"is_trial":false,"path_per_floor":["M","?","?","?","M","E","R","$","T","R","?","R","E","$","R","B",null,"M","$","?","$","?","R","?","R","T","M","E","M","R","E","R","B",null,"M","$","M","T","?","R","M","R","T","R","M","M","M","M","R","B"],"character_chosen":"DEFECT","items_purchased":["HandDrill","Ball Lightning","Leap","Conserve Battery"],"campfire_rested":7,"item_purchase_floors":[8,8,8,14],"current_hp_per_floor":[68,53,53,53,46,22,42,42,42,42,42,42,9,9,29,18,56,37,37,37,37,37,37,37,57,57,39,18,11,40,18,47,2,52,46,46,24,24,24,56,18,30,30,42,33,27,19,4,36,0,0],"gold":0,"neow_bonus":"RANDOM_COMMON_RELIC","is_daily":false,"chose_seed":false,"campfire_upgraded":5,"win_rate":0.0,"timestamp":1614217062,"path_taken":["M","?","?","?","M","E","R","?","T","R","?","R","E","$","R","BOSS","M","$","?","$","?","R","?","R","T","M","E","M","R","E","R","BOSS","M","$","M","?","?","R","M","R","T","R","M","M","M","?","R","BOSS"],"items_purchased_type":["Relic","Card","Card","Card"],"build_version":"2020-12-22","purchased_purges":2,"victory":false,"max_hp_per_floor":[75,75,75,69,69,69,69,69,69,69,69,69,69,69,69,69,69,69,69,69,69,69,69,69,69,69,69,69,69,69,69,69,69,69,69,69,69,69,69,69,69,69,69,69,69,69,69,69,69,69,69],"card_choices":[{"not_picked":["Stack","Darkness"],"picked":"Streamline","floor":1.0},{"not_picked":["BootSequence","Steam"],"picked":"Leap","floor":5.0},{"not_picked":["Darkness","Streamline"],"picked":"Genetic Algorithm","floor":6.0},{"not_picked":["Static Discharge","Gash","Redo"],"picked":"SKIP","floor":13.0},{"not_picked":["Biased Cognition","Thunder Strike"],"picked":"Buffer","floor":16.0},{"not_picked":["Self Repair","Turbo","Recycle"],"picked":"SKIP","floor":18.0},{"not_picked":["Gash","Steam"],"picked":"Sweeping Beam","floor":25.0},{"not_picked":["Beam Cell","Cold Snap","Steam+1"],"picked":"SKIP","floor":27.0},{"not_picked":["FTL+1","Rebound"],"picked":"Auto Shields","floor":28.0},{"not_picked":["Gash","Chill","Ball Lightning"],"picked":"SKIP","floor":29},{"not_picked":["Reboot","Streamline"],"picked":"Fission","floor":31},{"not_picked":["Turbo","Melter"],"picked":"Capacitor","floor":32},{"not_picked":["Hyperbeam","Buffer"],"picked":"Amplify","floor":33},{"not_picked":["Cold Snap","Beam Cell","Reprogram"],"picked":"SKIP","floor":35},{"not_picked":["Genetic Algorithm+1","Conserve Battery","Scrape+1"],"picked":"SKIP","floor":37},{"not_picked":["Beam Cell+1","Compile Driver+1"],"picked":"Barrage","floor":40},{"not_picked":["Go for the Eyes+1","Machine Learning","Sweeping Beam"],"picked":"SKIP","floor":41},{"not_picked":["Aggregate+1","Rip and Tear","Barrage+1"],"picked":"SKIP","floor":45},{"not_picked":["Aggregate+1","Gash+1","Steam"],"picked":"SKIP","floor":46},{"not_picked":["Hologram+1","Sweeping Beam+1","Leap"],"picked":"SKIP","floor":48},{"not_picked":["Hologram+1","Leap"],"picked":"Sweeping Beam+1","floor":48},{"not_picked":["Rebound","Steam"],"picked":"Defragment","floor":49}],"player_experience":300229,"relics_obtained":[{"floor":6.0,"key":"StoneCalendar"},{"floor":9.0,"key":"Du-Vu Doll"},{"floor":13.0,"key":"Tiny Chest"},{"floor":26.0,"key":"Ice Cream"},{"floor":28.0,"key":"Eternal Feather"},{"floor":31,"key":"Unceasing Top"},{"floor":38,"key":"Shuriken"},{"floor":43,"key":"Orichalcum"}],"event_choices":[{"damage_healed":0.0,"max_hp_gain":0.0,"max_hp_loss":0.0,"gold_gain":0.0,"event_name":"Shining Light","player_choice":"Entered Light","floor":2.0,"gold_loss":0.0,"damage_taken":15.0,"cards_upgraded":["Strike_B","Strike_B"]},{"damage_healed":0.0,"max_hp_gain":0.0,"max_hp_loss":0.0,"gold_gain":65.0,"event_name":"Golden Wing","player_choice":"Gained Gold","floor":3.0,"gold_loss":0.0,"damage_taken":0.0},{"damage_healed":0.0,"max_hp_gain":0.0,"max_hp_loss":6.0,"gold_gain":0.0,"event_name":"Golden Idol","player_choice":"Lose Max HP","floor":4.0,"gold_loss":0.0,"damage_taken":0.0,"relics_obtained":["Golden Idol"]},{"damage_healed":0.0,"max_hp_gain":0.0,"max_hp_loss":0.0,"gold_gain":100.0,"event_name":"Golden Shrine","player_choice":"Pray","floor":11.0,"gold_loss":0.0,"damage_taken":0.0},{"damage_healed":0.0,"max_hp_gain":0.0,"max_hp_loss":0.0,"gold_gain":0.0,"event_name":"The Mausoleum","player_choice":"Ignored","floor":20.0,"gold_loss":0.0,"damage_taken":0.0},{"damage_healed":0.0,"max_hp_gain":0.0,"max_hp_loss":0.0,"gold_gain":99.0,"event_name":"Nest","player_choice":"Stole From Cult","floor":22.0,"gold_loss":0.0,"damage_taken":0.0},{"damage_healed":0.0,"max_hp_gain":0.0,"max_hp_loss":0.0,"gold_gain":100.0,"event_name":"Golden Shrine","player_choice":"Pray","floor":24.0,"gold_loss":0.0,"damage_taken":0.0},{"damage_healed":0,"gold_gain":0,"player_choice":"Upgraded","damage_taken":0,"max_hp_gain":0,"max_hp_loss":0,"event_name":"Upgrade Shrine","floor":39,"gold_loss":0,"cards_upgraded":["Fission"]}],"is_beta":false,"boss_relics":[{"not_picked":["Calling Bell","Fusion Hammer"],"picked":"Ectoplasm"},{"not_picked":["Empty Cage","Tiny House"],"picked":"SlaversCollar"}],"items_purged_floors":[14,19],"is_endless":false,"potions_floor_spawned":[6,16,18,29,31,33,37,45,47],"killed_by":"Awakened One","ascension_level":11}}