{"host":"lsq35p0sdkx2xifo","time":1614228979,"event":{"mods":["AchievementEnabler","BaseMod","Highlight Path","Minty Spire (QoL Compilation)","StSLib"],"gold_per_floor":[118,136,150,169,94,94,126,51,104,138,138,158,158,174,174,174,174],"floor_reached":16,"language":"ENG","playtime":652,"items_purged":["Strike_G"],"score":207,"play_id":"7145ea80-f56c-40e2-bebf-281b27f376ed","local_time":"20210224205619","is_ascension_mode":true,"campfire_choices":[{"data":"Prepared","floor":6,"key":"SMITH"},{"floor":13,"key":"REST"},{"floor":15,"key":"REST"}],"circlet_count":0,"master_deck":["AscendersBane","Strike_G","Strike_G","Strike_G","Defend_G","Defend_G","Defend_G","Defend_G","Defend_G","Survivor","Neutralize","Poisoned Stab","Prepared+1","Poisoned Stab","Underhanded Strike","Poisoned Stab","Predator","Backflip","Footwork","Underhanded Strike"],"relics":["Ring of the Snake","Ninja Scroll","Smiling Mask","Bag of Marbles"],"acts_visited":["Exordium"],"potions_floor_usage":[16,16],"damage_taken":[{"damage":1,"enemies":"Cultist","floor":1,"turns":4},{"damage":0,"enemies":"Jaw Worm","floor":2,"turns":3},{"damage":2,"enemies":"Small Slimes","floor":3,"turns":3},{"damage":4,"enemies":"2 Fungi Beasts","floor":4,"turns":3},{"damage":24,"enemies":"Gremlin Nob","floor":7,"turns":4},{"damage":24,"enemies":"3 Sentries","floor":10,"turns":10},{"damage":0,"enemies":"3 Louse","floor":12,"turns":2},{"damage":0,"enemies":"Exordium Wildlife","floor":14,"turns":4},{"damage":57,"enemies":"Slime Boss","floor":16,"turns":9}],"seed_played":"2209731651566982910","potions_obtained":[{"floor":10,"key":"LiquidBronze"},{"floor":12,"key":"EssenceOfSteel"},{"floor":14,"key":"Regen Potion"}],"is_trial":false,"path_per_floor":["M","M","M","M","?","R","E","$","T","E","?","M","R","M","R","B"],"character_chosen":"THE_SILENT","items_purchased":[],"campfire_rested":2,"item_purchase_floors":[],"current_hp_per_floor":[58,58,56,52,52,52,28,28,28,4,4,4,23,23,42,0,0],"gold":174,"neow_bonus":"THREE_CARDS","is_daily":false,"chose_seed":false,"campfire_upgraded":1,"win_rate":0.0,"timestamp":1614228979,"path_taken":["M","M","?","M","?","R","E","$","T","E","?","M","R","M","R","BOSS"],"items_purchased_type":[],"build_version":"2020-12-22","purchased_purges":1,"victory":false,"max_hp_per_floor":[66,66,66,66,66,66,66,66,66,66,66,66,66,66,66,66,66],"card_choices":[{"not_picked":["Slice","Quick Slash"],"picked":"Poisoned Stab","floor":0},{"not_picked":["Dagger Spray","Cloak And Dagger"],"picked":"Prepared","floor":1},{"not_picked":["Slice","Terror"],"picked":"Poisoned Stab","floor":2},{"not_picked":["PiercingWail","Dagger Spray"],"picked":"Underhanded Strike","floor":3},{"not_picked":["Backflip","PiercingWail"],"picked":"Poisoned Stab","floor":4},{"not_picked":["Skewer","Glass Knife"],"picked":"Predator","floor":7},{"not_picked":["Accuracy","PiercingWail"],"picked":"Backflip","floor":10},{"not_picked":["Deflect","Acrobatics"],"picked":"Footwork","floor":12},{"not_picked":["Burst","Prepared"],"picked":"Underhanded Strike","floor":14}],"player_experience":1318700,"relics_obtained":[{"floor":7,"key":"Ninja Scroll"},{"floor":9,"key":"Smiling Mask"},{"floor":10,"key":"Bag of Marbles"}],"event_choices":[{"cards_removed":["Strike_G"],"damage_healed":0,"gold_gain":0,"player_choice":"Card Removal","damage_taken":0,"max_hp_gain":0,"max_hp_loss":0,"event_name":"The Cleric","floor":5,"gold_loss":75},{"damage_healed":0,"gold_gain":0,"player_choice":"Ignored","damage_taken":0,"max_hp_gain":0,"max_hp_loss":0,"event_name":"Shining Light","floor":11,"gold_loss":0}],"is_beta":false,"boss_relics":[],"items_purged_floors":[8],"is_endless":false,"potions_floor_spawned":[10,12,14],"killed_by":"Slime Boss","ascension_level":17}}