{"host":"szp1d6dso4pv7ddl","time":1614226348,"event":{"mods":["AchievementEnabler","Alarm Clock","BaseMod","Bestiary","Block Reminder","Colored Map","Colored Powertips","Curses Come First","Dark Map","Displayed Cursed Tome","Highlight Path","Minty Spire (QoL Compilation)","Permanent Neow","Quick Restart","Relic Sorter","Relic Stats","StSLib","Synergy Search"],"gold_per_floor":[114,133,149,129,145,145,176,176,225,225,244,279,292,20,20,20,20],"floor_reached":16,"language":"ENG","playtime":712,"items_purged":[],"score":224,"play_id":"03d8fed7-0f67-4c14-9213-a08b034f89ff","local_time":"20210224201228","is_ascension_mode":true,"campfire_choices":[{"data":"Rupture","floor":6.0,"key":"SMITH"},{"data":"Bash","floor":8.0,"key":"SMITH"},{"data":"Sword Boomerang","floor":10.0,"key":"SMITH"},{"data":"True Grit","floor":15.0,"key":"SMITH"}],"circlet_count":0,"master_deck":["AscendersBane","Strike_R","Strike_R","Strike_R","Strike_R","Strike_R","Defend_R","Defend_R","Defend_R","Defend_R","Bash+1","Rupture+1","Power Through","Sword Boomerang+1","Bloodletting","Headbutt","Uppercut","True Grit+1","Flame Barrier","Combust","Feed","Headbutt"],"relics":["Burning Blood","InkBottle","Pen Nib","Regal Pillow"],"acts_visited":["Exordium"],"potions_floor_usage":[16,16],"damage_taken":[{"damage":11.0,"enemies":"Cultist","floor":1.0,"turns":4.0},{"damage":5.0,"enemies":"Small Slimes","floor":2.0,"turns":5.0},{"damage":4.0,"enemies":"Jaw Worm","floor":3.0,"turns":5.0},{"damage":3.0,"enemies":"2 Fungi Beasts","floor":5.0,"turns":4.0},{"damage":11.0,"enemies":"Gremlin Nob","floor":7.0,"turns":3.0},{"damage":11.0,"enemies":"Red Slaver","floor":11.0,"turns":3.0},{"damage":21.0,"enemies":"Lagavulin","floor":12.0,"turns":4.0},{"damage":23.0,"enemies":"Exordium Thugs","floor":13.0,"turns":3.0},{"damage":53,"enemies":"Slime Boss","floor":16,"turns":6}],"seed_played":"2859477996338975735","potions_obtained":[{"floor":1.0,"key":"DistilledChaos"},{"floor":2.0,"key":"Swift Potion"},{"floor":7.0,"key":"BloodPotion"},{"floor":11.0,"key":"PowerPotion"},{"floor":12.0,"key":"PowerPotion"}],"is_trial":false,"path_per_floor":["M","M","M","?","M","R","E","R","T","R","M","E","M","$","R","B"],"character_chosen":"IRONCLAD","items_purchased":["Combust","Feed","Headbutt"],"campfire_rested":0,"item_purchase_floors":[14,14,14],"current_hp_per_floor":[63,64,66,66,69,69,64,64,64,64,59,44,27,27,27,0,0],"gold":20,"neow_bonus":"THREE_CARDS","is_daily":false,"chose_seed":false,"campfire_upgraded":4,"win_rate":0.0,"timestamp":1614226348,"path_taken":["M","M","?","?","?","R","E","R","T","R","M","E","M","$","R","BOSS"],"items_purchased_type":["Card","Card","Card"],"build_version":"2020-12-22","purchased_purges":0,"victory":false,"max_hp_per_floor":[75,75,75,75,75,75,75,75,75,75,75,75,75,75,75,75,75],"relic_stats":{"Regal Pillow":0,"counters":[9,37],"Pen Nib":[2],"obtain_stats":[{"Regal Pillow":12,"Pen Nib":9,"Burning Blood":0,"InkBottle":7},{"Regal Pillow":7,"Pen Nib":5,"Burning Blood":0,"InkBottle":5},{"Regal Pillow":28,"Pen Nib":21,"Burning Blood":0,"InkBottle":21}],"Burning Blood":48,"InkBottle":[3]},"card_choices":[{"not_picked":["Flex","Seeing Red"],"picked":"Rupture","floor":0.0},{"not_picked":["Reckless Charge","Entrench"],"picked":"Power Through","floor":1.0},{"not_picked":["Headbutt","Iron Wave"],"picked":"Sword Boomerang","floor":2.0},{"not_picked":["Ghostly Armor","Flex"],"picked":"Bloodletting","floor":3.0},{"not_picked":["Sentinel","Perfected Strike"],"picked":"Headbutt","floor":5.0},{"not_picked":["Whirlwind","Headbutt","Anger"],"picked":"SKIP","floor":7.0},{"not_picked":["Dark Embrace","Sever Soul"],"picked":"Uppercut","floor":11.0},{"not_picked":["Dark Embrace","Pummel"],"picked":"True Grit","floor":12.0},{"not_picked":["Sword Boomerang","Pommel Strike"],"picked":"Flame Barrier","floor":13.0}],"player_experience":1657694,"relics_obtained":[{"floor":7.0,"key":"InkBottle"},{"floor":9.0,"key":"Pen Nib"},{"floor":12.0,"key":"Regal Pillow"}],"event_choices":[{"damage_healed":0.0,"max_hp_gain":0.0,"max_hp_loss":0.0,"gold_gain":0.0,"event_name":"The Woman in Blue","player_choice":"Bought 1 Potion","floor":4.0,"gold_loss":0.0,"damage_taken":0.0}],"is_beta":false,"boss_relics":[],"items_purged_floors":[],"is_endless":false,"potions_floor_spawned":[1,2,7,11,12],"killed_by":"Slime Boss","ascension_level":20}}