{"host":"i0avyit1s6jb1siw","time":1614252905,"event":{"mods":["BaseMod","DeckTracker","Dota2Spire","Minty Spire (QoL Compilation)","Quick Restart","StSLib","SuperFastMode"],"gold_per_floor":[112,130,55,66,86,86,101,101,128,128,128,153,173,73,86,97,97,168,168,168,239,239,255,255,274,149,199,68,68,94,94,94,176,233,250,175,236,262,24,24,128,128,147,147,202,219,33,88,114,171,195,195,195,213,272,292,292,292,352,382,382,382,3,62,92],"floor_reached":66,"language":"ENG","playtime":1715,"items_purged":["Strike_G","Strike_G","Pain","Strike_G","Strike_G"],"score":3860,"play_id":"a7d3800f-6bf1-4ebf-8d4f-d5f8f0069629","local_time":"20210225123505","is_ascension_mode":true,"campfire_choices":[{"data":"Terror","floor":6.0,"key":"SMITH"},{"data":"Predator","floor":8.0,"key":"SMITH"},{"floor":11.0,"key":"REST"},{"floor":17.0,"key":"REST"},{"floor":20.0,"key":"REST"},{"data":"Crippling Poison","floor":29.0,"key":"SMITH"},{"data":"Acrobatics","floor":31.0,"key":"SMITH"},{"data":"Footwork","floor":40.0,"key":"SMITH"},{"floor":52.0,"key":"RECALL"},{"data":"Noxious Fumes","floor":57.0,"key":"SMITH"},{"data":"Reflex","floor":58.0,"key":"SMITH"},{"data":"Acrobatics","floor":62.0,"key":"SMITH"}],"circlet_count":0,"master_deck":["AscendersBane","Strike_G","Defend_G","Defend_G","Defend_G","Defend_G","Defend_G","Survivor","Neutralize+1","Dagger Spray","Poisoned Stab","Terror+1","Dagger Spray","Predator+1","Bullet Time","Parasite","Footwork+1","Noxious Fumes+1","Blur","Dodge and Roll+1","Corpse Explosion+1","Venomology","CurseOfTheBell","Crippling Poison+1","Acrobatics+1","Choke+1","Acrobatics+1","Injury","Dodge and Roll+1","PiercingWail","Clumsy","Reflex+1","Crippling Poison+1","Writhe","Backflip","Cloak And Dagger+1","Doubt","Clumsy","Parasite","Leg Sweep"],"relics":["Cursed Key","Tiny Chest","Matryoshka","Darkstone Periapt","Du-Vu Doll","Snecko Eye","Calling Bell","War Paint","Dota2Spire:LinkenSphere","Lizard Tail","Mercury Hourglass","InkBottle","Dota2Spire:HandOfMidas","Ancient Tea Set","Tough Bandages","Ornamental Fan","Orichalcum","SacredBark","FossilizedHelix","Membership Card","Kunai","Whetstone","Dota2Spire:BlackKingBar","Dota2Spire:MagicBottle","Torii","Dota2Spire:Vanguard","Dota2Spire:CrimsonGuard","Dota2Spire:ShivaGuard","Dota2Spire:DivineRapier"],"acts_visited":["Exordium","TheCity","TheBeyond","TheEnding"],"potions_floor_usage":[64,64,65,65,65],"damage_taken":[{"damage":6.0,"enemies":"Cultist","floor":1.0,"turns":5.0},{"damage":0.0,"enemies":"2 Louse","floor":2.0,"turns":3.0},{"damage":2.0,"enemies":"Small Slimes","floor":4.0,"turns":3.0},{"damage":9.0,"enemies":"Exordium Wildlife","floor":5.0,"turns":6.0},{"damage":0.0,"enemies":"3 Louse","floor":7.0,"turns":3.0},{"damage":32.0,"enemies":"Gremlin Nob","floor":9.0,"turns":4.0},{"damage":12.0,"enemies":"Lagavulin","floor":12.0,"turns":7.0},{"damage":0.0,"enemies":"2 Fungi Beasts","floor":13.0,"turns":2.0},{"damage":0.0,"enemies":"Blue Slaver","floor":15.0,"turns":3.0},{"damage":2.0,"enemies":"Large Slime","floor":16.0,"turns":4.0},{"damage":27.0,"enemies":"Slime Boss","floor":18.0,"turns":10.0},{"damage":23.0,"enemies":"Slime Boss","floor":21.0,"turns":5.0},{"damage":7.0,"enemies":"Spheric Guardian","floor":23.0,"turns":4.0},{"damage":5.0,"enemies":"2 Thieves","floor":25.0,"turns":3.0},{"damage":16.0,"enemies":"Book of Stabbing","floor":30.0,"turns":4.0},{"damage":0.0,"enemies":"Gremlin Leader","floor":34.0,"turns":4.0},{"damage":0.0,"enemies":"Centurion and Healer","floor":35.0,"turns":4.0},{"damage":2.0,"enemies":"Book of Stabbing","floor":37.0,"turns":4.0},{"damage":52.0,"enemies":"Collector","floor":41.0,"turns":7.0},{"damage":2.0,"enemies":"3 Shapes","floor":43.0,"turns":3.0},{"damage":9.0,"enemies":"Mind Bloom Boss Battle","floor":45.0,"turns":5.0},{"damage":0.0,"enemies":"3 Darklings","floor":46.0,"turns":3.0},{"damage":5.0,"enemies":"Nemesis","floor":48.0,"turns":5.0},{"damage":2.0,"enemies":"Giant Head","floor":50.0,"turns":6.0},{"damage":0.0,"enemies":"4 Shapes","floor":54.0,"turns":4.0},{"damage":0.0,"enemies":"Nemesis","floor":55.0,"turns":5.0},{"damage":22.0,"enemies":"Jaw Worm Horde","floor":56.0,"turns":3.0},{"damage":15.0,"enemies":"Awakened One","floor":59.0,"turns":13.0},{"damage":11.0,"enemies":"Donu and Deca","floor":60.0,"turns":7.0},{"damage":62,"enemies":"Shield and Spear","floor":64,"turns":8},{"damage":23,"enemies":"The Heart","floor":65,"turns":11}],"seed_played":"-3462719549162322088","potions_obtained":[{"floor":4.0,"key":"Dexterity Potion"},{"floor":7.0,"key":"PowerPotion"},{"floor":13.0,"key":"LiquidBronze"},{"floor":16.0,"key":"ColorlessPotion"},{"floor":18.0,"key":"LiquidBronze"},{"floor":21.0,"key":"AttackPotion"},{"floor":64,"key":"Block Potion"}],"is_trial":false,"path_per_floor":["M","M","$","M","M","R","M","R","E","T","R","E","M","$","M","M","R","B",null,"R","B",null,"M","T","M","$","?","$","R","E","R","T","T","E","M","?","E","T","$","R","B",null,"M","?","?","M","$","E","T","E","T","R","T","M","E","M","R","R","B","B",null,"R","$","E","B",null],"character_chosen":"THE_SILENT","items_purchased":["Acrobatics","Choke","Reflex","Membership Card","Backflip","Dota2Spire:CrimsonGuard","Dota2Spire:ShivaGuard"],"campfire_rested":3,"item_purchase_floors":[28,28,39,47,47,63,63],"current_hp_per_floor":[53,53,53,51,42,42,42,42,10,10,29,17,17,17,17,15,34,7,7,26,3,56,49,55,50,50,50,50,50,34,34,40,46,46,46,46,44,50,50,50,13,75,73,98,89,89,89,84,90,88,94,94,100,100,100,78,78,78,63,52,103,103,103,41,27],"gold":92,"neow_bonus":"BOSS_RELIC","is_daily":false,"chose_seed":false,"campfire_upgraded":8,"win_rate":0.0,"timestamp":1614252905,"path_taken":["M","M","$","M","M","R","M","R","E","T","R","E","?","?","M","?","R","BOSS","R","BOSS","M","?","M","$","?","?","R","E","R","T","T","E","M","?","E","?","$","R","BOSS","M","?","?","M","$","E","?","E","T","R","?","M","E","M","R","R","BOSS","BOSS","R","$","E","BOSS"],"items_purchased_type":["Card","Card","Card","Relic","Card","Relic","Relic"],"build_version":"2020-12-22","purchased_purges":5,"victory":true,"max_hp_per_floor":[66,66,66,66,66,66,66,66,66,66,66,66,66,66,66,66,66,66,66,66,66,72,72,78,78,78,78,78,78,78,78,84,90,90,90,90,90,96,96,96,96,96,96,102,102,102,102,102,108,108,114,114,120,120,120,120,120,120,120,120,120,120,120,120,120],"card_choices":[{"not_picked":["Acrobatics","Catalyst"],"picked":"Dagger Spray","floor":1.0},{"not_picked":["Finisher","Quick Slash"],"picked":"Poisoned Stab","floor":2.0},{"not_picked":["Eviscerate","Bane"],"picked":"Terror","floor":4.0},{"not_picked":["Deadly Poison","Endless Agony"],"picked":"Dagger Spray","floor":5.0},{"not_picked":["Dagger Throw","Skewer"],"picked":"Predator","floor":7.0},{"not_picked":["Acrobatics","Catalyst"],"picked":"Bullet Time","floor":9.0},{"not_picked":["Blade Dance","Dagger Throw"],"picked":"Footwork","floor":12.0},{"not_picked":["Endless Agony","Dagger Spray"],"picked":"Noxious Fumes","floor":13.0},{"not_picked":["PiercingWail","Accuracy"],"picked":"Blur","floor":15.0},{"not_picked":["Concentrate","Blade Dance"],"picked":"Dodge and Roll","floor":16.0},{"not_picked":["Night Terror","Venomology"],"picked":"Corpse Explosion","floor":18.0},{"not_picked":["Envenom","Adrenaline"],"picked":"Venomology","floor":21.0},{"not_picked":["Masterful Stab+1","Deflect","Finisher"],"picked":"SKIP","floor":23.0},{"not_picked":["Quick Slash","Dash"],"picked":"Crippling Poison","floor":25.0},{"not_picked":["Riddle With Holes","Prepared"],"picked":"Acrobatics","floor":30.0},{"not_picked":["Expertise","Sucker Punch"],"picked":"Dodge and Roll+1","floor":34.0},{"not_picked":["Poisoned Stab","Die Die Die"],"picked":"PiercingWail","floor":35.0},{"not_picked":["Sucker Punch","Heel Hook","Flying Knee"],"picked":"SKIP","floor":37.0},{"not_picked":["Heel Hook","Quick Slash+1"],"picked":"Crippling Poison+1","floor":43.0},{"not_picked":["Slice","Flying Knee","Poisoned Stab"],"picked":"SKIP","floor":46.0},{"not_picked":["Bane","Deadly Poison"],"picked":"Cloak And Dagger+1","floor":48.0},{"not_picked":["Reflex","Prepared","Eviscerate"],"picked":"SKIP","floor":50.0},{"not_picked":["Outmaneuver","Dagger Spray","Flying Knee+1"],"picked":"SKIP","floor":54.0},{"not_picked":["Dodge and Roll","Well Laid Plans","Finisher"],"picked":"SKIP","floor":55.0},{"not_picked":["Skewer","Masterful Stab","Dagger Throw"],"picked":"SKIP","floor":56.0},{"not_picked":["Heel Hook","Cloak And Dagger+1"],"picked":"Leg Sweep","floor":64}],"player_experience":2522101,"relics_obtained":[{"floor":9.0,"key":"Tiny Chest"},{"floor":10.0,"key":"Matryoshka"},{"floor":12.0,"key":"Darkstone Periapt"},{"floor":22.0,"key":"War Paint"},{"floor":22.0,"key":"Dota2Spire:LinkenSphere"},{"floor":22.0,"key":"Lizard Tail"},{"floor":24.0,"key":"Mercury Hourglass"},{"floor":24.0,"key":"InkBottle"},{"floor":30.0,"key":"Dota2Spire:HandOfMidas"},{"floor":32.0,"key":"Ancient Tea Set"},{"floor":32.0,"key":"Tough Bandages"},{"floor":33.0,"key":"Ornamental Fan"},{"floor":34.0,"key":"Orichalcum"},{"floor":45.0,"key":"FossilizedHelix"},{"floor":48.0,"key":"Kunai"},{"floor":49.0,"key":"Whetstone"},{"floor":50.0,"key":"Dota2Spire:BlackKingBar"},{"floor":51.0,"key":"Dota2Spire:MagicBottle"},{"floor":53.0,"key":"Torii"},{"floor":55.0,"key":"Dota2Spire:Vanguard"},{"floor":64,"key":"Dota2Spire:DivineRapier"}],"event_choices":[{"damage_healed":0.0,"max_hp_gain":0.0,"max_hp_loss":0.0,"gold_gain":50.0,"event_name":"Nest","player_choice":"Stole From Cult","floor":27.0,"gold_loss":0.0,"damage_taken":0.0},{"cards_removed":["Normality"],"damage_healed":0.0,"max_hp_gain":0.0,"max_hp_loss":0.0,"gold_gain":0.0,"event_name":"Beggar","player_choice":"Gave Gold","floor":36.0,"gold_loss":75.0,"damage_taken":0.0},{"damage_healed":19.0,"max_hp_gain":0.0,"max_hp_loss":0.0,"gold_gain":0.0,"event_name":"Winding Halls","player_choice":"Writhe","floor":44.0,"gold_loss":0.0,"damage_taken":0.0,"cards_obtained":["Writhe"]},{"damage_healed":0.0,"max_hp_gain":0.0,"max_hp_loss":0.0,"gold_gain":0.0,"event_name":"MindBloom","player_choice":"Fight","floor":45.0,"gold_loss":0.0,"damage_taken":0.0}],"is_beta":false,"boss_relics":[{"not_picked":["Pandora\u0027s Box","Tiny House"],"picked":"Snecko Eye"},{"not_picked":["Runic Pyramid","Coffee Dripper"],"picked":"Calling Bell"},{"not_picked":["HoveringKite","Fusion Hammer"],"picked":"SacredBark"}],"items_purged_floors":[3,14,26,39,63],"is_endless":false,"potions_floor_spawned":[4,7,13,16,18,21,37,45,50,56,64],"ascension_level":20}}