{"host":"5h6e4l6hpn0p5lap","time":1614215464,"event":{"mods":["AchievementEnabler","BaseMod","Better Altar","Better Match","Better Sensory Stone","Better Skull","Better Third Choice","Colored Map","Filter the Spire","Minty Spire (QoL Compilation)","StSLib"],"gold_per_floor":[320,320,335,345,201,201,235,235,261,261,135,54,64,64,64,167,167,183,196,196,196,196],"floor_reached":21,"language":"ENG","playtime":599,"items_purged":["Strike_B","Strike_B"],"score":266,"play_id":"a96531dc-a556-4074-99d0-90e8479fe8fd","local_time":"20210224201104","is_ascension_mode":true,"campfire_choices":[{"data":"Streamline","floor":6,"key":"SMITH"},{"floor":8,"key":"REST"},{"data":"Zap","floor":10,"key":"SMITH"},{"data":"Doom and Gloom","floor":15,"key":"SMITH"}],"circlet_count":0,"master_deck":["AscendersBane","Zap+1","Dualcast","Stack","Chaos","Streamline+1","Coolheaded","Conserve Battery","Cold Snap","Cold Snap","Doom and Gloom+1","Rebound","Biased Cognition","Sunder","Ball Lightning+1","Auto Shields","Capacitor","Redo","Rebound"],"relics":["Cracked Core","Old Coin","Orichalcum","Juzu Bracelet","DataDisk","Pandora\u0027s Box"],"acts_visited":["Exordium","TheCity"],"potions_floor_usage":[7,7,16],"damage_taken":[{"damage":5.0,"enemies":"Small Slimes","floor":1.0,"turns":3.0},{"damage":1.0,"enemies":"Cultist","floor":3.0,"turns":4.0},{"damage":2,"enemies":"Jaw Worm","floor":4,"turns":3},{"damage":21,"enemies":"3 Sentries","floor":7,"turns":7},{"damage":2,"enemies":"Exordium Wildlife","floor":13,"turns":5},{"damage":26,"enemies":"Slime Boss","floor":16,"turns":12},{"damage":19,"enemies":"Shell Parasite","floor":18,"turns":4},{"damage":21,"enemies":"2 Thieves","floor":19,"turns":5},{"damage":0,"enemies":"Masked Bandits","floor":21,"turns":1}],"seed_played":"-5168298433318849993","potions_obtained":[{"floor":1.0,"key":"SteroidPotion"},{"floor":4,"key":"Dexterity Potion"},{"floor":13,"key":"Strength Potion"},{"floor":16,"key":"BlessingOfTheForge"}],"is_trial":false,"path_per_floor":["M","?","M","M","$","R","E","R","T","R","$","$","M","T","R","B",null,"M","M","?","?"],"character_chosen":"DEFECT","items_purchased":["Coolheaded","Conserve Battery","Cold Snap","Doom and Gloom"],"campfire_rested":1,"item_purchase_floors":[5,5,11,12],"current_hp_per_floor":[63,63,62,60,60,60,39,61,61,61,61,61,59,59,59,33,65,46,25,25,25,25],"gold":196,"neow_bonus":"ONE_RARE_RELIC","is_daily":false,"chose_seed":false,"campfire_upgraded":3,"win_rate":0.0,"timestamp":1614215464,"path_taken":["M","?","M","?","$","R","E","R","T","R","?","$","M","?","R","BOSS","M","M","?","?"],"items_purchased_type":["Card","Card","Card","Card"],"build_version":"2020-12-22","purchased_purges":2,"victory":false,"max_hp_per_floor":[75,75,75,75,75,75,75,75,75,75,75,75,75,75,75,75,75,75,75,75,75,75],"card_choices":[{"not_picked":["Static Discharge","Steam Power"],"picked":"Stack","floor":1.0},{"not_picked":["Turbo","Recycle"],"picked":"Chaos","floor":3.0},{"not_picked":["Hologram","Turbo"],"picked":"Streamline","floor":4},{"not_picked":["Darkness","Lockon"],"picked":"Cold Snap","floor":7},{"not_picked":["Turbo","Beam Cell"],"picked":"Rebound","floor":13},{"not_picked":["Rainbow","Hyperbeam"],"picked":"Biased Cognition","floor":16},{"not_picked":["Gash","Sunder","Barrage"],"picked":"SKIP","floor":18},{"not_picked":["Sunder","Heatsinks","FTL"],"picked":"SKIP","floor":19}],"player_experience":1174842,"relics_obtained":[{"floor":7,"key":"Orichalcum"},{"floor":9,"key":"Juzu Bracelet"},{"floor":14,"key":"DataDisk"}],"event_choices":[{"damage_healed":0.0,"max_hp_gain":0.0,"max_hp_loss":0.0,"gold_gain":0.0,"event_name":"The Woman in Blue","player_choice":"Bought 0 Potions","floor":2.0,"gold_loss":0.0,"damage_taken":0.0},{"damage_healed":0,"gold_gain":0,"player_choice":"Upgraded","damage_taken":0,"max_hp_gain":0,"max_hp_loss":0,"event_name":"Upgrade Shrine","floor":20,"gold_loss":0,"cards_upgraded":["Ball Lightning"]},{"damage_healed":0,"gold_gain":0,"player_choice":"Fought Bandits","damage_taken":0,"max_hp_gain":0,"max_hp_loss":0,"event_name":"Masked Bandits","floor":21,"gold_loss":0}],"is_beta":false,"boss_relics":[{"not_picked":["Runic Pyramid","Empty Cage"],"picked":"Pandora\u0027s Box"}],"items_purged_floors":[5,11],"is_endless":false,"potions_floor_spawned":[1,4,13,16],"killed_by":"Masked Bandits","ascension_level":10}}