{"host":"xpgmdkzynapqiwc4","time":1614272375,"event":{"mods":["BaseMod","Colored Map","Hubris","Minty Spire (QoL Compilation)","StSLib"],"gold_per_floor":[115,115,135,310,69,104,117,146,146,177,196,196,196,209,209,304,304,304],"floor_reached":17,"language":"ENG","playtime":696,"items_purged":["Doubt"],"score":240,"play_id":"49dd78ff-504b-495f-86ea-cc5d86cb9b10","local_time":"20210225105935","is_ascension_mode":true,"campfire_choices":[{"floor":15,"key":"REST"}],"circlet_count":0,"master_deck":["Strike_R","Strike_R","Strike_R","Defend_R","Defend_R","Defend_R","Defend_R","Bash","Cleave","Feed","Demon Form","Disarm","Spot Weakness","Clash","Body Slam","hubris:DuctTapeCard","Shrug It Off","Corruption"],"relics":["Burning Blood","NeowsBlessing","Ancient Tea Set","MealTicket","Letter Opener","Girya","hubris:DuctTape","Mark of Pain"],"acts_visited":["Exordium","TheCity"],"potions_floor_usage":[10,10,16,16],"damage_taken":[{"damage":0,"enemies":"Cultist","floor":1,"turns":1},{"damage":0,"enemies":"2 Louse","floor":3,"turns":2},{"damage":0,"enemies":"Lagavulin","floor":6,"turns":2},{"damage":7,"enemies":"Jaw Worm","floor":7,"turns":3},{"damage":45,"enemies":"3 Sentries","floor":8,"turns":10},{"damage":21,"enemies":"Lagavulin","floor":10,"turns":7},{"damage":14,"enemies":"3 Louse","floor":11,"turns":2},{"damage":10,"enemies":"Blue Slaver","floor":14,"turns":5},{"damage":36,"enemies":"Slime Boss","floor":16,"turns":9}],"seed_played":"4414375223055844290","potions_obtained":[{"floor":1,"key":"SneckoOil"},{"floor":7,"key":"BloodPotion"},{"floor":8,"key":"DistilledChaos"},{"floor":10,"key":"GamblersBrew"},{"floor":11,"key":"SteroidPotion"}],"is_trial":false,"path_per_floor":["M","?","M","?","$","E","M","E","T","E","M","?","?","M","R","B",null],"character_chosen":"IRONCLAD","items_purchased":["Feed","Havoc"],"campfire_rested":1,"item_purchase_floors":[5,5],"current_hp_per_floor":[80,80,80,80,80,80,79,40,40,41,36,36,24,20,44,17,86,86],"gold":304,"neow_bonus":"THREE_ENEMY_KILL","is_daily":false,"chose_seed":false,"campfire_upgraded":0,"win_rate":0.0,"timestamp":1614272375,"path_taken":["M","?","?","?","$","E","M","E","T","E","M","?","?","?","R","BOSS"],"items_purchased_type":["Card","Card"],"build_version":"2020-12-22","purchased_purges":1,"victory":false,"max_hp_per_floor":[80,80,80,80,80,80,80,80,80,80,83,83,83,83,83,86,86,86],"card_choices":[{"not_picked":["Twin Strike","Havoc"],"picked":"Dark Embrace","floor":1},{"not_picked":["Warcry","Feel No Pain"],"picked":"Cleave","floor":3},{"not_picked":["Headbutt","Evolve","Pommel Strike"],"picked":"SKIP","floor":6},{"not_picked":["Havoc","Armaments"],"picked":"Demon Form","floor":7},{"not_picked":["Warcry","Sever Soul"],"picked":"Disarm","floor":8},{"not_picked":["Warcry","Thunderclap"],"picked":"Spot Weakness","floor":10},{"not_picked":["Shockwave","Anger"],"picked":"Clash","floor":11},{"not_picked":["Heavy Blade","Clothesline"],"picked":"Shrug It Off","floor":14},{"not_picked":["Immolate","Double Tap"],"picked":"Corruption","floor":16}],"player_experience":24339,"relics_obtained":[{"floor":6,"key":"Ancient Tea Set"},{"floor":8,"key":"MealTicket"},{"floor":9,"key":"Letter Opener"},{"floor":10,"key":"Girya"}],"event_choices":[{"cards_removed":["Strike_R"],"damage_healed":0,"gold_gain":0,"player_choice":"Purged","damage_taken":0,"max_hp_gain":0,"max_hp_loss":0,"event_name":"Purifier","floor":2,"gold_loss":0},{"damage_healed":0,"gold_gain":175,"player_choice":"AGREE","damage_taken":0,"max_hp_gain":0,"max_hp_loss":0,"event_name":"Liars Game","floor":4,"gold_loss":0,"cards_obtained":["Doubt"]},{"damage_healed":0,"gold_gain":0,"cards_transformed":["Strike_R"],"player_choice":"Change","damage_taken":0,"max_hp_gain":0,"max_hp_loss":0,"event_name":"Living Wall","floor":12,"gold_loss":0,"cards_obtained":["Body Slam"]},{"damage_healed":0,"gold_gain":0,"player_choice":"Success","damage_taken":12,"relics_obtained":["hubris:DuctTape"],"max_hp_gain":0,"max_hp_loss":0,"event_name":"Scrap Ooze","floor":13,"gold_loss":0}],"is_beta":false,"boss_relics":[{"not_picked":["Runic Pyramid","Astrolabe"],"picked":"Mark of Pain"}],"items_purged_floors":[5],"is_endless":false,"potions_floor_spawned":[1,7,8,10,11],"ascension_level":4}}