{"host":"fnlf8nl5agtxb8g8","time":1614221445,"event":{"mods":["Act Like it!","BaseMod","Better Altar","Better Match","Better Note","Better Sensory Stone","Better Skull","Better Third Choice","Better Vampires","Downfall","Minty Spire (QoL Compilation)","Quick Restart","Rare Cards Sparkle","StSLib"],"gold_per_floor":[99,99,116,127,141,202,202,216,250,269,298,316,316,123,138,235,235,235,250,250,262,294,306,306,306],"floor_reached":23,"language":"ENG","playtime":1470,"items_purged":["sneckomod:Defend"],"score":266,"play_id":"dc895246-8e52-4fe1-a1b9-18dd94b9a0d4","local_time":"20210224205045","is_ascension_mode":true,"campfire_choices":[{"data":"sneckomod:DiceBoulder","floor":13,"key":"SMITH"},{"data":"sneckomod:DiceBoulder+1","floor":18,"key":"SMITH"}],"circlet_count":0,"master_deck":["sneckomod:Strike","sneckomod:Strike","sneckomod:Strike","sneckomod:Defend","sneckomod:Defend","sneckomod:TailWhip","sneckomod:SnekBite","sneckomod:Unknown","Guardian:ChargeCore","sneckomod:DiceBoulder+2","sneckomod:UnendingSupply","sneckomod:Cheat","sneckomod:UnknownClassPURPLE"],"relics":["sneckomod:SneckoSoul","Thread and Needle","Happy Flower","Vajra","Dream Catcher","The Courier","MealTicket","Blood Vial","Strawberry","Black Star","MawBank","Ancient Tea Set","sneckomod:SneckoCommon"],"acts_visited":["Exordium","TheCity"],"potions_floor_usage":[6,9,9,9,9,12,14,22,23,23,23,23,23],"damage_taken":[{"damage":0,"enemies":"Small Slimes","floor":3,"turns":2},{"damage":0,"enemies":"Cultist","floor":4,"turns":2},{"damage":0,"enemies":"2 Louse","floor":5,"turns":2},{"damage":6,"enemies":"Lagavulin Event","floor":6,"turns":5},{"damage":3,"enemies":"Blue Slaver","floor":8,"turns":2},{"damage":1,"enemies":"3 Sentries","floor":9,"turns":5},{"damage":0,"enemies":"Large Slime","floor":10,"turns":3},{"damage":6,"enemies":"Gremlin Nob","floor":11,"turns":3},{"damage":0,"enemies":"Gremlin Gang","floor":12,"turns":4},{"damage":1,"enemies":"downfall:FleeingMerchant","floor":14,"turns":4},{"damage":13,"enemies":"Exordium Thugs","floor":15,"turns":4},{"damage":0,"enemies":"SI_SHIV_ARCHETYPE","floor":16,"turns":4},{"damage":1,"enemies":"Spheric Guardian","floor":19,"turns":3},{"damage":15,"enemies":"3 Byrds","floor":22,"turns":8},{"damage":25,"enemies":"Gremlin Leader","floor":23,"turns":6}],"seed_played":"-7375589703074928325","potions_obtained":[{"floor":3,"key":"PowerPotion"},{"floor":4,"key":"EntropicBrew"},{"floor":5,"key":"Weak Potion"},{"floor":8,"key":"EssenceOfSteel"},{"floor":9,"key":"ColorlessPotion"},{"floor":12,"key":"EntropicBrew"},{"floor":16,"key":"Block Potion"}],"is_trial":false,"path_per_floor":["R","?","M","M","M","?","T","M","E","M","E","M","R","$","M","B",null,"R","M","?","?","M","E"],"character_chosen":"THE_SNECKO","items_purchased":["Strawberry"],"campfire_rested":0,"item_purchase_floors":[14],"current_hp_per_floor":[63,22,22,22,22,16,16,13,12,12,6,8,8,31,20,22,97,97,96,35,35,22,0,0,0],"gold":306,"neow_bonus":"ONE_RARE_RELIC","is_daily":false,"chose_seed":false,"campfire_upgraded":2,"win_rate":0.0,"timestamp":1614221445,"path_taken":["R","?","?","M","M","?","T","M","E","M","E","M","R","$","M","BOSS","R","M","?","?","?","E"],"items_purchased_type":["Relic"],"build_version":"2020-12-22","purchased_purges":1,"victory":false,"max_hp_per_floor":[90,90,90,90,90,90,90,90,90,90,90,90,90,97,97,97,97,97,97,97,97,97,97,97,97],"card_choices":[{"not_picked":["sneckomod:UnknownClassGREEN","sneckomod:SlitherStrike"],"picked":"sneckomod:DiceBoulder","floor":3},{"not_picked":["sneckomod:UnknownStrength","sneckomod:RainOfDice","sneckomod:DiceCrush"],"picked":"SKIP","floor":4},{"not_picked":["sneckomod:UnknownWeak","sneckomod:QuickMove","sneckomod:PureSnecko"],"picked":"SKIP","floor":5},{"not_picked":["sneckomod:UnknownClassGREEN","sneckomod:UnknownCommonAttack","sneckomod:WideSting"],"picked":"SKIP","floor":8},{"not_picked":["sneckomod:UnknownDexterity","sneckomod:RainOfDice","sneckomod:MasterEye"],"picked":"SKIP","floor":9},{"not_picked":["sneckomod:DiceCrush","sneckomod:RainOfDice","sneckomod:Unknown0Cost"],"picked":"SKIP","floor":10},{"not_picked":["sneckomod:QuickMove","sneckomod:Mudshield","sneckomod:UnknownExhaust"],"picked":"SKIP","floor":11},{"not_picked":["sneckomod:UnknownClassSLIMEBOUND","sneckomod:UnknownClassGREEN"],"picked":"sneckomod:UnendingSupply","floor":12},{"not_picked":["sneckomod:SnekBeam","sneckomod:UnknownVulnerable","sneckomod:UnknownColorless"],"picked":"SKIP","floor":14},{"not_picked":["sneckomod:UnknownCommonSkill","sneckomod:SerpentIdol","sneckomod:RainOfDice"],"picked":"SKIP","floor":15},{"not_picked":["sneckomod:Unknown3Cost","sneckomod:Transmogrify"],"picked":"sneckomod:Cheat","floor":16},{"not_picked":["sneckomod:UnknownUncommonAttack","sneckomod:SnekBeam","sneckomod:DiceBlock+1"],"picked":"SKIP","floor":19},{"not_picked":["sneckomod:UnknownClassPURPLE","sneckomod:UnknownDraw","sneckomod:UnknownCommonAttack"],"picked":"SKIP","floor":22}],"player_experience":915164,"relics_obtained":[{"floor":6,"key":"Dream Catcher"},{"floor":7,"key":"The Courier"},{"floor":9,"key":"MealTicket"},{"floor":11,"key":"Blood Vial"}],"event_choices":[{"damage_healed":0,"gold_gain":0,"player_choice":"RE RE ","damage_taken":45,"relics_obtained":["Happy Flower","Vajra"],"max_hp_gain":0,"max_hp_loss":0,"event_name":"betterSkull:BetterSkull","floor":2,"gold_loss":0,"cards_upgraded":[]},{"damage_healed":0,"gold_gain":0,"player_choice":"RE RE RE ","damage_taken":67,"relics_obtained":["MawBank","Ancient Tea Set","sneckomod:SneckoCommon"],"max_hp_gain":0,"max_hp_loss":0,"event_name":"betterSkull:BetterSkull","floor":20,"gold_loss":0,"cards_upgraded":[]},{"cards_removed":["sneckomod:DiceBoulder"],"damage_healed":0,"gold_gain":0,"player_choice":"Give","damage_taken":0,"max_hp_gain":0,"max_hp_loss":0,"event_name":"betterNote:BetterNote","floor":21,"gold_loss":0,"cards_obtained":["Guardian:RefractedBeam"]}],"is_beta":false,"boss_relics":[{"not_picked":["SlaversCollar","Snecko Eye"],"picked":"Black Star"}],"items_purged_floors":[14],"is_endless":false,"potions_floor_spawned":[3,5,8,9,12,16,19],"killed_by":"Gremlin Leader","ascension_level":1}}