{"host":"xhi24lkuliptqrs1","time":1614251542,"event":{"mods":["BaseMod","Friendly Minions","HololiveMod","Marisa£®ÏF”Í°°ƒß¿Ì…≥£©","Minty Spire (QoL Compilation)","Reimu£®≤©¿ˆ¡È√Œ£©","Remilia£®¿Ÿ√◊¿Ú—«£©","Replay The Spire","StSLib","WarShipGirlsR/’ΩΩ¢…Ÿ≈ÆR mod","Yakumo Yukari mod","Youmu£®ªÍ∆«—˝√Œ£©"],"gold_per_floor":[114,131,111,121,140,185,195,221,221],"floor_reached":8,"language":"ZHS","playtime":734,"items_purged":[],"score":60,"play_id":"93d5c5ec-dc92-4690-a233-f863de1806de","local_time":"20210225191222","is_ascension_mode":false,"campfire_choices":[],"circlet_count":0,"master_deck":["Strike_Lin:ReiMu","Strike_Lin:ReiMu","Strike_Lin:ReiMu","Strike_Lin:ReiMu","Defend_Lin:ReiMu","Defend_Lin:ReiMu","Defend_Lin:ReiMu","Defend_Lin:ReiMu","NB:ReiMu","Stagnation:ReiMu","TightArray:ReiMu","SubAcupoint:ReiMu","KamiSacrifice:ReiMu","SpreadBorder2:ReiMu","NineCharacters:ReiMu","AirStrike:ReiMu+1","DoubleButterfly:ReiMu+1"],"relics":["FlyPower:ReiMu","NeowsBlessing","Molten Egg 2","PureWhite:ReiMu"],"acts_visited":["Exordium"],"potions_floor_usage":[4],"damage_taken":[{"damage":0,"enemies":"Jaw Worm","floor":1,"turns":1},{"damage":0,"enemies":"Cultist","floor":2,"turns":1},{"damage":0,"enemies":"2 Louse","floor":4,"turns":1},{"damage":11,"enemies":"Looter","floor":5,"turns":4},{"damage":7,"enemies":"Blue Slaver","floor":7,"turns":5},{"damage":10,"enemies":"Replay:BlueRogue","floor":8,"turns":7}],"seed_played":"-6442135175108715193","potions_obtained":[{"floor":3,"key":"DuplicationPotion"},{"floor":4,"key":"Fruit Juice"},{"floor":5,"key":"Dexterity Potion"},{"floor":8,"key":"Adrenaline Potion"}],"is_trial":false,"path_per_floor":["M","M","?","M","M","?","M","E"],"character_chosen":"REIMU","items_purchased":[],"campfire_rested":0,"item_purchase_floors":[],"current_hp_per_floor":[65,65,65,70,59,59,52,42,42],"gold":221,"neow_bonus":"THREE_ENEMY_KILL","is_daily":false,"chose_seed":false,"campfire_upgraded":0,"win_rate":0.0,"timestamp":1614251542,"path_taken":["M","M","?","M","?","?","M","E"],"items_purchased_type":[],"build_version":"2020-12-22","purchased_purges":0,"victory":false,"max_hp_per_floor":[65,65,65,70,70,70,70,70,70],"card_choices":[{"not_picked":["AlertArray:ReiMu","Amulet:ReiMu"],"picked":"TightArray:ReiMu","floor":1},{"not_picked":["RainPray2:ReiMu","DoubleButterfly:ReiMu"],"picked":"SubAcupoint:ReiMu","floor":2},{"not_picked":["FantasyMoon:ReiMu","PhosphorusFlame:ReiMu"],"picked":"KamiSacrifice:ReiMu","floor":4},{"not_picked":["Meditation:ReiMu","SubAcupoint:ReiMu"],"picked":"SpreadBorder2:ReiMu","floor":5},{"not_picked":["SafetyPray:ReiMu","LearningPray:ReiMu"],"picked":"NineCharacters:ReiMu","floor":6},{"not_picked":["AlertArray:ReiMu","SubAcupoint:ReiMu+1"],"picked":"AirStrike:ReiMu+1","floor":6},{"not_picked":["CareerPray:ReiMu","RainPray2:ReiMu"],"picked":"DoubleButterfly:ReiMu+1","floor":7}],"player_experience":101778,"relics_obtained":[{"floor":6,"key":"Molten Egg 2"},{"floor":8,"key":"PureWhite:ReiMu"}],"event_choices":[{"damage_healed":0,"gold_gain":0,"player_choice":"Bought 1 Potion","damage_taken":0,"max_hp_gain":0,"max_hp_loss":0,"event_name":"The Woman in Blue","floor":3,"gold_loss":0}],"is_beta":false,"boss_relics":[],"items_purged_floors":[],"is_endless":false,"potions_floor_spawned":[4,5,8],"killed_by":"Replay:BlueRogue","ascension_level":0}}