{"host":"bvp2uifzy1c463d9","time":1614221965,"event":{"mods":["AchievementEnabler","BaseMod","Better Note","Block Reminder","Bossed Relics","Colored Map","Colored Powertips","Highlight Path","Hubris","Infinite Spire","Minty Spire (QoL Compilation)","Relic Sorter","Relic Stats","Reliquary","Replay The Spire","StSLib","The Blue Laboratory","Wandering Minibosses"],"gold_per_floor":[116,46,64,74,48,48,79,90,163,195,207,207,241,341,341,446,446,456,27,132,132,146,179,179,207,230,260,272,306,306,306,306,410,410,420,434,434,454,507,507,507,583,583],"floor_reached":42,"language":"ENG","playtime":2358,"items_purged":["Strike_G"],"score":920,"play_id":"d58cc2ab-e914-4162-a2d7-f5d921efc949","local_time":"20210224205925","is_ascension_mode":true,"campfire_choices":[{"data":"Blade Dance","floor":6.0,"key":"SMITH"},{"floor":12.0,"key":"REST"},{"data":"Venomology","floor":15,"key":"SMITH"},{"data":"Calculated Gamble","floor":15,"key":"SMITH"},{"data":"infinitespire:Collect","floor":30,"key":"SMITH"},{"data":"ReplayTheSpireMod:Speed Training","floor":30,"key":"SMITH"},{"data":"Backflip","floor":32,"key":"SMITH"},{"data":"Cloak And Dagger","floor":32,"key":"SMITH"},{"data":"Caltrops","floor":40,"key":"SMITH"}],"circlet_count":0,"master_deck":["Strike_G+1","Strike_G+1","Strike_G+1","Strike_G+1","Defend_G+1","Defend_G+1","Defend_G+1","Defend_G+1","Defend_G+1","Survivor+1","Neutralize+1","Dagger Spray+1","Infinite Blades+1","Blade Dance+1","Riddle With Holes+1","Cloak And Dagger+1","Venomology+1","hubris:Sniper+1","Backflip+1","Footwork+1","Calculated Gamble+1","Replay:Bag of Tricks+1","ReplayTheSpireMod:Shiv Toss+1","ReplayTheSpireMod:Scrap Shanks+1","Dagger Throw+1","Survey Options+1","ReplayTheSpireMod:Splinters","Underhanded Strike+1","Reflex+1","infinitespire:Collect+1","Concentrate+1","Predator+1","ReplayTheSpireMod:Speed Training+1","Choke+1","Adrenaline+1","hubris:SlightOfHand+1","Outmaneuver+1","Caltrops+1","Finesse"],"relics":["hubris:64BitClover","hubris:Spice","Black Star","HornCleat","Dream Catcher","Golden Egg","Replay:Arrowhead","infinitespire:Bottled Soul","hubris:64BitClover","infinitespire:Lucky Rock","Blue Doll","Pantograph","Tough Bandages","Centennial Puzzle","Bag of Marbles","infinitespire:Beetle Shell","hubris:BottledHeart","Mark of the Bloom","reliquary:Knoch"],"acts_visited":["Exordium","TheCity","TheBeyond"],"potions_floor_usage":[16,16,18,18,22,22,23,24,24,25,28,33,35,38,38,38,39,42],"damage_taken":[{"damage":0.0,"enemies":"Cultist","floor":1.0,"turns":3.0},{"damage":0.0,"enemies":"Jaw Worm","floor":3.0,"turns":4.0},{"damage":0.0,"enemies":"Small Slimes","floor":4.0,"turns":3.0},{"damage":46.0,"enemies":"Lagavulin","floor":7.0,"turns":8.0},{"damage":4.0,"enemies":"Exordium Thugs","floor":8.0,"turns":5.0},{"damage":22.0,"enemies":"Gremlin Nob","floor":10.0,"turns":5.0},{"damage":7.0,"enemies":"Exordium Wildlife","floor":11.0,"turns":4.0},{"damage":6.0,"enemies":"Lagavulin","floor":13.0,"turns":8.0},{"damage":0,"enemies":"Slime Boss","floor":16,"turns":7},{"damage":0,"enemies":"Shell Parasite","floor":18,"turns":5},{"damage":2,"enemies":"Chosen","floor":22,"turns":3},{"damage":0,"enemies":"Book of Stabbing","floor":23,"turns":4},{"damage":0,"enemies":"Snake Plant","floor":24,"turns":1},{"damage":4,"enemies":"Slavers","floor":25,"turns":5},{"damage":0,"enemies":"Replay:Snechameleon","floor":27,"turns":2},{"damage":0,"enemies":"Centurion and Healer","floor":28,"turns":3},{"damage":0,"enemies":"Book of Stabbing","floor":29,"turns":1},{"damage":0,"enemies":"Collector","floor":33,"turns":5},{"damage":0,"enemies":"3 Darklings","floor":35,"turns":2},{"damage":0,"enemies":"Orb Walker","floor":36,"turns":1},{"damage":0,"enemies":"4 Shapes","floor":38,"turns":3},{"damage":0,"enemies":"2 Orb Walkers","floor":39,"turns":2},{"damage":6,"enemies":"Transient","floor":42,"turns":5}],"seed_played":"-2069958579740385045","potions_obtained":[{"floor":1.0,"key":"blueLaboratory:PolymorphPotion"},{"floor":4.0,"key":"blueLaboratory:PhilterOfMotion"},{"floor":7.0,"key":"Toxic Potion"},{"floor":8.0,"key":"Fruit Juice"},{"floor":11.0,"key":"blueLaboratory:ImpenetrablePotion"},{"floor":18,"key":"Dexterity Potion"},{"floor":22,"key":"blueLaboratory:BubblePotion"},{"floor":25,"key":"ColorlessPotion"},{"floor":29,"key":"blueLaboratory:FrostheartPotion"},{"floor":35,"key":"Dexterity Potion"},{"floor":38,"key":"blueLaboratory:FrostheartPotion"}],"is_trial":false,"path_per_floor":["M","$","M","M","$","R","E","M","T","E","M","R","E","?","R","B",null,"M","$","?","AVR","M","E","M","E","T","E","M","E","R","?","R","B",null,"M","M","?","M","?","R","?","M"],"character_chosen":"THE_SILENT","items_purchased":["Infinite Blades","Cloak And Dagger","ReplayTheSpireMod:Scrap Shanks","Dagger Throw+1","Blue Doll","Survey Options"],"campfire_rested":1,"item_purchase_floors":[2,5,19,19,19,19],"current_hp_per_floor":[78,78,78,78,78,78,32,28,28,11,4,31,33,33,33,33,76,76,76,76,76,74,66,66,58,58,42,42,26,26,1,1,1,1,1,1,1,1,1,1,1,0,0],"gold":583,"neow_bonus":"TEN_PERCENT_HP_BONUS","is_daily":false,"chose_seed":false,"campfire_upgraded":8,"win_rate":0.0,"timestamp":1614221965,"path_taken":["M","$","M","?","$","R","E","M","T","E","M","R","E","?","R_BF","BOSS","M","?","?","AVR","M","E","M","E","T","E","?","E","R","?","R","BOSS","M","M","?","M","?","R","?","?"],"items_purchased_type":["Card","Card","Card","Card","Relic","Card"],"build_version":"2020-12-22","purchased_purges":1,"victory":false,"max_hp_per_floor":[85,85,85,85,85,85,85,85,85,90,90,90,98,98,98,98,90,90,90,82,82,74,66,66,58,58,42,42,26,26,1,1,1,1,1,1,1,1,1,1,1,1,1],"relic_stats":{"Dream Catcher":1,"Tough Bandages":[267],"Centennial Puzzle":[0],"Mark of the Bloom":0,"counters":[23,89],"Pantograph":0,"Black Star":7,"obtain_stats":[{"Golden Egg":9,"Mark of the Bloom":37,"hubris:64BitClover":0,"Blue Doll":19,"infinitespire:Beetle Shell":29,"infinitespire:Lucky Rock":18,"Replay:Arrowhead":10,"Dream Catcher":7,"Tough Bandages":23,"Centennial Puzzle":25,"HornCleat":7,"hubris:Spice":0,"infinitespire:Bottled Soul":10,"hubris:BottledHeart":31,"Pantograph":21,"Black Star":0,"Bag of Marbles":26,"reliquary:Knoch":38,"Ring of the Snake":0},{"Golden Egg":5,"Mark of the Bloom":20,"hubris:64BitClover":0,"Blue Doll":10,"infinitespire:Beetle Shell":17,"infinitespire:Lucky Rock":10,"Replay:Arrowhead":6,"Dream Catcher":4,"Tough Bandages":12,"Centennial Puzzle":14,"HornCleat":4,"hubris:Spice":0,"infinitespire:Bottled Soul":6,"hubris:BottledHeart":17,"Pantograph":10,"Black Star":0,"Bag of Marbles":14,"reliquary:Knoch":21,"Ring of the Snake":0},{"Golden Egg":23,"Mark of the Bloom":79,"hubris:64BitClover":0,"Blue Doll":52,"infinitespire:Beetle Shell":71,"infinitespire:Lucky Rock":52,"Replay:Arrowhead":28,"Dream Catcher":18,"Tough Bandages":59,"Centennial Puzzle":65,"HornCleat":18,"hubris:Spice":0,"infinitespire:Bottled Soul":28,"hubris:BottledHeart":71,"Pantograph":52,"Black Star":0,"Bag of Marbles":65,"reliquary:Knoch":82,"Ring of the Snake":0}]},"card_choices":[{"not_picked":["Prepared","Outmaneuver"],"picked":"Dagger Spray","floor":1.0},{"not_picked":["Bane","Acrobatics"],"picked":"Blade Dance","floor":3.0},{"not_picked":["Terror","Calculated Gamble"],"picked":"Riddle With Holes","floor":4.0},{"not_picked":["Eviscerate","Distraction","Deflect"],"picked":"SKIP","floor":7.0},{"not_picked":["All Out Attack","Setup"],"picked":"Venomology","floor":8.0},{"not_picked":["Concentrate","Prepared"],"picked":"hubris:Sniper","floor":10.0},{"not_picked":["hubris:Sniper","Quick Slash"],"picked":"Backflip","floor":11.0},{"not_picked":["All Out Attack","Replay:Poison Smokescreen"],"picked":"Footwork","floor":12.0},{"not_picked":["Deadly Poison","Poisoned Stab"],"picked":"Calculated Gamble","floor":13.0},{"not_picked":["Wraith Form v2","Atom Bomb"],"picked":"Replay:Bag of Tricks","floor":16},{"not_picked":["PiercingWail+1","Escape Plan"],"picked":"ReplayTheSpireMod:Shiv Toss","floor":18},{"not_picked":["Cloak And Dagger","PiercingWail"],"picked":"Underhanded Strike","floor":20},{"not_picked":["Bane","hubris:SpiceAddiction"],"picked":"Reflex+1","floor":20},{"not_picked":["Distraction","PiercingWail"],"picked":"hubris:SpiceAddiction","floor":22},{"not_picked":["Bullet Time","Dagger Spray+1"],"picked":"Concentrate+1","floor":23},{"not_picked":["Quick Slash+1","Replay:Poison Smokescreen"],"picked":"Predator+1","floor":25},{"not_picked":["Cloak And Dagger+1","hubris:TrickCloak"],"picked":"ReplayTheSpireMod:Speed Training","floor":27},{"not_picked":["hubris:SpiceAddiction","Cloak And Dagger+1"],"picked":"Choke","floor":28},{"not_picked":["PiercingWail","ReplayTheSpireMod:Shiv Toss"],"picked":"hubris:SpiceAddiction","floor":29},{"not_picked":["hubris:SpiceAddiction","Wraith Form v2"],"picked":"Adrenaline","floor":33},{"not_picked":["hubris:SpiceAddiction","ReplayTheSpireMod:Exploit Weakness+1"],"picked":"hubris:SlightOfHand+1","floor":35},{"not_picked":["Bane","Footwork+1"],"picked":"Outmaneuver+1","floor":36},{"not_picked":["hubris:Counter+1","Quick Slash+1","Flying Knee"],"picked":"SKIP","floor":38},{"not_picked":["Infinite Blades+1","Bane+1"],"picked":"Caltrops","floor":39}],"player_experience":284559,"relics_obtained":[{"floor":7.0,"key":"HornCleat"},{"floor":7.0,"key":"Dream Catcher"},{"floor":9.0,"key":"Golden Egg"},{"floor":10.0,"key":"Replay:Arrowhead"},{"floor":10.0,"key":"infinitespire:Bottled Soul"},{"floor":13.0,"key":"hubris:Spice"},{"floor":13.0,"key":"hubris:64BitClover"},{"floor":18,"key":"infinitespire:Lucky Rock"},{"floor":20,"key":"hubris:Spice"},{"floor":23,"key":"hubris:Spice"},{"floor":23,"key":"Tough Bandages"},{"floor":25,"key":"hubris:Spice"},{"floor":25,"key":"Centennial Puzzle"},{"floor":26,"key":"Bag of Marbles"},{"floor":27,"key":"hubris:Spice"},{"floor":27,"key":"hubris:Spice"},{"floor":29,"key":"infinitespire:Beetle Shell"},{"floor":29,"key":"hubris:Spice"},{"floor":38,"key":"reliquary:Knoch"},{"floor":39,"key":"hubris:Spice"}],"event_choices":[{"damage_healed":0.0,"max_hp_gain":0.0,"max_hp_loss":0.0,"gold_gain":100.0,"event_name":"Golden Shrine","player_choice":"Pray","floor":14.0,"gold_loss":0.0,"damage_taken":0.0},{"damage_healed":0,"gold_gain":0,"player_choice":"Upgrade","damage_taken":0,"relics_obtained":["Mark of the Bloom"],"max_hp_gain":0,"max_hp_loss":0,"event_name":"MindBloom","floor":37,"gold_loss":0,"cards_upgraded":["Strike_G","Strike_G","Strike_G","Strike_G","Defend_G","Defend_G","Defend_G","Defend_G","Defend_G","Survivor","Neutralize","Dagger Spray","Infinite Blades","Riddle With Holes","hubris:Sniper","Footwork","ReplayTheSpireMod:Shiv Toss","Underhanded Strike","Choke"]},{"damage_healed":0,"gold_gain":0,"player_choice":"Fight","damage_taken":0,"max_hp_gain":0,"max_hp_loss":0,"event_name":"Mysterious Sphere","floor":39,"gold_loss":0},{"damage_healed":0,"gold_gain":0,"player_choice":"1 cards matched","damage_taken":0,"max_hp_gain":0,"max_hp_loss":0,"event_name":"Match and Keep!","floor":41,"gold_loss":0,"cards_obtained":["Finesse"]}],"is_beta":false,"boss_relics":[{"not_picked":["reliquary:ThirdArm","Honey Jar"],"picked":"hubris:Spice"},{"not_picked":["hubris:Spice","HoveringKite"],"picked":"hubris:Spice"}],"items_purged_floors":[19],"is_endless":false,"potions_floor_spawned":[1,4,7,8,11,18,22,25,29,35,38],"killed_by":"Transient","ascension_level":6}}