{"host":"p9xedk00duaz8l9n","time":1614267896,"event":{"mods":["BaseMod","Colored Map","DeckTracker","Highlight Path","Minty Spire (QoL Compilation)","Relic Stats","SuperFastMode"],"gold_per_floor":[110,125,125,41,60,85,85,116,166,180,2,2,28,28,28,105,105,118,138,138,156,170,170,202,252,252,252,4,24,2,17,17,94,94,106,106,119,119,132,158,158,187,187,187,187],"floor_reached":44,"language":"JPN","playtime":1843,"items_purged":["Strike_R","Strike_R"],"score":1092,"play_id":"0e9a60a4-9bc7-4126-b99c-9b5bac31914e","local_time":"20210226004456","is_ascension_mode":true,"campfire_choices":[{"data":"Inflame","floor":7,"key":"SMITH"},{"data":"Sword Boomerang","floor":12,"key":"SMITH"},{"data":"Shrug It Off","floor":15,"key":"SMITH"},{"floor":23,"key":"REST"},{"floor":32,"key":"REST"},{"floor":41,"key":"REST"}],"circlet_count":0,"master_deck":["AscendersBane","Strike_R","Defend_R","Defend_R","Defend_R","Defend_R","Bash+1","Sword Boomerang+1","Cleave+1","Inflame+1","Offering","Shockwave+1","Twin Strike+1","Clothesline+1","Shrug It Off+1","Anger+1","Immolate+1","Iron Wave+1","Sword Boomerang+1","Flex","Entrench","Power Through","Fire Breathing","Reaper+1","Dark Embrace+1","Ghostly Armor","Exhume"],"relics":["Burning Blood","Molten Egg 2","Pen Nib","Nunchaku","Odd Mushroom","Fusion Hammer","Centennial Puzzle","The Courier","Membership Card","Velvet Choker","Kunai","Anchor"],"acts_visited":["Exordium","TheCity","TheBeyond"],"potions_floor_usage":[6,13,13,19,21,24,29,33,39,40,42],"damage_taken":[{"damage":0,"enemies":"2 Louse","floor":1,"turns":3},{"damage":1,"enemies":"Cultist","floor":2,"turns":3},{"damage":0,"enemies":"Small Slimes","floor":5,"turns":2},{"damage":20,"enemies":"Gremlin Nob","floor":6,"turns":4},{"damage":36,"enemies":"3 Sentries","floor":8,"turns":3},{"damage":10,"enemies":"Looter","floor":10,"turns":3},{"damage":16,"enemies":"The Mushroom Lair","floor":13,"turns":4},{"damage":6,"enemies":"Slime Boss","floor":16,"turns":4},{"damage":0,"enemies":"Chosen","floor":18,"turns":3},{"damage":25,"enemies":"3 Byrds","floor":19,"turns":3},{"damage":39,"enemies":"Shelled Parasite and Fungi","floor":21,"turns":4},{"damage":19,"enemies":"Snake Plant","floor":22,"turns":2},{"damage":13,"enemies":"Book of Stabbing","floor":24,"turns":3},{"damage":22,"enemies":"3 Cultists","floor":29,"turns":3},{"damage":12,"enemies":"Sentry and Sphere","floor":31,"turns":3},{"damage":30,"enemies":"Collector","floor":33,"turns":5},{"damage":0,"enemies":"Orb Walker","floor":35,"turns":3},{"damage":1,"enemies":"3 Darklings","floor":37,"turns":3},{"damage":44,"enemies":"4 Shapes","floor":39,"turns":9},{"damage":66,"enemies":"Giant Head","floor":40,"turns":8},{"damage":78,"enemies":"Nemesis","floor":42,"turns":7},{"damage":25,"enemies":"Spire Growth","floor":44,"turns":4}],"seed_played":"-6764097610191018542","potions_obtained":[{"floor":1,"key":"BloodPotion"},{"floor":5,"key":"HeartOfIron"},{"floor":13,"key":"EssenceOfSteel"},{"floor":19,"key":"AttackPotion"},{"floor":21,"key":"Swift Potion"},{"floor":22,"key":"FearPotion"},{"floor":35,"key":"LiquidMemories"},{"floor":40,"key":"ColorlessPotion"}],"is_trial":false,"path_per_floor":["M","M","?","$","M","E","R","E","T","M","$","R","?","?","R","B",null,"M","M","?","M","M","R","E","?","T","?","$","M","$","M","R","B",null,"M","?","M","?","M","E","R","E","T","M"],"character_chosen":"IRONCLAD","items_purchased":["Inflame","Shrug It Off","Dexterity Potion","Membership Card","Power Through","Regen Potion","Fire Potion"],"campfire_rested":3,"item_purchase_floors":[4,11,11,28,28,28,30],"current_hp_per_floor":[74,75,75,75,75,61,61,31,31,27,27,27,32,37,37,37,69,75,56,56,23,10,34,27,27,27,27,27,20,20,14,38,14,64,70,70,80,80,66,21,45,18,18,0,0],"gold":187,"neow_bonus":"UPGRADE_CARD","is_daily":false,"chose_seed":false,"campfire_upgraded":3,"win_rate":0.0,"timestamp":1614267896,"path_taken":["M","M","?","$","?","E","R","E","T","M","$","R","?","?","R","BOSS","M","M","?","?","M","R","E","?","T","?","?","?","$","?","R","BOSS","M","?","?","?","M","E","R","E","T","M"],"items_purchased_type":["Card","Card","Potion","Relic","Card","Potion","Potion"],"build_version":"2020-12-22","purchased_purges":2,"victory":false,"max_hp_per_floor":[75,75,75,75,75,75,75,75,75,75,75,75,75,80,80,80,80,80,80,80,80,80,80,80,80,80,80,80,80,80,80,80,80,80,80,80,80,80,80,80,80,80,80,80,80],"relic_stats":{"Nunchaku":[14],"Centennial Puzzle":[24],"counters":[22,86],"Pen Nib":[14],"Kunai":[3],"obtain_stats":[{"Nunchaku":9,"Centennial Puzzle":24,"Anchor":42,"Velvet Choker":34,"Molten Egg 2":6,"Pen Nib":8,"Fusion Hammer":17,"The Courier":26,"Membership Card":28,"Kunai":40,"Odd Mushroom":13,"Burning Blood":0},{"Nunchaku":5,"Centennial Puzzle":13,"Anchor":21,"Velvet Choker":16,"Molten Egg 2":4,"Pen Nib":5,"Fusion Hammer":8,"The Courier":13,"Membership Card":13,"Kunai":20,"Odd Mushroom":7,"Burning Blood":0},{"Nunchaku":15,"Centennial Puzzle":41,"Anchor":82,"Velvet Choker":52,"Molten Egg 2":12,"Pen Nib":15,"Fusion Hammer":26,"The Courier":41,"Membership Card":41,"Kunai":75,"Odd Mushroom":22,"Burning Blood":0}],"Burning Blood":110},"card_choices":[{"not_picked":["Evolve","Heavy Blade"],"picked":"Sword Boomerang","floor":1},{"not_picked":["Power Through","Metallicize"],"picked":"Cleave","floor":2},{"not_picked":["Cleave","Shockwave"],"picked":"Offering","floor":5},{"not_picked":["Armaments","Intimidate"],"picked":"Shockwave","floor":6},{"not_picked":["Dual Wield","Warcry"],"picked":"Twin Strike+1","floor":8},{"not_picked":["Bloodletting","Carnage+1"],"picked":"Clothesline+1","floor":10},{"not_picked":["Pommel Strike+1","Clash+1"],"picked":"Anger+1","floor":13},{"not_picked":["Bludgeon+1","Limit Break"],"picked":"Immolate+1","floor":16},{"not_picked":["Rampage+1","Fire Breathing","Wild Strike+1"],"picked":"SKIP","floor":18},{"not_picked":["Cleave+1","Shockwave","Sever Soul+1"],"picked":"SKIP","floor":19},{"not_picked":["Clash+1","Havoc","Perfected Strike+1"],"picked":"SKIP","floor":21},{"not_picked":["Cleave+1","Infernal Blade"],"picked":"Iron Wave+1","floor":22},{"not_picked":["Clash+1","Heavy Blade+1"],"picked":"Sword Boomerang+1","floor":24},{"not_picked":["Perfected Strike+1","Sever Soul+1"],"picked":"Fire Breathing","floor":29},{"not_picked":["Reckless Charge+1","Cleave+1","Clash+1"],"picked":"SKIP","floor":31},{"not_picked":["Limit Break","Berserk"],"picked":"Reaper+1","floor":33},{"not_picked":["Warcry","Heavy Blade+1"],"picked":"Dark Embrace+1","floor":35},{"not_picked":["Flex","Clash+1","Rampage+1"],"picked":"SKIP","floor":37},{"not_picked":["Havoc","Anger+1"],"picked":"Ghostly Armor","floor":39},{"not_picked":["Fire Breathing+1","Warcry+1"],"picked":"Exhume","floor":40},{"not_picked":["Twin Strike+1","Wild Strike+1","Cleave+1"],"picked":"SKIP","floor":42}],"player_experience":864579,"relics_obtained":[{"floor":6,"key":"Molten Egg 2"},{"floor":8,"key":"Pen Nib"},{"floor":9,"key":"Nunchaku"},{"floor":13,"key":"Odd Mushroom"},{"floor":24,"key":"Centennial Puzzle"},{"floor":26,"key":"The Courier"},{"floor":40,"key":"Kunai"},{"floor":42,"key":"Anchor"}],"event_choices":[{"damage_healed":0,"gold_gain":0,"player_choice":"Upgraded","damage_taken":0,"max_hp_gain":0,"max_hp_loss":0,"event_name":"Upgrade Shrine","floor":3,"gold_loss":0,"cards_upgraded":["Cleave"]},{"damage_healed":0,"gold_gain":0,"player_choice":"Fought Mushrooms","damage_taken":0,"max_hp_gain":0,"max_hp_loss":0,"event_name":"Mushrooms","floor":13,"gold_loss":0},{"damage_healed":0,"gold_gain":0,"player_choice":"Donut","damage_taken":0,"max_hp_gain":5,"max_hp_loss":0,"event_name":"Big Fish","floor":14,"gold_loss":0},{"damage_healed":0,"gold_gain":0,"player_choice":"Upgraded","damage_taken":0,"max_hp_gain":0,"max_hp_loss":0,"event_name":"Upgrade Shrine","floor":20,"gold_loss":0,"cards_upgraded":["Shockwave"]},{"damage_healed":0,"gold_gain":50,"player_choice":"Stole From Cult","damage_taken":0,"max_hp_gain":0,"max_hp_loss":0,"event_name":"Nest","floor":25,"gold_loss":0},{"damage_healed":0,"gold_gain":0,"cards_transformed":["Strike_R","Strike_R"],"player_choice":"Became Test Subject","damage_taken":0,"max_hp_gain":0,"max_hp_loss":0,"event_name":"Drug Dealer","floor":27,"gold_loss":0,"cards_obtained":["Flex","Entrench"]},{"damage_healed":0,"gold_gain":0,"player_choice":"0 cards matched","damage_taken":0,"max_hp_gain":0,"max_hp_loss":0,"event_name":"Match and Keep!","floor":36,"gold_loss":0,"cards_obtained":[]},{"damage_healed":0,"gold_gain":0,"player_choice":"Ignored","damage_taken":0,"max_hp_gain":0,"max_hp_loss":0,"event_name":"Tomb of Lord Red Mask","floor":38,"gold_loss":0}],"is_beta":false,"boss_relics":[{"not_picked":["Ectoplasm","Empty Cage"],"picked":"Fusion Hammer"},{"not_picked":["Busted Crown","Sozu"],"picked":"Velvet Choker"}],"items_purged_floors":[11,28],"is_endless":false,"potions_floor_spawned":[1,5,13,19,21,22,35,40],"killed_by":"Spire Growth","ascension_level":20}}