{"host":"y4fuci1jk2rsxnep","time":1614287902,"event":{"mods":["AchievementEnabler","BaseMod","Colored Powertips","Custom Start","Defuse TimeMaze Blight","Dio Mod","Downfall","Hermit","Hero for Fun","Hubris","Hunter ??","Infinite Spire","Minty Spire (QoL Compilation)","Quick Restart","Reliquary","Remove Card Discount Mod","Replay The Spire","StSLib","The Blackbeard","The Bug Knight","The Mystic","The Runesmith"],"gold_per_floor":[119,119,41,57,57,92,92,92,116,116,132,132,407,37,37,168,168,193,218,166,166,240,240,240,240,287,308,308,308,308],"floor_reached":29,"language":"ENG","playtime":1339,"items_purged":["hermit:Defend_Hermit","hermit:Strike_Hermit"],"score":339,"play_id":"1b04ebb2-9240-4993-8ebf-a8d641d428b1","local_time":"20210225221822","is_ascension_mode":true,"campfire_choices":[{"data":"hermit:WideOpen","floor":10,"key":"SMITH"},{"data":"hermit:Gestalt","floor":12,"key":"SMITH"},{"floor":15,"key":"REST"},{"data":"hermit:Determination","floor":15,"key":"SMITH"},{"floor":23,"key":"REST"},{"data":"hermit:FromBeyond","floor":23,"key":"SMITH"}],"circlet_count":0,"master_deck":["hermit:Defend_Hermit","hermit:Defend_Hermit","hermit:Defend_Hermit","hermit:Snapshot","hermit:Covet","Injury","hermit:Gestalt+1","hermit:WideOpen+1","hermit:Horror","Normality","hermit:GoldenBullet","Regret","hermit:Determination+1","hermit:FromBeyond+1","hermit:FatalDesire","hermit:BodyArmor","hermit:HighCaliber","ReplayTheSpireMod:Splinters","hermit:Midnight","Bite","Bite","Bite","Bite","Bite"],"relics":["hermit:ClaspedLocket","NeowsBlessing","Golden Idol","infinitespire:Magic Flask","Mercury Hourglass","Oddly Smooth Stone","reliquary:Boomerang","Bag of Marbles","Question Card","Quantum Egg","Vajra"],"acts_visited":["Exordium","TheCity"],"potions_floor_usage":[16,24,29,29],"damage_taken":[{"damage":0,"enemies":"Small Slimes","floor":1,"turns":1},{"damage":0,"enemies":"Cultist","floor":4,"turns":1},{"damage":0,"enemies":"3 Sentries","floor":6,"turns":2},{"damage":6,"enemies":"Jaw Worm","floor":11,"turns":2},{"damage":48,"enemies":"Slime Boss","floor":16,"turns":12},{"damage":14,"enemies":"Chosen","floor":18,"turns":5},{"damage":26,"enemies":"Spheric Guardian","floor":19,"turns":7},{"damage":39,"enemies":"Slavers","floor":24,"turns":3},{"damage":21,"enemies":"Snake Plant","floor":27,"turns":4},{"damage":12,"enemies":"Shelled Parasite and Fungi","floor":29,"turns":3}],"seed_played":"2179723700251510311","potions_obtained":[{"floor":1,"key":"Adrenaline Potion"},{"floor":4,"key":"Swift Potion"},{"floor":18,"key":"Explosive Potion"},{"floor":22,"key":"SmokeBomb"}],"is_trial":false,"path_per_floor":["M","?","$","M","?","E","?","?","T","R","M","R","?","$","R","B",null,"M","M","$","?","?","R","E","?","T","M","?","M"],"character_chosen":"HERMIT","items_purchased":["hermit:Gestalt","hermit:Determination","hermit:FromBeyond","Bag of Marbles","hermit:HighCaliber"],"campfire_rested":2,"item_purchase_floors":[3,14,14,14,20],"current_hp_per_floor":[75,75,75,75,42,42,42,42,42,42,36,36,36,36,58,10,75,62,38,38,38,38,60,21,21,21,5,5,0,0],"gold":308,"neow_bonus":"THREE_ENEMY_KILL","is_daily":false,"chose_seed":false,"campfire_upgraded":4,"win_rate":0.0,"timestamp":1614287902,"path_taken":["M","?","$","M","?","E","?","?","T","R","M","R","?","$","R","BOSS","M","M","$","?","?","R","E","?","T","?","?","M"],"items_purchased_type":["Card","Card","Card","Relic","Card"],"build_version":"2020-12-22","purchased_purges":2,"victory":false,"max_hp_per_floor":[75,75,75,75,75,75,75,75,75,75,75,75,75,75,75,75,75,75,75,75,75,75,75,75,52,52,52,52,52,52],"card_choices":[{"not_picked":["hermit:Manifest","hermit:FullyLoaded","hermit:LowProfile"],"picked":"SKIP","floor":1},{"not_picked":["hermit:Roulette","hermit:Feint"],"picked":"hermit:WideOpen","floor":4},{"not_picked":["hermit:SprayPray","hermit:Snipe"],"picked":"hermit:Horror","floor":6},{"not_picked":["hermit:LowProfile","hermit:CalledShot"],"picked":"hermit:GoldenBullet","floor":11},{"not_picked":["hermit:HeroicBravado","hermit:OverwhelmingPower"],"picked":"hermit:FatalDesire","floor":16},{"not_picked":["hermit:Headshot","hermit:SprayPray"],"picked":"hermit:BodyArmor","floor":18},{"not_picked":["hermit:CalledShot","hermit:LowProfile","hermit:Cheat"],"picked":"SKIP","floor":19},{"not_picked":["hermit:Ricochet","hermit:Desperado","hermit:HighCaliber"],"picked":"hermit:Midnight","floor":22},{"not_picked":["hermit:CalledShot","hermit:GoldenBullet","hermit:BigShot","hermit:TrackingShot"],"picked":"SKIP","floor":27}],"player_experience":719501,"relics_obtained":[{"floor":6,"key":"Mercury Hourglass"},{"floor":8,"key":"Oddly Smooth Stone"},{"floor":9,"key":"reliquary:Boomerang"},{"floor":22,"key":"Quantum Egg"},{"floor":26,"key":"Vajra"}],"event_choices":[{"damage_healed":0,"gold_gain":0,"player_choice":"Take Wound","damage_taken":0,"relics_obtained":["Golden Idol"],"max_hp_gain":0,"max_hp_loss":0,"event_name":"Golden Idol","floor":2,"gold_loss":0,"cards_obtained":["Injury"]},{"damage_healed":0,"gold_gain":0,"player_choice":"Success","damage_taken":33,"relics_obtained":["infinitespire:Magic Flask"],"max_hp_gain":0,"max_hp_loss":0,"event_name":"Scrap Ooze","floor":5,"gold_loss":0},{"damage_healed":0,"gold_gain":275,"player_choice":"Desecrate","damage_taken":0,"max_hp_gain":0,"max_hp_loss":0,"event_name":"Golden Shrine","floor":13,"gold_loss":0,"cards_obtained":["Regret"]},{"damage_healed":0,"gold_gain":0,"player_choice":"Opened","damage_taken":0,"relics_obtained":["Question Card"],"max_hp_gain":0,"max_hp_loss":0,"event_name":"The Mausoleum","floor":21,"gold_loss":0},{"damage_healed":0,"gold_gain":0,"player_choice":"Became a vampire","damage_taken":0,"max_hp_gain":0,"max_hp_loss":23,"event_name":"Vampires","floor":25,"gold_loss":0,"cards_obtained":["Bite","Bite","Bite","Bite","Bite"]},{"damage_healed":0,"gold_gain":0,"player_choice":"Bought 0 Potions","damage_taken":0,"max_hp_gain":0,"max_hp_loss":0,"event_name":"The Woman in Blue","floor":28,"gold_loss":0}],"is_beta":false,"boss_relics":[{"not_picked":["SlaversCollar","Replay:Wanted Poster"],"picked":"hermit:ClaspedLocket"}],"items_purged_floors":[20,20],"is_endless":false,"potions_floor_spawned":[1,4,18,24],"killed_by":"Shelled Parasite and Fungi","ascension_level":4}}