{"host":"rm0ctv8qd8mnbkg1","time":1614249053,"event":{"mods":["Act Like it!","Aspiration","BaseMod","Beaked The Cultist","BetterRewards","Colored Map","DNKmod","Dark Map","Defuse TimeMaze Blight","Friendly Minions","Gensokyo","Hubris","Library of Ruina","Library of Ruina Extra","Marisa????????","Minty Spire (QoL Compilation)","MostiFishMod","Permanent Neow","Rare Cards Sparkle","Relic Sorter","Reliquary","Replay The Spire","Ruina","RumiaBox-????????","Shade Mod","Shop Mod","Spicy Shops","Spire Arcade","StSLib","The Animator","The Construct","The Servant 0.9.4","TheVacant","Wandering Minibosses","??????REMEMod"],"gold_per_floor":[10016,10026,10040,9665,9676,9710,9710,9721,9769,9769,9769,9769,9769,9789,9816,9816,9816,10413,10413,10431,9261,9280,9280,9800,10332,10843,10858,10910,11441,11441,11953,11953,11953,11953,12555,12555,13066,13080,12516,13035,13550,13550,13582,13582,13582,13598,13618,13618,13148,13164,13164,13164,13164,13164,13164,12967,12994,12994],"floor_reached":59,"language":"ENG","playtime":1921,"items_purged":["Decay"],"score":1398,"play_id":"79c39ff5-8c07-4284-a32f-89025389f961","local_time":"20210225103053","is_ascension_mode":false,"campfire_choices":[{"data":"beaked:BloodRitual","floor":17,"key":"SMITH"},{"data":"beaked:RitualOfBody","floor":32,"key":"SMITH"},{"data":"beaked:BraceForImpact","floor":34,"key":"SMITH"},{"data":"beaked:MachineSpirit","floor":42,"key":"SMITH"},{"data":"beaked:CheekyTricks","floor":44,"key":"SMITH"},{"floor":51,"key":"RECALL"},{"data":"beaked:MachineEssence","floor":55,"key":"SMITH"}],"circlet_count":0,"master_deck":["beaked:Strike_Y","beaked:Strike_Y","beaked:Strike_Y","beaked:Strike_Y","beaked:Strike_Y","beaked:Defend_Y","beaked:Defend_Y+1","beaked:Defend_Y","beaked:Defend_Y","beaked:Ceremony","beaked:Ceremony","beaked:Ceremony","construct:HammerDown+1","Good Instincts+1","beaked:Evade","beaked:Hexing","beaked:BloodRitual+1","beaked:RitualOfBody+1","beaked:Foresight+1","beaked:Recite","beaked:Windmill","beaked:DigDeep","beaked:Caw+1","beaked:Daydream","beaked:Pecker+1","beaked:VigorBurst+1","beaked:WarriorEssence+1","beaked:BraceForImpact+1","beaked:Mantra+1","beaked:MachineEssence+1","beaked:Cower+1","beaked:MachineSpirit+1","ReplayTheSpireMod:Prepare the Ceremony+1","beaked:CheekyTricks+1","beaked:Evade+1","beaked:BraceForImpact+1","ReplayTheSpireMod:Wings of Steel"],"relics":["beaked:MendingPlumage","REME_ComplimentaryCards","DaveBox","RhineSuit","aspiration:ArtOfWarUpgrade","HandDrill","reliquary:Stiletto","reliquary:RoseTintedGlasses","Molten Egg 2","Ring of Fangs","ReplayTheSpireMod:Ring of Challenge","FeatherPendant","hubris:CuriousFeather","War Paint","Guide Book","PageOfMercenary","LastBattle","wanderingMiniBosses:AbyssPearl","reliquary:WeakTea","Blood Vial","Ancient Tea Set","hubris:SlimyHat","reliquary:BoilingFlask","aspiration:RitualStick","JellyFishMachine","Shuriken","Dodecahedron","PageOfPorccubus","SynthV:C4","aspiration:FetidBarrel","Membership Card","Happy Flower","PageOfWrath","PageOfScarecrow","reliquary:Knoch","PageOfOzma","PageOfTheQueenOfHatred"],"acts_visited":["Exordium","TheCity","TheBeyond","TheEnding"],"potions_floor_usage":[24,24],"damage_taken":[{"damage":0,"enemies":"Cultist","floor":1,"turns":2},{"damage":0,"enemies":"2 Louse","floor":2,"turns":1},{"damage":3,"enemies":"Jaw Worm","floor":3,"turns":2},{"damage":16,"enemies":"Blue Slaver","floor":5,"turns":3},{"damage":12,"enemies":"Lagavulin","floor":6,"turns":4},{"damage":0,"enemies":"Exordium Wildlife","floor":8,"turns":1},{"damage":12,"enemies":"Large Slime","floor":14,"turns":3},{"damage":13,"enemies":"3 Sentries","floor":15,"turns":4},{"damage":48,"enemies":"Slime Boss","floor":18,"turns":6},{"damage":0,"enemies":"Shell Parasite","floor":20,"turns":2},{"damage":0,"enemies":"Spheric Guardian","floor":22,"turns":2},{"damage":38,"enemies":"3 Cultists","floor":24,"turns":4},{"damage":20,"enemies":"Slavers","floor":25,"turns":1},{"damage":48,"enemies":"Centurion and Healer","floor":26,"turns":2},{"damage":0,"enemies":"Shelled Parasite and Fungi","floor":27,"turns":1},{"damage":0,"enemies":"Book of Stabbing","floor":29,"turns":2},{"damage":0,"enemies":"Snecko","floor":31,"turns":2},{"damage":119,"enemies":"RedHoodMercenary","floor":35,"turns":2},{"damage":50,"enemies":"3 Shapes","floor":37,"turns":2},{"damage":13,"enemies":"Orb Walker","floor":38,"turns":2},{"damage":51,"enemies":"Sphere and 2 Shapes","floor":40,"turns":1},{"damage":9,"enemies":"4 Shapes","floor":41,"turns":2},{"damage":24,"enemies":"Reptomancer","floor":43,"turns":3},{"damage":0,"enemies":"Writhing Mass","floor":46,"turns":1},{"damage":0,"enemies":"Sphere and 2 Shapes","floor":47,"turns":1},{"damage":24,"enemies":"4 Shapes","floor":50,"turns":2},{"damage":28,"enemies":"Replay:Hell Engine","floor":52,"turns":2},{"damage":0,"enemies":"Replay:Hell Engine","floor":53,"turns":3},{"damage":0,"enemies":"Shield and Spear","floor":57,"turns":2},{"damage":10,"enemies":"The Heart","floor":58,"turns":4}],"seed_played":"-3674883973137921756","potions_obtained":[{"floor":6,"key":"Cursed Concoction"},{"floor":14,"key":"Dexterity Potion"},{"floor":20,"key":"Block Potion"},{"floor":26,"key":"beaked:MendingBrew"},{"floor":38,"key":"EssenceOfSteel"},{"floor":43,"key":"DuplicationPotion"}],"is_trial":false,"path_per_floor":["M","M","M","$","M","E","R","M","T","?","R","PTL","PTL","M","E","?","R","B",null,"M","$","M","?","M","E","M","M","T","E","R","M","R","?","R","B",null,"M","M","$","M","M","R","E","R","T","M","M","?","$","M","R","B",null,null,"R","$","E","B",null],"character_chosen":"BEAKED_THE_CULTIST","items_purchased":["beaked:RitualOfBody","Art of War","HandDrill","hubris:CuriousFeather","War Paint","Guide Book","PageOfMercenary","LastBattle","Shuriken","Dodecahedron","PageOfPorccubus","Membership Card","Happy Flower","PageOfWrath","PageOfScarecrow","reliquary:Knoch","PageOfOzma"],"campfire_rested":0,"item_purchase_floors":[4,4,4,21,21,21,21,21,39,39,39,49,49,49,49,56,56],"current_hp_per_floor":[1000,1000,1000,1000,991,989,989,992,992,997,997,997,997,995,1005,1005,1005,983,1005,1005,1005,1005,759,759,749,713,728,728,749,749,765,765,562,562,469,1015,979,986,986,942,964,964,978,978,978,985,1002,1002,1002,1015,1015,989,1008,1015,1015,1015,1015,1015],"gold":12994,"neow_bonus":"RANDOM_COLORLESS","is_daily":false,"chose_seed":false,"campfire_upgraded":6,"win_rate":0.0,"timestamp":1614249053,"path_taken":["M","M","?","$","M","E","R","M","T","?","R","PTL","PTL","M","E","?","R","BOSS","M","$","M","?","M","E","M","M","T","E","R","M","R","?","R","BOSS","M","M","$","M","M","R","E","R","T","M","M","?","$","M","R","BOSS","R","$","E","BOSS"],"items_purchased_type":["Card","Relic","Relic","Relic","Relic","Relic","Relic","Relic","Relic","Relic","Relic","Relic","Relic","Relic","Relic","Relic","Relic"],"build_version":"2020-12-22","purchased_purges":1,"victory":true,"max_hp_per_floor":[1000,1000,1000,1000,1000,1000,1000,1000,1000,1005,1005,1005,1005,1005,1005,1005,1005,1005,1005,1005,1005,1005,1010,1015,1015,1015,1015,1015,1015,1015,1015,1015,1015,1015,1015,1015,1015,1015,1015,1015,1015,1015,1015,1015,1015,1015,1015,1015,1015,1015,1015,1015,1015,1015,1015,1015,1015,1015],"card_choices":[{"not_picked":["ReplayTheSpireMod:Uncanny Aura","Dark Shackles"],"picked":"Good Instincts","floor":0},{"not_picked":["beaked:Brace","beaked:Flinch"],"picked":"beaked:Evade","floor":1},{"not_picked":["beaked:MimicWarrior","beaked:DigDeep"],"picked":"beaked:Hexing","floor":2},{"not_picked":["beaked:SurvivalInstinct","beaked:Daydream"],"picked":"beaked:BloodRitual","floor":3},{"not_picked":["beaked:Overexert","beaked:DigDeep"],"picked":"beaked:Foresight","floor":5},{"not_picked":["beaked:MaddeningMurmurs","beaked:FeelMyPain"],"picked":"beaked:Recite","floor":6},{"not_picked":["beaked:TuckingFeathers","beaked:DigDeeper"],"picked":"beaked:Windmill","floor":8},{"not_picked":["beaked:WindBringer","beaked:Redirect"],"picked":"beaked:DigDeep","floor":14},{"not_picked":["beaked:Recite","beaked:CrazyRituals","beaked:SurvivalInstinct"],"picked":"SKIP","floor":15},{"not_picked":["beaked:SacrificialScars","beaked:VolatileMisfortune"],"picked":"beaked:Caw+1","floor":18},{"not_picked":["beaked:Redirect","beaked:SacrificialAttack+1"],"picked":"beaked:Daydream","floor":20},{"not_picked":["beaked:SurvivalInstinct+1","ReplayTheSpireMod:Prepare the Ceremony"],"picked":"beaked:Pecker+1","floor":22},{"not_picked":["beaked:Sacrifice+1","beaked:Flinch"],"picked":"beaked:VigorBurst+1","floor":24},{"not_picked":["beaked:DesperateSwing+1","beaked:Redirect"],"picked":"beaked:WarriorEssence+1","floor":25},{"not_picked":["beaked:VigorBurst","beaked:Insight"],"picked":"beaked:BraceForImpact","floor":26},{"not_picked":["beaked:Windmill+1","beaked:DigDeep","beaked:DigDeeper+1"],"picked":"SKIP","floor":27},{"not_picked":["beaked:Redirect","beaked:TuckingFeathers"],"picked":"beaked:Mantra+1","floor":29},{"not_picked":["beaked:SacrificialAttack+1","beaked:Negation","beaked:Windmill+1"],"picked":"SKIP","floor":31},{"not_picked":["beaked:FakeOut+1","beaked:KnowThyFoe"],"picked":"beaked:MachineEssence","floor":35},{"not_picked":["beaked:WarriorEssence+1","beaked:Foresight"],"picked":"beaked:Cower+1","floor":37},{"not_picked":["beaked:Tweet","beaked:TuckingFeathers"],"picked":"beaked:MachineSpirit","floor":38},{"not_picked":["beaked:FeelMyPain","beaked:BraceForImpact"],"picked":"ReplayTheSpireMod:Prepare the Ceremony+1","floor":40},{"not_picked":["beaked:Devastation","beaked:TuckingFeathers","beaked:Struggle+1"],"picked":"SKIP","floor":41},{"not_picked":["beaked:Replenish+1","beaked:Daydream"],"picked":"beaked:CheekyTricks","floor":43},{"not_picked":["beaked:Molting","beaked:Poke+1","beaked:Tweet"],"picked":"SKIP","floor":46},{"not_picked":["beaked:Tradeoff+1","beaked:HuntressSpirit"],"picked":"beaked:Evade+1","floor":47},{"not_picked":["beaked:Insight","beaked:Tweet"],"picked":"beaked:BraceForImpact+1","floor":50},{"not_picked":["beaked:HuntressSpirit+1","beaked:CheekyTricks"],"picked":"ReplayTheSpireMod:Wings of Steel","floor":57}],"player_experience":309735,"relics_obtained":[{"floor":6,"key":"reliquary:Stiletto"},{"floor":9,"key":"reliquary:RoseTintedGlasses"},{"floor":15,"key":"Molten Egg 2"},{"floor":16,"key":"Ring of Fangs"},{"floor":16,"key":"ReplayTheSpireMod:Ring of Challenge"},{"floor":24,"key":"wanderingMiniBosses:AbyssPearl"},{"floor":25,"key":"reliquary:WeakTea"},{"floor":25,"key":"Blood Vial"},{"floor":28,"key":"Ancient Tea Set"},{"floor":29,"key":"hubris:SlimyHat"},{"floor":31,"key":"reliquary:BoilingFlask"},{"floor":40,"key":"SynthV:C4"},{"floor":43,"key":"aspiration:FetidBarrel"},{"floor":57,"key":"PageOfTheQueenOfHatred"}],"event_choices":[{"damage_healed":0,"gold_gain":0,"player_choice":"Donut","damage_taken":0,"max_hp_gain":5,"max_hp_loss":0,"event_name":"Big Fish","floor":10,"gold_loss":0},{"damage_healed":0,"gold_gain":0,"player_choice":"Shed Blood","damage_taken":251,"max_hp_gain":5,"max_hp_loss":0,"event_name":"Forgotten Altar","floor":23,"gold_loss":0},{"cards_removed":["beaked:Strike_Y"],"damage_healed":0,"gold_gain":0,"player_choice":"Removed Attack","damage_taken":0,"max_hp_gain":0,"max_hp_loss":0,"event_name":"Falling","floor":48,"gold_loss":0}],"is_beta":false,"boss_relics":[{"not_picked":["Busted Crown","aspiration:SilentSkillbook"],"picked":"FeatherPendant"},{"not_picked":["aspiration:FutureDiary","FixedStarFall"],"picked":"JellyFishMachine"}],"items_purged_floors":[21],"is_endless":false,"potions_floor_spawned":[2,6,14,20,22,26,38,41,43,47,50,57],"ascension_level":0}}