{"host":"tcdxiwht2vajk3tk","time":1614221331,"event":{"mods":["AchievementEnabler","BaseMod","Beaked The Cultist","Colored Powertips","Conspire","Defuse TimeMaze Blight","Downfall","Halation","Hermit","Hubris","Infinite Spire","Lobotomy","LobotomyExtend","Minty Spire (QoL Compilation)","Replay The Spire","Shop Mod","StSLib","The Cursed","The Disciple"],"gold_per_floor":[110,25,25,36,36,36,52,52,105,120,133,152,169,169,169,269,269,282,282,13,25,655,655,655,655],"floor_reached":24,"language":"ENG","playtime":1915,"items_purged":["Alriune"],"score":263,"play_id":"6f812761-7509-44b7-9f51-1351eed52649","local_time":"20210224214851","is_ascension_mode":false,"campfire_choices":[{"floor":23.0,"key":"REST"}],"circlet_count":0,"master_deck":["SpecialBullet","SpecialBullet","SpecialBullet","SpecialBullet","SpecialBullet","SpecialBullet","SpecialBullet","SpecialBullet","ControlCode","InformationCode","SecurityCode","Mimicry+1","ShyLook","Loneliness","conspire:Banana+1","MHz","Gaze","OldLady","Adoration","Laetitia","SomewhereSpear","NakedNest","BlackSwan_ego","ParadiseLost","LongBird","Galaxy","TrainingCode","CentralCode","BodiesMountain","Justitia","QueenOfHatred","ShedSkin","Regret_ego","Regret_ego","QueenBee","Moonlight"],"relics":["CogitoBucket","LetterFromLob","ReplayTheSpireMod:Lightbulb","LaetitiaHeart","Moonlight_r","MerchantsRug"],"acts_visited":["Exordium","TheCity"],"potions_floor_usage":[24,24],"damage_taken":[{"damage":6.0,"enemies":"Cultist","floor":1.0,"turns":3.0},{"damage":7.0,"enemies":"Jaw Worm","floor":4.0,"turns":3.0},{"damage":0.0,"enemies":"2 Louse","floor":7.0,"turns":2.0},{"damage":24.0,"enemies":"Blue Slaver","floor":10.0,"turns":3.0},{"damage":18.0,"enemies":"Lots of Slimes","floor":11.0,"turns":4.0},{"damage":22.0,"enemies":"2 Fungi Beasts","floor":12.0,"turns":4.0},{"damage":12.0,"enemies":"Gremlin Gang","floor":13.0,"turns":5.0},{"damage":0.0,"enemies":"Exordium Wildlife","floor":14.0,"turns":2.0},{"damage":10.0,"enemies":"Exordium Wildlife","floor":14.0,"turns":1.0},{"damage":0.0,"enemies":"Exordium Wildlife","floor":14.0,"turns":2.0},{"damage":20.0,"enemies":"Exordium Wildlife","floor":14.0,"turns":3.0},{"damage":27.0,"enemies":"Hexaghost","floor":16.0,"turns":9.0},{"damage":44.0,"enemies":"Shell Parasite","floor":18.0,"turns":6.0},{"damage":3.0,"enemies":"Spheric Guardian","floor":21.0,"turns":3.0},{"damage":70,"enemies":"Nightmare","floor":24,"turns":10}],"seed_played":"-8089391910184353935","potions_obtained":[{"floor":7.0,"key":"AttackPotion"},{"floor":10.0,"key":"ColorlessPotion"},{"floor":13.0,"key":"champ:CounterPotion"},{"floor":16.0,"key":"AttackPotion"},{"floor":18.0,"key":"Energy Potion"},{"floor":21.0,"key":"SteroidPotion"}],"is_trial":false,"path_per_floor":["M","$","?","M","?","R","M","R","T","M","M","M","M","M","R","B",null,"M","?","$","M","?","R","NM"],"character_chosen":"Angela","items_purchased":["conspire:Banana","Regret_ego","MerchantsRug"],"campfire_rested":1,"item_purchase_floors":[2,20,20],"current_hp_per_floor":[70,70,70,71,71,71,71,71,71,56,50,29,32,35,35,16,83,63,63,63,84,15,44,0,0],"gold":655,"neow_bonus":"ONE_RANDOM_RARE_CARD","is_daily":false,"chose_seed":false,"campfire_upgraded":0,"win_rate":0.0,"timestamp":1614221331,"path_taken":["M","$","?","M","?","R","M","R","T","M","M","?","M","M","R","BOSS","M","?","$","M","?","R","NM"],"items_purchased_type":["Card","Card","Relic"],"build_version":"2020-12-22","purchased_purges":1,"victory":false,"max_hp_per_floor":[70,70,70,71,71,71,71,71,71,72,73,74,75,75,75,83,83,89,89,89,97,97,97,101,101],"card_choices":[{"not_picked":["FairyFestival","SpiderBud"],"picked":"ShyLook","floor":1.0},{"not_picked":["FourthMatchFlame"],"picked":"Loneliness","floor":1.0},{"not_picked":["Alriune","CherryBlossoms"],"picked":"MHz","floor":4.0},{"not_picked":["Noise"],"picked":"Gaze","floor":4.0},{"not_picked":["Scorched","Murderer"],"picked":"OldLady","floor":7.0},{"not_picked":["RedEyes"],"picked":"Adoration","floor":7.0},{"not_picked":["FairyFestival","SpiderBud"],"picked":"Laetitia","floor":10.0},{"not_picked":["Spore"],"picked":"SomewhereSpear","floor":10.0},{"not_picked":["PunishingBird","RedShoes"],"picked":"NakedNest","floor":11.0},{"not_picked":["RapturousDream"],"picked":"BlackSwan_ego","floor":11.0},{"not_picked":["LaLuna","GalaxyChild"],"picked":"Alriune","floor":12.0},{"not_picked":["BearPaw"],"picked":"ParadiseLost","floor":12.0},{"not_picked":["CrumblingArmor","UniverseFragment"],"picked":"LongBird","floor":13.0},{"not_picked":["Laetitia_ego"],"picked":"Galaxy","floor":13.0},{"not_picked":["RedShoes","CherryBlossoms"],"picked":"BodiesMountain","floor":16.0},{"not_picked":["Pinks"],"picked":"Justitia","floor":16.0},{"not_picked":["PunishingBird","LaLuna"],"picked":"QueenOfHatred","floor":18.0},{"not_picked":["Heaven+1"],"picked":"ShedSkin","floor":18.0},{"not_picked":["Variant","SpiderBud"],"picked":"QueenBee","floor":21.0},{"not_picked":["CUTE"],"picked":"Moonlight","floor":21.0}],"player_experience":1867713,"relics_obtained":[{"floor":1.0,"key":"LetterFromLob"},{"floor":9.0,"key":"ReplayTheSpireMod:Lightbulb"}],"event_choices":[{"damage_healed":0.0,"max_hp_gain":0.0,"max_hp_loss":0.0,"gold_gain":0.0,"event_name":"conspire:Investor","player_choice":"Leave","floor":3.0,"gold_loss":0.0,"damage_taken":0.0},{"damage_healed":0.0,"max_hp_gain":0.0,"max_hp_loss":0.0,"gold_gain":0.0,"event_name":"WeMeetAgain","player_choice":"Ignored","floor":5.0,"gold_loss":0.0,"damage_taken":0.0},{"damage_healed":0.0,"max_hp_gain":0.0,"max_hp_loss":0.0,"gold_gain":0.0,"event_name":"The Library","player_choice":"Read","floor":19.0,"gold_loss":0.0,"damage_taken":0.0,"cards_obtained":["Regret_ego"]},{"damage_healed":0.0,"max_hp_gain":0.0,"max_hp_loss":0.0,"gold_gain":630.0,"event_name":"Knowing Skull","player_choice":"GOLD GOLD GOLD GOLD GOLD GOLD GOLD ","floor":22.0,"potions_obtained":[],"gold_loss":0.0,"damage_taken":69.0,"cards_obtained":[]}],"is_beta":false,"boss_relics":[{"not_picked":["Ectoplasm","Busted Crown","hubris:BlackHole"]}],"items_purged_floors":[20],"is_endless":false,"potions_floor_spawned":[7,10,13,14,16,18,21],"killed_by":"Nightmare","ascension_level":0}}