{"host":"gm50ke85n5jz306u","time":1614245649,"event":{"mods":["AchievementEnabler","AlwaysNeverKeys","Aspiration","BaseMod","Beaked The Cultist","Bestiary","Better Altar","Better Match","Better Note","Better Sensory Stone","Better Skull","Better Third Choice","Better Vampires","Better-Laid Plans","BetterRewards","Colored Powertips","Curses Come First","DNKmod","Defuse TimeMaze Blight","Disable Question Mark Monsters","Displayed Cursed Tome","Downfall","Emptier Cage","Extra Virgin Snecko Oil","Filter the Spire","Friendly Minions","Gremlin Skip","Hermit","Hubris","Hyrulean Relics","Ironclad Rager","Koishi","Lobotomy","Marisa????????","Marked Mod","Minty Spire (QoL Compilation)","Permanent Neow","Poor People Problems","Quick Restart","Reimu??????","Relic Filter Mod","Relic Sorter","Remove Card Discount Mod","Reorder Act Four","Replay The Spire","Shop Mod","StSLib","Synergy Search","Td1madao Mod","The Administrix","The Animator","The Blue Laboratory","The Bug Knight","The Construct","The Cursed","The Disciple","The Hierophant","The Necromancer","The Runesmith","The Senshi","The Servant 0.9.4","Thieving Mod","Transform Curses","WarShipGirlsR/????R mod"],"gold_per_floor":[10015,10103,10103,10177,10177,10177,9443,9443,9522,8942,8977,8977,9012,9029,9029,9126,9126,9146,9159,8710,8810,8830,8830,8859,8859,8859,8859,8859,8869,8894,8905,9105,8799,8799,8901,8901,8919,8946,8487,8487,8487,8487,7956,7981,7275,7292,7316,7349,7349,7349,6923,6935,6935,6935],"floor_reached":55,"language":"ENG","playtime":2209,"items_purged":["Parasite","Bash","Strike_R","Strike_R","Strike_R","Run Through","Strike_R","Strike_R","Defend_R","Defend_R","Battle Trance","Defend_R","Defend_R+1","Rampage+1","Headbutt","Battle Trance+1","Cleave+1"],"score":1491,"play_id":"1b4d0155-7f8c-471c-bba1-3d507a404084","local_time":"20210225103409","is_ascension_mode":true,"campfire_choices":[{"data":"Cleave","floor":6.0,"key":"SMITH"},{"data":"Berserk","floor":8.0,"key":"SMITH"},{"data":"Rampage","floor":12.0,"key":"SMITH"},{"data":"Shrug It Off","floor":15.0,"key":"SMITH"},{"data":"Barricade","floor":23,"key":"SMITH"},{"data":"Body Slam","floor":25,"key":"SMITH"},{"data":"Body Slam","floor":34,"key":"SMITH"},{"data":"Trip","floor":50,"key":"SMITH"},{"data":"Panacea","floor":53,"key":"SMITH"}],"circlet_count":0,"master_deck":["AscendersBane","Berserk+1","Panacea+1","Shrug It Off+1","Barricade+1","Body Slam+1","Trip+1","Body Slam+1","Shrug It Off+1","Shrug It Off+1","Shrug It Off+1"],"relics":["Burning Blood","Shuriken","Kunai","Happy Flower","Bird Faced Urn","Brimstone","aspiration:FrozenJewel","hubris:MedicalManual","Mastiff:ReiMu","Bronze Scales","hubris:PeanutButter","hubris:ChampionShield","hubris:ToyBattleship","MerchantsRug","Toy Ornithopter","Pantograph","DollysMirror","PreservedInsect","TentaclePot:ReiMu","Black Star","aspiration:ChemicalBlood","hubris:FunFungus","hubris:EmptyBottle","White Beast Statue","Sling","Art of War","Pondfish Scales","Blue Doll","Calipers","ReplayTheSpireMod:ShopPack","Chameleon Ring","Blood Vial","Akabeko","aspiration:SeaSaltIceCream","Cursed Key","Replay:Bottled Eggs","Cauldron"],"acts_visited":["Exordium","TheCity","TheBeyond"],"potions_floor_usage":[],"damage_taken":[{"damage":9.0,"enemies":"2 Louse","floor":1.0,"turns":2.0},{"damage":16.0,"enemies":"Lagavulin","floor":11.0,"turns":5.0},{"damage":1.0,"enemies":"Gremlin Nob","floor":13.0,"turns":3.0},{"damage":0.0,"enemies":"Jaw Worm","floor":14.0,"turns":2.0},{"damage":0.0,"enemies":"Slime Boss","floor":16.0,"turns":5.0},{"damage":16,"enemies":"Chosen","floor":18,"turns":5},{"damage":4,"enemies":"3 Byrds","floor":19,"turns":2},{"damage":7,"enemies":"Snecko","floor":22,"turns":4},{"damage":15,"enemies":"Slavers","floor":24,"turns":5},{"damage":0,"enemies":"Centurion and Healer","floor":29,"turns":3},{"damage":21,"enemies":"Book of Stabbing","floor":30,"turns":4},{"damage":3,"enemies":"Sentry and Sphere","floor":31,"turns":3},{"damage":13,"enemies":"Collector","floor":35,"turns":5},{"damage":0,"enemies":"3 Shapes","floor":37,"turns":5},{"damage":0,"enemies":"Reptomancer","floor":44,"turns":3},{"damage":0,"enemies":"3 Darklings","floor":46,"turns":3},{"damage":7,"enemies":"Nemesis","floor":48,"turns":5},{"damage":0,"enemies":"4 Shapes","floor":52,"turns":2},{"damage":0,"enemies":"Donu and Deca","floor":54,"turns":4}],"seed_played":"8495480593819570654","potions_obtained":[{"floor":30,"key":"blueLaboratory:HummingbirdPotion"}],"is_trial":false,"path_per_floor":["M","?","?","T","T","R","$","R","T","$","E","R","E","M","R","B",null,"M","M","$","?","M","R","E","R","T","PTL","PTL","M","E","M","?","$","R","B",null,"M","T","$","?","PTL","PTL","$","E","$","M","T","E","?","R","$","M","R","B",null],"character_chosen":"IRONCLAD","items_purchased":["Bronze Scales","Toy Ornithopter","LiquidMemories","BlessingOfTheForge","Berserk","MerchantsRug","Bird Faced Urn","Brimstone","Panacea","BloodPotion","Energy Potion","Trip","Body Slam","Happy Flower","DollysMirror","Mastiff:ReiMu","TentaclePot:ReiMu","hubris:FunFungus","hubris:EmptyBottle","White Beast Statue","Sling","Art of War","Calipers","ReplayTheSpireMod:ShopPack","Chameleon Ring","Replay:Bottled Eggs","Shrug It Off+1","Cauldron"],"campfire_rested":0,"item_purchase_floors":[7,7,7,7,7,7,10,10,10,10,10,20,20,20,20,33,33,39,39,43,43,43,45,45,45,51,51,51],"current_hp_per_floor":[69,49,49,49,49,49,49,49,49,49,41,41,48,54,54,77,77,67,69,69,69,72,72,65,65,65,65,65,75,62,69,69,69,69,72,76,77,77,77,77,77,77,77,77,77,77,77,77,77,77,77,77,77,77],"gold":6935,"neow_bonus":"ONE_RARE_RELIC","is_daily":false,"chose_seed":false,"campfire_upgraded":9,"win_rate":0.0,"timestamp":1614245649,"path_taken":["M","?","?","?","?","R","$","R","T","?","E","R","E","M","R","BOSS","M","M","$","?","M","R","E","R","T","PTL","PTL","M","E","M","?","$","R","BOSS","M","?","$","?","PTL","PTL","?","E","$","M","T","E","?","R","$","M","R","BOSS"],"items_purchased_type":["Relic","Relic","Potion","Potion","Card","Relic","Relic","Relic","Card","Potion","Potion","Card","Card","Relic","Relic","Relic","Relic","Relic","Relic","Relic","Relic","Relic","Relic","Relic","Relic","Relic","Card","Relic"],"build_version":"2020-12-22","purchased_purges":17,"victory":true,"max_hp_per_floor":[80,80,80,80,80,80,77,77,77,77,77,77,77,77,77,77,77,77,77,77,77,77,77,77,77,77,77,77,77,77,77,77,77,77,77,77,77,77,77,77,77,77,77,77,77,77,77,77,77,77,77,77,77,77],"card_choices":[{"not_picked":["Run Through","Flex"],"picked":"Cleave","floor":1.0},{"not_picked":["Pummel","Fire Breathing"],"picked":"Battle Trance","floor":2.0},{"not_picked":["Perfected Strike","Power Through"],"picked":"Run Through","floor":2.0},{"not_picked":["Run Through","Warcry"],"picked":"Rampage","floor":11.0},{"not_picked":["Warcry","Combust","Replay:Many Hands"],"picked":"SKIP","floor":13.0},{"not_picked":["Massacre","Warcry"],"picked":"Shrug It Off","floor":14.0},{"not_picked":["Corruption","hubris:StunningStrike"],"picked":"Barricade","floor":16.0},{"not_picked":["Shockwave","True Grit+1"],"picked":"Headbutt","floor":18},{"not_picked":["Twin Strike","Headbutt"],"picked":"Body Slam","floor":19},{"not_picked":["Flex","Pommel Strike+1","Sword Boomerang"],"picked":"SKIP","floor":22},{"not_picked":["Intimidate+1","ReplayTheSpireMod:Strike From Hell","Impervious"],"picked":"SKIP","floor":24},{"not_picked":["Spot Weakness+1","Pommel Strike","Twin Strike+1"],"picked":"SKIP","floor":29},{"not_picked":["Headbutt","Combust","ReplayTheSpireMod:Strike From Hell"],"picked":"SKIP","floor":30},{"not_picked":["Clash","Havoc+1","Thunderclap"],"picked":"SKIP","floor":31},{"not_picked":["Clash+1","Body Slam"],"picked":"Battle Trance+1","floor":37},{"not_picked":["Flex+1","Cleave"],"picked":"Shrug It Off","floor":44},{"not_picked":["ReplayTheSpireMod:Strike From Hell","Havoc","Bludgeon"],"picked":"SKIP","floor":46},{"not_picked":["Replay:Undeath\u0027s Touch+1","Inflame+1"],"picked":"Metallicize+1","floor":48},{"not_picked":["Anger","Headbutt","Wild Strike"],"picked":"SKIP","floor":52}],"player_experience":467705,"relics_obtained":[{"floor":4.0,"key":"hubris:PeanutButter"},{"floor":5.0,"key":"hubris:ToyBattleship"},{"floor":9.0,"key":"Kunai"},{"floor":11.0,"key":"aspiration:FrozenJewel"},{"floor":13.0,"key":"Pantograph"},{"floor":24,"key":"hubris:ChampionShield"},{"floor":26,"key":"Shuriken"},{"floor":30,"key":"PreservedInsect"},{"floor":38,"key":"aspiration:ChemicalBlood"},{"floor":44,"key":"Pondfish Scales"},{"floor":44,"key":"Blue Doll"},{"floor":47,"key":"Blood Vial"},{"floor":48,"key":"Akabeko"},{"floor":48,"key":"aspiration:SeaSaltIceCream"}],"event_choices":[{"damage_healed":0,"gold_gain":100,"player_choice":"Pray","damage_taken":0,"max_hp_gain":0,"max_hp_loss":0,"event_name":"Golden Shrine","floor":21,"gold_loss":0},{"damage_healed":0,"gold_gain":200,"player_choice":"Gold","damage_taken":0,"max_hp_gain":0,"max_hp_loss":0,"event_name":"Wheel of Change","floor":32,"gold_loss":0},{"damage_healed":0,"gold_gain":3,"player_choice":"1","damage_taken":0,"max_hp_gain":0,"max_hp_loss":0,"event_name":"betterStone:BetterStone","floor":40,"gold_loss":0},{"cards_removed":["Metallicize"],"damage_healed":0,"gold_gain":0,"player_choice":"Removed Power","damage_taken":0,"max_hp_gain":0,"max_hp_loss":0,"event_name":"Falling","floor":49,"gold_loss":0}],"is_beta":false,"boss_relics":[{"not_picked":["Velvet Choker","hubris:GrandSneckoEye","ChewingGum"]},{"not_picked":["Calling Bell","hubris:BlackHole"],"picked":"Black Star"}],"items_purged_floors":[7,7,7,7,7,20,20,20,20,20,39,45,45,51,51,51,51],"is_endless":false,"potions_floor_spawned":[13,16,19,30,31,35,44,46,48,52],"ascension_level":11}}