{"host":"kiehjq3lc4w5t4uc","time":1614265439,"event":{"mods":["AchievementEnabler","BaseMod","BetterRewards","Colored Map","Colored Powertips","DeckTracker","Good Game Mod","Keyboard Shortcuts","Minty Spire (QoL Compilation)","Permanent Neow","Quick Restart","Rare Cards Sparkle","Relic Stats","Replay The Spire","StSLib","SuperFastMode"],"gold_per_floor":[138,153,192,228,228,228,288,317,317,317,317,217,217,217,217,217,217,291,291,303,137,182,245,301,301,301,382,405,405,507,507,507,131,131,253,253,296,146,187,228,265,265,362,362,362,362,362,252,277,104,104,104,104,104,27,62,62],"floor_reached":58,"language":"KOR","playtime":3520,"items_purged":["Strike_R","Delirium","Bludgeon","Bash"],"score":2436,"play_id":"ca09a462-b5e8-4fd4-9e0e-1b4626e44538","local_time":"20210226000359","is_ascension_mode":true,"campfire_choices":[{"data":"HandOfGreed","floor":6.0,"key":"SMITH"},{"data":"Crow Ritual","floor":11.0,"key":"SMITH"},{"data":"Pot Of Greed","floor":13.0,"key":"SMITH"},{"data":"Strike_R","floor":17.0,"key":"PURGE"},{"data":"Pot Of Greed","floor":25.0,"key":"SMITH"},{"data":"Dark Embrace","floor":29.0,"key":"SMITH"},{"data":"Corruption","floor":31.0,"key":"SMITH"},{"data":"Sentinel","floor":34.0,"key":"SMITH"},{"floor":42.0,"key":"RECALL"},{"data":"Offering","floor":44,"key":"SMITH"},{"data":"Burning Pact","floor":47,"key":"SMITH"},{"data":"Defend_R","floor":51,"key":"SMITH"},{"data":"Defend_R","floor":54,"key":"SMITH"}],"circlet_count":0,"master_deck":["AscendersBane","Strike_R","Defend_R+1","Defend_R+1","Defend_R+1","Defend_R+1","HandOfGreed+1","Crow Ritual+1","Abandon+1","Dark Embrace+1","Impervious+1","Pot Of Greed+1","Pot Of Greed+1","Corruption+1","Sentinel+1","Burning Pact+1","Offering+1","Flame Barrier+1","Sentinel","Feel No Pain","Pot Of Greed"],"relics":["Black Blood","REME:ComplimentaryCards","Grinning Jar","ReplayTheSpireMod:Lightbulb","ReplayTheSpireMod:Ring of Challenge","Ring of Peace","Busted Crown","War Paint","ReplayTheSpireMod:Ninjato","Boot","Replay:Ringing Soul","Nunchaku","Onion Ring","Enchiridion","Replay:Baseball","Pet Ghost","Strawberry","Medical Kit","Art of War"],"acts_visited":["Exordium","TheCity","TheBeyond","TheEnding"],"potions_floor_usage":[43,52,57],"damage_taken":[{"damage":12.0,"enemies":"Jaw Worm","floor":1.0,"turns":2.0},{"damage":3.0,"enemies":"2 Louse","floor":2.0,"turns":3.0},{"damage":11.0,"enemies":"Cultist","floor":3.0,"turns":4.0},{"damage":5.0,"enemies":"2 Fungi Beasts","floor":4.0,"turns":4.0},{"damage":0.0,"enemies":"3 Louse","floor":7.0,"turns":3.0},{"damage":5.0,"enemies":"Lagavulin","floor":8.0,"turns":6.0},{"damage":0.0,"enemies":"Fading Forest","floor":18.0,"turns":11.0},{"damage":0.0,"enemies":"Shell Parasite","floor":20.0,"turns":3.0},{"damage":8.0,"enemies":"2 Thieves","floor":22.0,"turns":3.0},{"damage":6.0,"enemies":"Centurion and Healer","floor":23.0,"turns":4.0},{"damage":0.0,"enemies":"Cultist and Chosen","floor":24.0,"turns":3.0},{"damage":0.0,"enemies":"Slavers","floor":27.0,"turns":3.0},{"damage":1.0,"enemies":"Book of Stabbing","floor":30.0,"turns":5.0},{"damage":0.0,"enemies":"Automaton","floor":35.0,"turns":4.0},{"damage":6.0,"enemies":"Orb Walker","floor":37.0,"turns":2.0},{"damage":0.0,"enemies":"3 Shapes","floor":39.0,"turns":1.0},{"damage":6.0,"enemies":"Writhing Mass","floor":40.0,"turns":2.0},{"damage":0.0,"enemies":"Sphere and 2 Shapes","floor":41.0,"turns":2.0},{"damage":28,"enemies":"Nemesis","floor":43,"turns":5},{"damage":0,"enemies":"Jaw Worm Horde","floor":49,"turns":3},{"damage":0,"enemies":"Donu and Deca","floor":52,"turns":2},{"damage":0,"enemies":"Shield and Spear","floor":56,"turns":1},{"damage":81,"enemies":"The Heart","floor":57,"turns":8}],"seed_played":"-4797238805060036884","potions_obtained":[{"floor":2.0,"key":"Swift Potion"},{"floor":3.0,"key":"FearPotion"},{"floor":18.0,"key":"PowerPotion"},{"floor":23.0,"key":"SteroidPotion"},{"floor":35.0,"key":"Milkshake"},{"floor":49,"key":"Explosive Potion"}],"is_trial":false,"path_per_floor":["M","M","M","M","?","R","M","E","T","?","R","$","R","PTL","PTL","?","R_BF","B",null,"M","$","M","M","M","R","T","E","T","R","E","R","?","$","R","B",null,"M","$","M","M","M","R","E","R","T","?","R","?","M","$","R","B",null,"R","$","E","B",null],"character_chosen":"IRONCLAD","items_purchased":["Crow Ritual","Abandon","War Paint","Replay:Baseball","Burning Pact","Medical Kit","Sentinel"],"campfire_rested":0,"item_purchase_floors":[0,0,21,33,33,50,55],"current_hp_per_floor":[62,65,60,61,61,61,67,68,68,68,68,68,68,68,68,68,68,74,75,75,75,73,73,75,75,75,75,75,75,75,75,54,57,57,66,77,81,81,81,81,81,81,68,68,68,68,68,68,87,87,87,91,91,91,94,97,28],"gold":62,"neow_bonus":"","is_daily":false,"chose_seed":false,"campfire_upgraded":11,"win_rate":0.0,"timestamp":1614265439,"path_taken":["M","M","M","M","?","R","M","E","T","?","R","$","R","PTL","PTL","?","R_BF","BOSS","M","$","M","M","M","R","?","E","T","R","E","R","?","$","R","BOSS","M","$","M","M","M","R","E","R","T","?","R","?","M","$","R","BOSS","R","$","E","BOSS"],"items_purchased_type":["Card","Card","Relic","Relic","Card","Relic","Card"],"build_version":"2020-12-22","purchased_purges":4,"victory":true,"max_hp_per_floor":[75,75,75,75,75,75,75,75,75,75,75,75,75,75,75,75,75,75,75,75,75,75,75,75,75,75,75,75,75,75,75,75,78,78,81,81,81,81,81,81,81,81,84,84,84,84,84,84,91,91,91,91,91,91,94,97,97],"relic_stats":{"Nunchaku":[8],"Busted Crown":28,"counters":[36,143],"Black Blood":185,"Art of War":[2],"War Paint":["ConjureBlade","Defend_R","Impervious","Defend_R"],"Boot":[4],"Medical Kit":[7],"obtain_stats":[{"Enchiridion":32,"Black Blood":36,"Boot":27,"Burning Blood":0,"Pet Ghost":43,"ClockworkSouvenir":4,"Blood Vial":3,"Replay:Ringing Soul":16,"Nunchaku":28,"Ring of Peace":10,"Strawberry":49,"Necronomicon":21,"Replay:Wax Seal":4,"BargainBundle":0,"Lee\u0027s Waffle":14,"ReplayTheSpireMod:Ninjato":26,"War Paint":4,"Medical Kit":50,"REME:ComplimentaryCards":0,"Replay:Baseball":33,"Busted Crown":19,"Onion Ring":30,"Another Sword":12,"Coffee Dripper":19,"Art of War":56,"Membership Card":0,"Grinning Jar":0,"ReplayTheSpireMod:Ring of Challenge":10,"Mirror":11,"ReplayTheSpireMod:Lightbulb":9},{"Enchiridion":26,"Black Blood":27,"Boot":25,"Burning Blood":0,"Pet Ghost":32,"ClockworkSouvenir":2,"Blood Vial":2,"Replay:Ringing Soul":8,"Nunchaku":25,"Ring of Peace":19,"Strawberry":33,"Necronomicon":10,"Replay:Wax Seal":2,"BargainBundle":0,"Lee\u0027s Waffle":7,"ReplayTheSpireMod:Ninjato":24,"War Paint":2,"Medical Kit":33,"REME:ComplimentaryCards":0,"Replay:Baseball":26,"Busted Crown":20,"Onion Ring":26,"Another Sword":6,"Coffee Dripper":9,"Art of War":35,"Membership Card":0,"Grinning Jar":0,"ReplayTheSpireMod:Ring of Challenge":19,"Mirror":5,"ReplayTheSpireMod:Lightbulb":19},{"Enchiridion":113,"Black Blood":117,"Boot":108,"Burning Blood":0,"Pet Ghost":129,"ClockworkSouvenir":5,"Blood Vial":5,"Replay:Ringing Soul":36,"Nunchaku":108,"Ring of Peace":81,"Strawberry":132,"Necronomicon":47,"Replay:Wax Seal":5,"BargainBundle":0,"Lee\u0027s Waffle":33,"ReplayTheSpireMod:Ninjato":105,"War Paint":5,"Medical Kit":132,"REME:ComplimentaryCards":0,"Replay:Baseball":113,"Busted Crown":92,"Onion Ring":113,"Another Sword":30,"Coffee Dripper":43,"Art of War":135,"Membership Card":0,"Grinning Jar":0,"ReplayTheSpireMod:Ring of Challenge":81,"Mirror":19,"ReplayTheSpireMod:Lightbulb":81}]},"card_choices":[{"not_picked":["Body Slam","Run Through","Sword Boomerang"],"picked":"SKIP","floor":1.0},{"not_picked":["Infernal Blade","Heavy Blade","Replay:Undeath\u0027s Touch"],"picked":"SKIP","floor":2.0},{"not_picked":["Havoc","Wild Strike","Headbutt"],"picked":"SKIP","floor":3.0},{"not_picked":["Clash","ReplayTheSpireMod:Limb From Limb"],"picked":"Dark Embrace","floor":4.0},{"not_picked":["Rampage","Flex"],"picked":"Impervious","floor":7.0},{"not_picked":["ReplayTheSpireMod:Stacked","Dark Embrace","ReplayTheSpireMod:LeadingStrike"],"picked":"SKIP","floor":8.0},{"not_picked":["Berserk","Eclipse"],"picked":"Corruption","floor":18.0},{"not_picked":["Body Slam"],"picked":"SKIP","floor":20.0},{"not_picked":[],"picked":"Sentinel","floor":22.0},{"not_picked":["Reckless Charge"],"picked":"SKIP","floor":23.0},{"not_picked":["Run Through"],"picked":"SKIP","floor":24.0},{"not_picked":["Battle Trance"],"picked":"SKIP","floor":27.0},{"not_picked":["Twin Strike"],"picked":"SKIP","floor":30.0},{"not_picked":[],"picked":"Offering","floor":35.0},{"not_picked":["Armaments"],"picked":"SKIP","floor":37.0},{"not_picked":["ReplayTheSpireMod:Stacked"],"picked":"SKIP","floor":39.0},{"not_picked":["Body Slam+1"],"picked":"SKIP","floor":40.0},{"not_picked":["Seeing Red"],"picked":"SKIP","floor":41.0},{"not_picked":[],"picked":"Flame Barrier+1","floor":43},{"not_picked":["Flex+1"],"picked":"SKIP","floor":49},{"not_picked":[],"picked":"Feel No Pain","floor":56}],"player_experience":216658,"relics_obtained":[{"floor":8.0,"key":"Grinning Jar"},{"floor":9.0,"key":"ReplayTheSpireMod:Lightbulb"},{"floor":10.0,"key":"ReplayTheSpireMod:Ring of Challenge"},{"floor":10.0,"key":"Ring of Peace"},{"floor":26.0,"key":"ReplayTheSpireMod:Ninjato"},{"floor":27.0,"key":"Boot"},{"floor":27.0,"key":"Replay:Ringing Soul"},{"floor":28.0,"key":"Nunchaku"},{"floor":30.0,"key":"Onion Ring"},{"floor":32.0,"key":"Enchiridion"},{"floor":43,"key":"Pet Ghost"},{"floor":49,"key":"Strawberry"},{"floor":56,"key":"Art of War"}],"event_choices":[{"damage_healed":0.0,"max_hp_gain":0.0,"max_hp_loss":0.0,"gold_gain":0.0,"event_name":"Living Wall","player_choice":"Grow","floor":5.0,"gold_loss":0.0,"damage_taken":0.0,"cards_upgraded":["Abandon"]},{"damage_healed":0.0,"max_hp_gain":0.0,"max_hp_loss":0.0,"gold_gain":0.0,"cards_transformed":["Strike_R"],"event_name":"Transmorgrifier","player_choice":"Transformed","floor":16.0,"gold_loss":0.0,"damage_taken":0.0,"cards_obtained":["Bludgeon"]},{"damage_healed":0.0,"max_hp_gain":0.0,"max_hp_loss":0.0,"gold_gain":0.0,"event_name":"Cursed Tome","player_choice":"Obtained Book","floor":32.0,"gold_loss":0.0,"damage_taken":21.0},{"damage_healed":0,"gold_gain":0,"player_choice":"Ignored","damage_taken":0,"max_hp_gain":0,"max_hp_loss":0,"event_name":"Tomb of Lord Red Mask","floor":46,"gold_loss":0},{"cards_removed":["Strike_R"],"damage_healed":0,"gold_gain":0,"player_choice":"Upgrade and Remove","damage_taken":0,"max_hp_gain":0,"max_hp_loss":0,"event_name":"Designer","floor":48,"gold_loss":110,"cards_upgraded":["Defend_R"]}],"is_beta":false,"boss_relics":[{"not_picked":["Snecko Eye","Pandora\u0027s Box"],"picked":"Busted Crown"},{"not_picked":["Painkiller Herb","Philosopher\u0027s Stone"],"picked":"Black Blood"}],"items_purged_floors":[0,12,33,38],"is_endless":false,"potions_floor_spawned":[2,3,18,23,24,35,37,40,49],"ascension_level":16}}