{"host":"b5616rc011fmdz76","time":1614287987,"event":{"mods":["AchievementEnabler","BaseMod","Duelist Mod","GifTheSpireLib","Hermit","Infinite Spire","Minty Spire (QoL Compilation)","Replay The Spire","StSLib","The Cursed","The Necromancer","The Servant 0.9.4","???Mod??????Boss"],"gold_per_floor":[111,191,207,207,207,248,248,261,284,298,51,66,86,102,102,226,226,241,291,310,310,330,364,83,101,125,125,150,12,12,31,31,152,152,172,185,144,108,131,172,172,185,185,185,185,216,216,234,234,234],"floor_reached":51,"language":"PTB","playtime":5468,"items_purged":[],"score":806,"play_id":"2e53b8e5-22c7-44b8-9fcb-09df1be91bd2","local_time":"20210225181947","is_ascension_mode":false,"campfire_choices":[{"data":"TheCursedMod:HellsGateOpen","floor":7.0,"key":"SMITH"},{"floor":15.0,"key":"REST"},{"data":"TheCursedMod:CircleOfBlood","floor":27.0,"key":"SMITH"},{"data":"TheCursedMod:HellfireBreathing","floor":30.0,"key":"SMITH"},{"floor":32.0,"key":"RECALL"},{"data":"TheCursedMod:NeowsMight","floor":41.0,"key":"SMITH"},{"floor":45.0,"key":"REST"},{"data":"Madness","floor":49,"key":"SMITH"}],"circlet_count":0,"master_deck":["TheCursedMod:Strike_TheCursed","TheCursedMod:Strike_TheCursed","TheCursedMod:Strike_TheCursed","TheCursedMod:Strike_TheCursed","TheCursedMod:Defend_TheCursed","TheCursedMod:Defend_TheCursed","TheCursedMod:Defend_TheCursed","TheCursedMod:Defend_TheCursed","TheCursedMod:CursedWand+1","TheCursedMod:CleanUpWorkshop","TheCursedMod:Dregs","TheCursedMod:CircleOfFlame+1","TheCursedMod:CursedBlade","Injury","TheCursedMod:HellsGateOpen+1","TheCursedMod:CircleOfCorruption","TheCursedMod:CircleOfBlood+1","TheCursedMod:HellfireBreathing+1","TheCursedMod:StingEye","Enlightenment","TheCursedMod:SmokeScreen","TheCursedMod:FleshFromBone","TheCursedMod:CursedShiv","TheCursedMod:VoidForm","TheCursedMod:NeowsMight+1","TheCursedMod:RapidMovement","TheCursedMod:SpitefulStrike","ReplayTheSpireMod:Trickstab","TheCursedMod:LuckyCharm","TheCursedMod:Grudge","Delirium","Bandage Up","TheCursedMod:Hemoplague","TheCursedMod:SurpriseAttack","TheCursedMod:AbyssShockwave","TheCursedMod:CircleOfFocus+1","TheCursedMod:TroublousMinions","TheCursedMod:CircleOfBlood+1","TheCursedMod:CircleOfBlood+1","TheCursedMod:HellfireBreathing","TheCursedMod:SurpriseAttack+1","TheCursedMod:AntiAging","TheCursedMod:ManaBullet","TheCursedMod:CircleOfCorruption+1","TheCursedMod:SpitefulPray","TheCursedMod:TacticalStrike+1","Parasite","TheCursedMod:CircleOfCorruption+1","TheCursedMod:CursedShiv+1","TheCursedMod:CircleOfAmplification+1","TheCursedMod:AntiAging","Madness","Madness+1","TheCursedMod:WearCloak+1"],"relics":["TheCursedMod:BlackMagic101","Golden Idol","Smiling Mask","Replay:Baseball","Honey Jar","infinitespire:EmpoweringShard","ReplayTheSpireMod:CursedCoin","Boot","Oddly Smooth Stone","ChewingGum","Lantern","infinitespire:ShieldingShard","Replay:Bottled Eggs"],"acts_visited":["Exordium","TheCity","TheBeyond"],"potions_floor_usage":[50],"damage_taken":[{"damage":5.0,"enemies":"Small Slimes","floor":1.0,"turns":4.0},{"damage":0.0,"enemies":"2 Louse","floor":3.0,"turns":2.0},{"damage":15.0,"enemies":"Replay:BlueRogue","floor":6.0,"turns":6.0},{"damage":6.0,"enemies":"Jaw Worm","floor":8.0,"turns":5.0},{"damage":8.0,"enemies":"Red Slaver","floor":10.0,"turns":2.0},{"damage":3.0,"enemies":"Looter","floor":12.0,"turns":3.0},{"damage":10.0,"enemies":"Lots of Slimes","floor":13.0,"turns":3.0},{"damage":3.0,"enemies":"Exordium Wildlife","floor":14.0,"turns":2.0},{"damage":32.0,"enemies":"The Guardian","floor":16.0,"turns":8.0},{"damage":14.0,"enemies":"3 Byrds","floor":18.0,"turns":4.0},{"damage":11.0,"enemies":"Shell Parasite","floor":20.0,"turns":4.0},{"damage":2.0,"enemies":"Chosen and Byrds","floor":22.0,"turns":5.0},{"damage":0.0,"enemies":"theDuelist:KaibaA2","floor":23.0,"turns":4.0},{"damage":11.0,"enemies":"Centurion and Healer","floor":25.0,"turns":7.0},{"damage":5.0,"enemies":"Snecko","floor":28.0,"turns":4.0},{"damage":0.0,"enemies":"Snake Plant","floor":31.0,"turns":2.0},{"damage":28.0,"enemies":"Champ","floor":33.0,"turns":9.0},{"damage":8.0,"enemies":"3 Darklings","floor":35.0,"turns":5.0},{"damage":24.0,"enemies":"3 Shapes","floor":36.0,"turns":5.0},{"damage":8.0,"enemies":"Writhing Mass","floor":39.0,"turns":5.0},{"damage":33.0,"enemies":"Nemesis","floor":40.0,"turns":6.0},{"damage":21.0,"enemies":"Jaw Worm Horde","floor":42.0,"turns":3.0},{"damage":0.0,"enemies":"Reptomancer","floor":46.0,"turns":6.0},{"damage":26,"enemies":"Transient","floor":48,"turns":5},{"damage":20,"enemies":"infinitespire:MassOfShapes","floor":50,"turns":10}],"seed_played":"9115138395290093008","potions_obtained":[{"floor":6.0,"key":"Fire Potion"},{"floor":10.0,"key":"DistilledChaos"},{"floor":13.0,"key":"Adrenaline Potion"},{"floor":20.0,"key":"Swift Potion"},{"floor":25.0,"key":"Weak Potion"},{"floor":28.0,"key":"PowerPotion"},{"floor":33.0,"key":"FairyPotion"},{"floor":35.0,"key":"Venom Potion"},{"floor":39.0,"key":"Fire Potion"}],"is_trial":false,"path_per_floor":["M","?","M","?","?","E","R","M","T","M","$","M","M","M","R","B",null,"M","?","M","?","M","E","$","M","T","R","M","$","R","M","R","B",null,"M","M","$","$","M","E","R","M","T","$","R","E","?","M","R","B",null],"character_chosen":"THE_CURSED","items_purchased":["TheCursedMod:HellfireBreathing","TheCursedMod:StingEye","Enlightenment","TheCursedMod:SmokeScreen","ReplayTheSpireMod:CursedCoin","Bandage Up","TheCursedMod:Hemoplague","TheCursedMod:SurpriseAttack","TheCursedMod:AbyssShockwave","Boot","TheCursedMod:CircleOfBlood","TheCursedMod:HellfireBreathing","TheCursedMod:SpitefulPray","TheCursedMod:TacticalStrike+1"],"campfire_rested":2,"item_purchase_floors":[11,11,11,11,24,24,24,24,24,24,29,29,37,38],"current_hp_per_floor":[70,70,70,70,70,55,55,49,49,41,41,42,32,29,51,23,75,61,61,58,46,48,58,58,55,55,55,62,62,62,75,75,56,75,77,59,59,59,65,56,56,43,43,43,67,81,71,71,71,71],"gold":234,"neow_bonus":"UPGRADE_CARD","is_daily":false,"chose_seed":false,"campfire_upgraded":5,"win_rate":0.0,"timestamp":1614287987,"path_taken":["M","?","M","?","?","E","R","M","T","M","$","M","M","M","R","BOSS","M","?","?","?","M","E","$","M","T","R","M","$","R","M","R","BOSS","M","M","?","$","M","E","R","M","T","$","R","E","?","M","R","BOSS"],"items_purchased_type":["Card","Card","Card","Card","Relic","Card","Card","Card","Card","Relic","Card","Card","Card","Card"],"build_version":"2020-12-22","purchased_purges":0,"victory":true,"max_hp_per_floor":[75,75,75,75,75,75,75,75,75,75,75,75,75,75,75,75,75,75,75,75,75,75,75,75,75,75,75,75,75,75,75,75,75,75,77,77,77,77,79,79,79,81,81,81,81,83,83,85,85,89],"card_choices":[{"not_picked":["TheCursedMod:ReleasedKnowledge","TheCursedMod:CircleOfCorruption"],"picked":"TheCursedMod:CircleOfFlame","floor":1.0},{"not_picked":["TheCursedMod:Wield","TheCursedMod:Stretching"],"picked":"TheCursedMod:CursedBlade","floor":3.0},{"not_picked":["TheCursedMod:StunningStrike","TheCursedMod:StingEye"],"picked":"TheCursedMod:HellsGateOpen","floor":6.0},{"not_picked":["TheCursedMod:CircleOfFlame","TheCursedMod:EmpowerCircles"],"picked":"TheCursedMod:CircleOfCorruption","floor":8.0},{"not_picked":["TheCursedMod:Evocation","TheCursedMod:SpitefulStrike"],"picked":"TheCursedMod:CircleOfBlood","floor":10.0},{"not_picked":["TheCursedMod:VitalStrike","TheCursedMod:CursedSpellbook"],"picked":"TheCursedMod:FleshFromBone","floor":12.0},{"not_picked":["TheCursedMod:RapidMovement","TheCursedMod:TacticalStrike"],"picked":"TheCursedMod:CursedShiv","floor":13.0},{"not_picked":["TheCursedMod:RapidMovement","TheCursedMod:SpreadPlague"],"picked":"TheCursedMod:VoidForm","floor":14.0},{"not_picked":["TheCursedMod:VoidForm","TheCursedMod:DemonicPact"],"picked":"TheCursedMod:NeowsMight","floor":16.0},{"not_picked":["TheCursedMod:Stretching","TheCursedMod:CursedShiv+1","TheCursedMod:RavingStaff+1"],"picked":"TheCursedMod:RapidMovement","floor":18.0},{"not_picked":["TheCursedMod:SmokeScreen","TheCursedMod:CursedShiv","TheCursedMod:TacticalStrike"],"picked":"TheCursedMod:SpitefulStrike","floor":20.0},{"not_picked":["TheCursedMod:CursedMace","TheCursedMod:Torture","TheCursedMod:RapidMovement+1"],"picked":"TheCursedMod:LuckyCharm","floor":22.0},{"not_picked":["TheCursedMod:SmokeScreen","TheCursedMod:CursedStaff+1","TheCursedMod:SoulCrush"],"picked":"TheCursedMod:Grudge","floor":23.0},{"not_picked":["TheCursedMod:Hemoplague","TheCursedMod:TacticalStrike","TheCursedMod:RavingStaff"],"picked":"TheCursedMod:CircleOfFocus+1","floor":25.0},{"not_picked":["TheCursedMod:RavingStaff","TheCursedMod:DarkBarrier","TheCursedMod:SpreadPlague"],"picked":"TheCursedMod:TroublousMinions","floor":28.0},{"not_picked":["TheCursedMod:CursedBlade","TheCursedMod:FleshFromBone+1","TheCursedMod:SpitefulStrike"],"picked":"TheCursedMod:SurpriseAttack+1","floor":31.0},{"not_picked":["TheCursedMod:CursedRelics","TheCursedMod:CollectTribute","TheCursedMod:DemonSword"],"picked":"TheCursedMod:AntiAging","floor":33.0},{"not_picked":["TheCursedMod:RavingStaff+1","TheCursedMod:Stretching","TheCursedMod:FleshFromBone"],"picked":"TheCursedMod:ManaBullet","floor":35.0},{"not_picked":["TheCursedMod:StingEye","TheCursedMod:Torture","TheCursedMod:VitalStrike"],"picked":"TheCursedMod:CircleOfCorruption+1","floor":36.0},{"not_picked":["TheCursedMod:CursedMace","TheCursedMod:RapidMovement+1","TheCursedMod:SoulCrush"],"picked":"TheCursedMod:CircleOfCorruption+1","floor":39.0},{"not_picked":["TheCursedMod:Stigma","TheCursedMod:SpitefulPlan","TheCursedMod:Hemoplague"],"picked":"TheCursedMod:CursedShiv+1","floor":40.0},{"not_picked":["TheCursedMod:RapidMovement+1","TheCursedMod:Obscuration","TheCursedMod:Stigma+1"],"picked":"TheCursedMod:CircleOfAmplification+1","floor":42.0},{"not_picked":["TheCursedMod:CursedShiv","TheCursedMod:ReleasedKnowledge","TheCursedMod:Wield+1"],"picked":"TheCursedMod:AntiAging","floor":46.0},{"not_picked":["TheCursedMod:RavingStaff+1","TheCursedMod:FleshFromBone","TheCursedMod:Torture"],"picked":"TheCursedMod:WearCloak+1","floor":48}],"player_experience":160962,"relics_obtained":[{"floor":6.0,"key":"Smiling Mask"},{"floor":9.0,"key":"Replay:Baseball"},{"floor":23.0,"key":"infinitespire:EmpoweringShard"},{"floor":26.0,"key":"Oddly Smooth Stone"},{"floor":40.0,"key":"Lantern"},{"floor":43.0,"key":"infinitespire:ShieldingShard"},{"floor":46.0,"key":"Replay:Bottled Eggs"}],"event_choices":[{"damage_healed":0.0,"max_hp_gain":0.0,"max_hp_loss":0.0,"gold_gain":0.0,"event_name":"Living Wall","player_choice":"Grow","floor":4.0,"gold_loss":0.0,"damage_taken":0.0,"cards_upgraded":["TheCursedMod:CircleOfFlame"]},{"damage_healed":0.0,"max_hp_gain":0.0,"max_hp_loss":0.0,"gold_gain":0.0,"event_name":"Golden Idol","player_choice":"Take Wound","floor":5.0,"gold_loss":0.0,"damage_taken":0.0,"relics_obtained":["Golden Idol"],"cards_obtained":["Injury"]},{"damage_healed":0.0,"max_hp_gain":0.0,"max_hp_loss":0.0,"gold_gain":100.0,"event_name":"The Joust","player_choice":"Bet on Murderer","floor":19.0,"gold_loss":50.0,"damage_taken":0.0},{"damage_healed":0.0,"max_hp_gain":0.0,"max_hp_loss":0.0,"gold_gain":0.0,"event_name":"Knowing Skull","player_choice":"CARD ","floor":21.0,"potions_obtained":[],"gold_loss":0.0,"damage_taken":12.0,"cards_obtained":["ReplayTheSpireMod:Trickstab"]},{"damage_healed":0.0,"max_hp_gain":0.0,"max_hp_loss":0.0,"gold_gain":0.0,"event_name":"Winding Halls","player_choice":"Embrace Madness","floor":47.0,"gold_loss":0.0,"damage_taken":10.0,"cards_obtained":["Madness","Madness"]}],"is_beta":false,"boss_relics":[{"not_picked":["TheCursedMod:FourLeafCloverCharm","Painkiller Herb"],"picked":"Honey Jar"},{"not_picked":["Snecko Eye","SacredBark"],"picked":"ChewingGum"}],"items_purged_floors":[],"is_endless":false,"potions_floor_spawned":[6,10,13,20,25,28,33,35,39],"ascension_level":0}}