{"host":"4xh8v5undae39mue","time":1614289279,"event":{"mods":["AchievementEnabler","BaseMod","Minty Spire (QoL Compilation)"],"gold_per_floor":[111,111,128,140,140,140,174,73,73,91,91,124,144,165,165,293,356,369,394,294,35,50,50,50],"floor_reached":23,"language":"ENG","playtime":1114,"items_purged":["Regret","Strike_G"],"score":254,"play_id":"8ad7ae93-0c9b-439f-a4ce-7d75c3cbae3e","local_time":"20210225164119","is_ascension_mode":true,"campfire_choices":[{"data":"Noxious Fumes","floor":6.0,"key":"SMITH"},{"floor":15,"key":"REST"}],"circlet_count":0,"master_deck":["Strike_G","Strike_G+1","Strike_G","Strike_G","Defend_G","Defend_G","Defend_G","Defend_G","Defend_G+1","Survivor","Neutralize","Deadly Poison+1","Backflip+1","Noxious Fumes+1","Dagger Throw","Poisoned Stab","Deadly Poison+1","Injury","Doppelganger+1","Poisoned Stab","Adrenaline+1","Blur+1","Skewer"],"relics":["Ring of the Snake","The Specimen","Sundial","Tough Bandages","Toxic Egg 2","Golden Idol","War Paint","Tiny House","Singing Bowl"],"acts_visited":["Exordium","TheCity"],"potions_floor_usage":[13,14,14,18,22],"damage_taken":[{"damage":1.0,"enemies":"Small Slimes","floor":1.0,"turns":4.0},{"damage":1.0,"enemies":"2 Louse","floor":3.0,"turns":3.0},{"damage":0.0,"enemies":"Jaw Worm","floor":4.0,"turns":4.0},{"damage":18.0,"enemies":"3 Sentries","floor":7.0,"turns":8.0},{"damage":0.0,"enemies":"Exordium Wildlife","floor":10.0,"turns":5.0},{"damage":18.0,"enemies":"Gremlin Nob","floor":12.0,"turns":3.0},{"damage":9,"enemies":"Lots of Slimes","floor":13,"turns":3},{"damage":0,"enemies":"Red Slaver","floor":14,"turns":3},{"damage":33,"enemies":"Hexaghost","floor":16,"turns":8},{"damage":1,"enemies":"3 Byrds","floor":18,"turns":4},{"damage":12,"enemies":"Chosen","floor":19,"turns":4},{"damage":5,"enemies":"Centurion and Healer","floor":22,"turns":5},{"damage":41,"enemies":"Slavers","floor":23,"turns":3}],"seed_played":"7053544333766256120","potions_obtained":[{"floor":3.0,"key":"Block Potion"},{"floor":7.0,"key":"BlessingOfTheForge"},{"floor":10.0,"key":"SneckoOil"},{"floor":13,"key":"Fire Potion"},{"floor":16,"key":"Block Potion"},{"floor":17,"key":"SmokeBomb"},{"floor":18,"key":"GhostInAJar"}],"is_trial":false,"path_per_floor":["M","?","M","M","?","R","E","$","T","M","?","E","M","M","R","B",null,"M","M","$","$","M","E"],"character_chosen":"THE_SILENT","items_purchased":["Poisoned Stab","Singing Bowl"],"campfire_rested":1,"item_purchase_floors":[8,21],"current_hp_per_floor":[62,62,61,61,61,61,43,43,43,43,43,25,16,16,34,1,53,52,40,40,40,37,0,0],"gold":50,"neow_bonus":"ONE_RARE_RELIC","is_daily":false,"chose_seed":false,"campfire_upgraded":1,"win_rate":0.0,"timestamp":1614289279,"path_taken":["M","?","M","M","?","R","E","$","T","M","?","E","?","?","R","BOSS","M","M","?","$","M","E"],"items_purchased_type":["Card","Relic"],"build_version":"2020-12-22","purchased_purges":2,"victory":false,"max_hp_per_floor":[63,63,63,63,63,63,63,63,63,63,63,63,63,63,63,63,68,68,68,68,68,70,70,70],"card_choices":[{"not_picked":["Dodge and Roll","Reflex"],"picked":"Deadly Poison","floor":1.0},{"not_picked":["Bane","Slice"],"picked":"Backflip","floor":3.0},{"not_picked":["PiercingWail","Infinite Blades"],"picked":"Noxious Fumes","floor":4.0},{"not_picked":["Blur","Eviscerate"],"picked":"Dagger Throw","floor":7.0},{"not_picked":["Escape Plan+1","Predator"],"picked":"Deadly Poison+1","floor":10.0},{"not_picked":["Acrobatics+1","Backstab","Cloak And Dagger+1"],"picked":"SKIP","floor":12.0},{"not_picked":["Blur+1","Blade Dance+1"],"picked":"Doppelganger+1","floor":13},{"not_picked":["Flying Knee","Backflip+1"],"picked":"Poisoned Stab","floor":14},{"not_picked":["Glass Knife","Malaise+1"],"picked":"Adrenaline+1","floor":16},{"not_picked":["Acrobatics+1","Dagger Spray"],"picked":"Blur+1","floor":17},{"not_picked":["Blur+1","Sucker Punch+1","Bane+1"],"picked":"SKIP","floor":18},{"not_picked":["Outmaneuver+1","Dagger Throw"],"picked":"Skewer","floor":19},{"not_picked":["Well Laid Plans","Riddle With Holes","Flying Knee"],"picked":"Singing Bowl","floor":22}],"player_experience":260102,"relics_obtained":[{"floor":7.0,"key":"Tough Bandages"},{"floor":9.0,"key":"Toxic Egg 2"},{"floor":12.0,"key":"War Paint"}],"event_choices":[{"damage_healed":0.0,"max_hp_gain":0.0,"max_hp_loss":0.0,"gold_gain":0.0,"event_name":"Living Wall","player_choice":"Grow","floor":2.0,"gold_loss":0.0,"damage_taken":0.0,"cards_upgraded":["Deadly Poison"]},{"damage_healed":0.0,"max_hp_gain":0.0,"max_hp_loss":0.0,"gold_gain":0.0,"event_name":"Big Fish","player_choice":"Box","floor":5.0,"gold_loss":0.0,"damage_taken":0.0,"relics_obtained":["Sundial"],"cards_obtained":["Regret"]},{"damage_healed":0.0,"max_hp_gain":0.0,"max_hp_loss":0.0,"gold_gain":0.0,"event_name":"Golden Idol","player_choice":"Take Wound","floor":11.0,"gold_loss":0.0,"damage_taken":0.0,"relics_obtained":["Golden Idol"],"cards_obtained":["Injury"]}],"is_beta":false,"boss_relics":[{"not_picked":["Runic Dome","Ectoplasm"],"picked":"Tiny House"}],"items_purged_floors":[8,20],"is_endless":false,"potions_floor_spawned":[3,7,10,13,16,18],"killed_by":"Slavers","ascension_level":5}}