{"host":"of8gj1gadsx6jhxl","time":1614294224,"event":{"mods":["BaseMod","Bestiary","Colored Map","Minty Spire (QoL Compilation)","Reliquary","Shop Mod","StSLib"],"gold_per_floor":[119,135,145,145,157,188,207,224,224,234,83,3,3,13,13,109,109,122,122,122],"floor_reached":19,"language":"ENG","playtime":2288,"items_purged":[],"score":182,"play_id":"ad488c0f-9489-4f0e-ab1f-3e7d978872c8","local_time":"20210225180344","is_ascension_mode":true,"campfire_choices":[{"floor":13,"key":"REST"},{"floor":15,"key":"REST"}],"circlet_count":0,"master_deck":["Strike_P","Strike_P","Defend_P","Defend_P","Defend_P","Defend_P","Eruption","Vigilance","Halt","Adaptation","Crescendo+1","DevaForm","Protect","Pray","InnerPeace","BowlingBash","ReachHeaven","Protect","Alpha","LikeWater+1"],"relics":["reliquary:KinkedSpring","Pantograph","Question Card","Vajra","Empty Cage"],"acts_visited":["Exordium","TheCity"],"potions_floor_usage":[6,6,18],"damage_taken":[{"damage":0,"enemies":"Small Slimes","floor":1,"turns":4},{"damage":18,"enemies":"Cultist","floor":2,"turns":4},{"damage":0,"enemies":"2 Louse","floor":3,"turns":3},{"damage":5,"enemies":"Looter","floor":5,"turns":3},{"damage":10,"enemies":"3 Sentries","floor":6,"turns":13},{"damage":13,"enemies":"Large Slime","floor":7,"turns":5},{"damage":2,"enemies":"Exordium Wildlife","floor":8,"turns":3},{"damage":5,"enemies":"Looter","floor":10,"turns":2},{"damage":9,"enemies":"Blue Slaver","floor":14,"turns":3},{"damage":67,"enemies":"Hexaghost","floor":16,"turns":14},{"damage":32,"enemies":"3 Byrds","floor":18,"turns":4},{"damage":69,"enemies":"Shell Parasite","floor":19,"turns":5}],"seed_played":"-6551554645328763610","potions_obtained":[{"floor":2,"key":"SpeedPotion"},{"floor":5,"key":"EssenceOfSteel"},{"floor":6,"key":"GamblersBrew"},{"floor":16,"key":"SteroidPotion"}],"is_trial":false,"path_per_floor":["M","M","M","?","M","E","M","M","T","M","$","$","R","M","R","B",null,"M","M"],"character_chosen":"WATCHER","items_purchased":["Vajra","ReachHeaven"],"campfire_rested":2,"item_purchase_floors":[11,12],"current_hp_per_floor":[72,54,54,54,49,39,26,24,24,19,19,19,40,31,52,5,72,40,0,0],"gold":122,"neow_bonus":"BOSS_RELIC","is_daily":false,"chose_seed":false,"campfire_upgraded":0,"win_rate":0.0,"timestamp":1614294224,"path_taken":["M","M","M","?","M","E","M","M","T","M","?","$","R","M","R","BOSS","M","M"],"items_purchased_type":["Relic","Card"],"build_version":"2020-12-22","purchased_purges":0,"victory":false,"max_hp_per_floor":[72,72,72,72,72,72,72,72,72,72,72,72,72,72,72,72,72,72,72,72],"card_choices":[{"not_picked":["FlurryOfBlows","FollowUp"],"picked":"Halt","floor":1},{"not_picked":["Evaluate","Halt"],"picked":"Adaptation","floor":2},{"not_picked":["Perseverance","FlyingSleeves"],"picked":"Crescendo","floor":3},{"not_picked":["BowlingBash","Nirvana"],"picked":"DevaForm","floor":5},{"not_picked":["FlyingSleeves","EmptyFist"],"picked":"Protect","floor":6},{"not_picked":["Brilliance","FearNoEvil"],"picked":"Pray","floor":7},{"not_picked":["Vengeance","Prostrate"],"picked":"InnerPeace","floor":8},{"not_picked":["EmptyFist","ClearTheMind","FollowUp"],"picked":"BowlingBash","floor":10},{"not_picked":["JustLucky","Establishment","Worship"],"picked":"Protect","floor":14},{"not_picked":["Brilliance","Omniscience","DeusExMachina"],"picked":"Alpha","floor":16},{"not_picked":["Protect","BowlingBash+1","Evaluate"],"picked":"LikeWater+1","floor":18}],"player_experience":172865,"relics_obtained":[{"floor":6,"key":"Pantograph"},{"floor":9,"key":"Question Card"}],"event_choices":[{"damage_healed":0,"gold_gain":0,"player_choice":"Forge","damage_taken":0,"max_hp_gain":0,"max_hp_loss":0,"event_name":"Accursed Blacksmith","floor":4,"gold_loss":0,"cards_upgraded":["Crescendo"]}],"is_beta":false,"boss_relics":[{"not_picked":["Snecko Eye","Runic Dome"],"picked":"Empty Cage"}],"items_purged_floors":[],"is_endless":false,"potions_floor_spawned":[2,5,6,16],"killed_by":"Shell Parasite","ascension_level":1}}