{"host":"u9xtr94typ21duox","time":1614228385,"event":{"mods":["Act Like it!","BaseMod","Downfall","Key Reminder","KinomotoSakuraMod(木之本樱)","LagranYue(拉格朗・月)","Luminous","Marisa（F雨　魔理沙）","Minty Spire (QoL Compilation)","Quick Restart","READ ME - Guardian Mod","Reimu（博丽灵梦）","Remilia（蕾米莉亚）","Replay The Spire","SIMod","SOS（斯巴达之子）","Shop Mod","StSLib","Td1madao Mod","The Administrix","The Bladedancer","The Bug Knight","The Construct","The Cursed","The Gatherer","The Runesmith","The Senshi","The Servant 0.9.4","WarShipGirlsR/战舰少女R mod","Warlord Emblem","Youmu（魂魄妖梦）","[GremlinLeader]The Maniac"],"gold_per_floor":[114,114,114,114,138,174,174,214,214,233,233,276,303,326,326,326,326],"floor_reached":16,"language":"ZHS","playtime":604,"items_purged":[],"score":164,"play_id":"6d6760ca-cda8-47e3-810c-61c1fd0df1cc","local_time":"20210225124625","is_ascension_mode":true,"campfire_choices":[{"data":"theSenshi:SupersonicWaves","floor":7,"key":"SMITH"},{"data":"theSenshi:WarriorOfTheMoon","floor":11,"key":"SMITH"},{"data":"theSenshi:LateForSchool","floor":15,"key":"SMITH"}],"circlet_count":0,"master_deck":["theSenshi:SailorKick","theSenshi:SailorKick","theSenshi:SailorKick","theSenshi:SailorKick","theSenshi:SailorBlock","theSenshi:SailorBlock","theSenshi:SailorBlock","theSenshi:RoseThrow+1","theSenshi:MoonPrismPowerMakeUp","theSenshi:OdangoHead+1","theSenshi:SupersonicWaves+1","theSenshi:WarriorOfTheMoon+1","theSenshi:LateForSchool+1"],"relics":["theSenshi:TransformationBroochRelic","LagranYue:RandomDrawCardRelic","NeowsBlessing","Golden Idol","Chameleon Ring","Replay:Accelerometer","keyreminder:keyreminder","Replay:Bottled Snecko","Blue Doll"],"acts_visited":["Exordium"],"potions_floor_usage":[12,12,16],"damage_taken":[{"damage":0,"enemies":"Jaw Worm","floor":1,"turns":1},{"damage":0,"enemies":"2 Louse","floor":5,"turns":1},{"damage":0,"enemies":"Gremlin Nob","floor":6,"turns":1},{"damage":22,"enemies":"HollowMod:MossKnight","floor":8,"turns":14},{"damage":0,"enemies":"Cultist","floor":10,"turns":2},{"damage":8,"enemies":"Lagavulin","floor":12,"turns":6},{"damage":17,"enemies":"Gremlin Gang","floor":14,"turns":6},{"damage":10,"enemies":"Hexaghost","floor":16,"turns":9}],"seed_played":"-866437880977018021","potions_obtained":[{"floor":6,"key":"Dexterity Potion"},{"floor":8,"key":"champ:CounterPotion"},{"floor":12,"key":"Fire Potion"}],"is_trial":false,"path_per_floor":["M","?","?","?","M","E","R","E","T","M","R","E","T","M","R","B"],"character_chosen":"THE_SENSHI","items_purchased":[],"campfire_rested":0,"item_purchase_floors":[],"current_hp_per_floor":[75,75,75,57,57,57,57,35,35,35,35,27,27,10,10,0,0],"gold":326,"neow_bonus":"THREE_ENEMY_KILL","is_daily":false,"chose_seed":false,"campfire_upgraded":3,"win_rate":0.0,"timestamp":1614228385,"path_taken":["M","?","?","?","M","E","R","E","T","M","R","E","?","?","R","BOSS"],"items_purchased_type":[],"build_version":"2020-12-22","purchased_purges":0,"victory":false,"max_hp_per_floor":[75,75,75,75,75,75,75,75,75,75,75,75,75,75,75,75,75],"card_choices":[{"not_picked":["theSenshi:EncouragingSpeech","theSenshi:SailorJupiterAssists","theSenshi:MoonPower"],"picked":"SKIP","floor":1},{"not_picked":["theSenshi:MoonPrincessHalation","theSenshi:TuxedoSmokingBomber"],"picked":"theSenshi:SupersonicWaves","floor":5},{"not_picked":["theSenshi:CrisisMakeUp","theSenshi:NeptunesGrace","theSenshi:SailorMercuryAssists"],"picked":"SKIP","floor":6},{"not_picked":["theSenshi:CrisisMakeUp","theSenshi:NeptunesGrace","theSenshi:SailorMercuryAssists"],"picked":"SKIP","floor":6},{"not_picked":["theSenshi:MoonPunch","theSenshi:MoonPrincessHalation","theSenshi:OdangoHead"],"picked":"SKIP","floor":8},{"not_picked":["theSenshi:MoonKick","theSenshi:SailorMarsAssists"],"picked":"theSenshi:WarriorOfTheMoon","floor":10},{"not_picked":["theSenshi:FatedKiss","theSenshi:SailorStarFighterAssists"],"picked":"theSenshi:LateForSchool","floor":12},{"not_picked":["theSenshi:MarsPride","theSenshi:MoonPunch","theSenshi:TuxedoSmokingBomber"],"picked":"SKIP","floor":14}],"player_experience":418084,"relics_obtained":[{"floor":6,"key":"Chameleon Ring"},{"floor":8,"key":"Replay:Accelerometer"},{"floor":12,"key":"Replay:Bottled Snecko"},{"floor":13,"key":"Blue Doll"}],"event_choices":[{"damage_healed":0,"gold_gain":0,"player_choice":"Grow","damage_taken":0,"max_hp_gain":0,"max_hp_loss":0,"event_name":"Living Wall","floor":2,"gold_loss":0,"cards_upgraded":["theSenshi:RoseThrow"]},{"damage_healed":0,"gold_gain":0,"player_choice":"Take Damage","damage_taken":18,"relics_obtained":["Golden Idol"],"max_hp_gain":0,"max_hp_loss":0,"event_name":"Golden Idol","floor":4,"gold_loss":0}],"is_beta":false,"boss_relics":[],"items_purged_floors":[],"is_endless":false,"potions_floor_spawned":[6,8,12],"killed_by":"Hexaghost","ascension_level":3}}