{"host":"v7nip9mocme4em3v","time":1614286526,"event":{"mods":["BaseMod","BetterRewards","Minty Spire (QoL Compilation)","Quick Restart","StSLib"],"gold_per_floor":[109,122,139,24,34,34,59,59,59,59,79,114,114,139,139,244,244,261,261,273,287,305,305,331,345,395,405,16,26,26,26,26,130,130,146,160,35,49,49,49,61,92,116,135,0,20,20,39,39,39,39],"floor_reached":50,"language":"ENG","playtime":4262,"items_purged":["Strike_R","Strike_R","Strike_R"],"score":593,"play_id":"b1a57541-8ffd-4cf4-8685-45822595b11a","local_time":"20210225125526","is_ascension_mode":false,"campfire_choices":[{"data":"Cleave","floor":6,"key":"SMITH"},{"data":"Infernal Blade","floor":8,"key":"SMITH"},{"data":"Uppercut","floor":13,"key":"SMITH"},{"data":"Rupture","floor":15,"key":"SMITH"},{"floor":23,"key":"REST"},{"data":"Barricade","floor":30,"key":"SMITH"},{"data":"Flame Barrier","floor":32,"key":"SMITH"},{"data":"Shrug It Off","floor":40,"key":"SMITH"},{"floor":49,"key":"REST"}],"circlet_count":0,"master_deck":["Strike_R","Strike_R","Defend_R","Defend_R","Defend_R+1","Defend_R","Bash+1","Cleave+1","Shrug It Off+1","Inflame","Uppercut+1","Flame Barrier+1","Infernal Blade+1","Anger","Battle Trance+1","Rupture+1","Offering","Bloodletting","Clothesline","Twin Strike","Barricade+1","Shrug It Off+1","Intimidate+1","Flame Barrier+1","Warcry+1","Demon Form","Flame Barrier+1","Infernal Blade+1","Metallicize","Flame Barrier+1"],"relics":["Black Blood","Matryoshka","Nunchaku","Bottled Lightning","Shuriken","Meat on the Bone","PreservedInsect","Bag of Preparation","War Paint","Toxic Egg 2","Runic Pyramid","Paper Frog","Oddly Smooth Stone","Red Mask"],"acts_visited":["Exordium","TheCity","TheBeyond"],"potions_floor_usage":[5,22,24,33,42,42,50,50,50],"damage_taken":[{"damage":1,"enemies":"Cultist","floor":1,"turns":3},{"damage":4,"enemies":"Small Slimes","floor":2,"turns":3},{"damage":7,"enemies":"Jaw Worm","floor":3,"turns":3},{"damage":10,"enemies":"Exordium Thugs","floor":5,"turns":3},{"damage":27,"enemies":"Gremlin Nob","floor":7,"turns":4},{"damage":0,"enemies":"Blue Slaver","floor":11,"turns":3},{"damage":9,"enemies":"3 Sentries","floor":12,"turns":4},{"damage":11,"enemies":"Lagavulin","floor":14,"turns":4},{"damage":0,"enemies":"Slime Boss","floor":16,"turns":6},{"damage":20,"enemies":"Spheric Guardian","floor":18,"turns":4},{"damage":13,"enemies":"Shell Parasite","floor":20,"turns":6},{"damage":16,"enemies":"3 Cultists","floor":21,"turns":4},{"damage":43,"enemies":"Shelled Parasite and Fungi","floor":22,"turns":5},{"damage":56,"enemies":"Slavers","floor":24,"turns":6},{"damage":19,"enemies":"Centurion and Healer","floor":25,"turns":5},{"damage":17,"enemies":"Chosen and Byrds","floor":27,"turns":8},{"damage":3,"enemies":"Snake Plant","floor":29,"turns":2},{"damage":58,"enemies":"Automaton","floor":33,"turns":10},{"damage":24,"enemies":"3 Darklings","floor":35,"turns":8},{"damage":33,"enemies":"Orb Walker","floor":36,"turns":4},{"damage":9,"enemies":"4 Shapes","floor":38,"turns":8},{"damage":27,"enemies":"3 Darklings","floor":41,"turns":7},{"damage":36,"enemies":"Nemesis","floor":42,"turns":6},{"damage":41,"enemies":"Sphere and 2 Shapes","floor":44,"turns":8},{"damage":32,"enemies":"Spire Growth","floor":46,"turns":6},{"damage":15,"enemies":"Jaw Worm Horde","floor":48,"turns":7},{"damage":77,"enemies":"Donu and Deca","floor":50,"turns":10}],"seed_played":"-1618493143261937109","potions_obtained":[{"floor":1,"key":"SneckoOil"},{"floor":5,"key":"BloodPotion"},{"floor":11,"key":"HeartOfIron"},{"floor":14,"key":"BlessingOfTheForge"},{"floor":18,"key":"PowerPotion"},{"floor":25,"key":"Regen Potion"},{"floor":27,"key":"Strength Potion"},{"floor":36,"key":"BloodPotion"},{"floor":42,"key":"SpeedPotion"},{"floor":44,"key":"SkillPotion"}],"is_trial":false,"path_per_floor":["M","M","M","$","M","R","E","R","T","?","M","E","R","E","R","B",null,"M","?","M","M","M","R","E","M","T","M","$","M","R","$","R","B",null,"M","M","$","M","?","R","M","E","T","M","?","M","?","M","R","B"],"character_chosen":"IRONCLAD","items_purchased":["Uppercut","Toxic Egg 2","Flame Barrier+1"],"campfire_rested":2,"item_purchase_floors":[4,28,28],"current_hp_per_floor":[80,80,79,79,75,75,54,54,54,80,80,77,77,72,72,78,80,72,72,71,67,48,72,56,61,61,56,56,65,65,65,65,46,80,68,59,59,62,62,62,59,63,63,46,46,38,38,47,71,0,0],"gold":39,"neow_bonus":"UPGRADE_CARD","is_daily":false,"chose_seed":false,"campfire_upgraded":7,"win_rate":0.0,"timestamp":1614286526,"path_taken":["M","M","M","$","?","R","E","R","T","?","M","E","R","E","R","BOSS","M","?","M","M","?","R","E","M","T","M","$","M","R","?","R","BOSS","M","M","$","M","?","R","?","E","T","M","?","M","?","M","R","BOSS"],"items_purchased_type":["Card","Relic","Card"],"build_version":"2020-12-22","purchased_purges":3,"victory":false,"max_hp_per_floor":[80,80,80,80,80,80,80,80,80,80,80,80,80,80,80,80,80,80,80,80,80,80,80,80,80,80,80,80,80,80,80,80,80,80,80,80,80,80,80,80,80,80,80,80,80,80,80,80,80,80,80],"card_choices":[{"not_picked":["Sever Soul","Metallicize"],"picked":"Cleave","floor":1},{"not_picked":["Blood for Blood","Armaments"],"picked":"Shrug It Off","floor":2},{"not_picked":["Anger","True Grit"],"picked":"Inflame","floor":3},{"not_picked":["Anger","Headbutt"],"picked":"Flame Barrier","floor":5},{"not_picked":["Warcry","Flex"],"picked":"Infernal Blade","floor":7},{"not_picked":["Iron Wave","Warcry"],"picked":"Anger","floor":11},{"not_picked":["Rampage","Rupture"],"picked":"Battle Trance","floor":12},{"not_picked":["Power Through","Brutality"],"picked":"Rupture","floor":14},{"not_picked":["Bludgeon","Barricade"],"picked":"Offering","floor":16},{"not_picked":["Searing Blow+1","Perfected Strike"],"picked":"Bloodletting","floor":18},{"not_picked":["Infernal Blade","Headbutt"],"picked":"Clothesline","floor":20},{"not_picked":["Dark Embrace+1","Warcry"],"picked":"Twin Strike","floor":21},{"not_picked":["Second Wind","Thunderclap","Battle Trance"],"picked":"SKIP","floor":22},{"not_picked":["Disarm","Power Through"],"picked":"Barricade","floor":24},{"not_picked":["Rampage","Body Slam"],"picked":"Shrug It Off+1","floor":25},{"not_picked":["Shrug It Off","Dropkick"],"picked":"Intimidate+1","floor":27},{"not_picked":["Anger+1","Clash"],"picked":"Warcry+1","floor":29},{"not_picked":["Offering+1","Double Tap+1"],"picked":"Demon Form","floor":33},{"not_picked":["Warcry+1","Rampage","Pommel Strike"],"picked":"SKIP","floor":35},{"not_picked":["Headbutt+1","Iron Wave"],"picked":"Flame Barrier+1","floor":36},{"not_picked":["Ghostly Armor+1","Pummel","Clash+1"],"picked":"SKIP","floor":38},{"not_picked":["Perfected Strike+1","Clash","Shrug It Off+1"],"picked":"SKIP","floor":41},{"not_picked":["Battle Trance+1","Shrug It Off+1"],"picked":"Infernal Blade+1","floor":42},{"not_picked":["Cleave","Armaments+1"],"picked":"Metallicize","floor":44},{"not_picked":["Whirlwind","Cleave+1","Clash"],"picked":"SKIP","floor":46},{"not_picked":["Flex+1","Battle Trance+1","Searing Blow"],"picked":"SKIP","floor":48}],"player_experience":4535,"relics_obtained":[{"floor":7,"key":"Matryoshka"},{"floor":9,"key":"Nunchaku"},{"floor":9,"key":"Bottled Lightning"},{"floor":12,"key":"Shuriken"},{"floor":14,"key":"Meat on the Bone"},{"floor":24,"key":"PreservedInsect"},{"floor":26,"key":"Bag of Preparation"},{"floor":26,"key":"War Paint"},{"floor":42,"key":"Paper Frog"},{"floor":43,"key":"Oddly Smooth Stone"}],"event_choices":[{"damage_healed":26,"gold_gain":0,"player_choice":"Banana","damage_taken":0,"max_hp_gain":0,"max_hp_loss":0,"event_name":"Big Fish","floor":10,"gold_loss":0},{"damage_healed":0,"gold_gain":0,"player_choice":"Got Potions","damage_taken":0,"max_hp_gain":0,"max_hp_loss":0,"event_name":"Lab","floor":19,"gold_loss":0},{"damage_healed":0,"gold_gain":0,"player_choice":"0 cards matched","damage_taken":0,"max_hp_gain":0,"max_hp_loss":0,"event_name":"Match and Keep!","floor":39,"gold_loss":0,"cards_obtained":[]},{"damage_healed":0,"gold_gain":0,"player_choice":"Paid","damage_taken":0,"relics_obtained":["Red Mask"],"max_hp_gain":0,"max_hp_loss":0,"event_name":"Tomb of Lord Red Mask","floor":45,"gold_loss":135},{"damage_healed":0,"gold_gain":0,"player_choice":"Copied","damage_taken":0,"max_hp_gain":0,"max_hp_loss":0,"event_name":"Duplicator","floor":47,"gold_loss":0,"cards_obtained":["Flame Barrier"]}],"is_beta":false,"boss_relics":[{"not_picked":["Fusion Hammer","SacredBark"],"picked":"Black Blood"},{"not_picked":["Coffee Dripper","Runic Dome"],"picked":"Runic Pyramid"}],"items_purged_floors":[4,28,37],"is_endless":false,"potions_floor_spawned":[1,5,11,14,18,25,27,29,36,42,44],"killed_by":"Donu and Deca","ascension_level":0}}