{"host":"6wux4armhsntp4yb","time":1614240158,"event":{"mods":["BaseMod","Colored Map","DeckTracker","Minty Spire (QoL Compilation)","Relic Stats"],"gold_per_floor":[12,12,32,82,102,102,135,160,160,160,160,160,26,26,26,26,26],"floor_reached":16,"language":"JPN","playtime":514,"items_purged":[],"score":196,"play_id":"ee511534-65ec-4e44-942e-1b24d22819c9","local_time":"20210225170238","is_ascension_mode":true,"campfire_choices":[{"data":"Crippling Poison","floor":6.0,"key":"SMITH"},{"data":"Terror","floor":10.0,"key":"SMITH"},{"data":"Neutralize","floor":12.0,"key":"SMITH"},{"data":"Eviscerate","floor":15,"key":"SMITH"}],"circlet_count":0,"master_deck":["AscendersBane","Strike_G","Strike_G","Strike_G","Strike_G","Strike_G","Defend_G","Defend_G","Defend_G","Defend_G","Defend_G","Survivor","Neutralize+1","Quick Slash","Terror+1","Crippling Poison+1","Reflex","Eviscerate+1","Footwork","Acrobatics"],"relics":["Ring of the Snake","Bird Faced Urn","Golden Idol","StrikeDummy","HornCleat","CultistMask"],"acts_visited":["Exordium"],"potions_floor_usage":[],"damage_taken":[{"damage":0.0,"enemies":"2 Louse","floor":1.0,"turns":4.0},{"damage":0.0,"enemies":"Cultist","floor":3.0,"turns":3.0},{"damage":6.0,"enemies":"Small Slimes","floor":5.0,"turns":5.0},{"damage":48.0,"enemies":"3 Sentries","floor":7.0,"turns":14.0},{"damage":1.0,"enemies":"Looter","floor":8.0,"turns":4.0},{"damage":9,"enemies":"Hexaghost","floor":16,"turns":7}],"seed_played":"3814707419705025932","potions_obtained":[{"floor":1.0,"key":"SpeedPotion"}],"is_trial":false,"path_per_floor":["M","?","M","?","M","R","E","M","T","R","$","R","$","?","R","B"],"character_chosen":"THE_SILENT","items_purchased":["Footwork","Acrobatics"],"campfire_rested":0,"item_purchase_floors":[13,13],"current_hp_per_floor":[59,59,59,59,53,53,5,4,4,4,4,4,4,4,4,0,0],"gold":26,"neow_bonus":"ONE_RARE_RELIC","is_daily":false,"chose_seed":false,"campfire_upgraded":4,"win_rate":0.0,"timestamp":1614240158,"path_taken":["M","?","M","?","?","R","E","M","T","R","$","R","$","?","R","BOSS"],"items_purchased_type":["Card","Card"],"build_version":"2020-12-22","purchased_purges":0,"victory":false,"max_hp_per_floor":[66,60,60,60,60,60,60,60,60,60,60,60,60,60,60,60,60],"relic_stats":{"counters":[6,37],"Golden Idol":20,"Bird Faced Urn":[2],"obtain_stats":[{"HornCleat":9,"Golden Idol":2,"Bird Faced Urn":0,"CultistMask":14,"StrikeDummy":7,"Ring of the Snake":0},{"HornCleat":5,"Golden Idol":1,"Bird Faced Urn":0,"CultistMask":5,"StrikeDummy":4,"Ring of the Snake":0},{"HornCleat":30,"Golden Idol":4,"Bird Faced Urn":0,"CultistMask":30,"StrikeDummy":26,"Ring of the Snake":0}],"Ring of the Snake":[12]},"card_choices":[{"not_picked":["Accuracy","Prepared"],"picked":"Quick Slash","floor":1.0},{"not_picked":["Finisher","Slice"],"picked":"Terror","floor":3.0},{"not_picked":["Deflect","Reflex"],"picked":"Crippling Poison","floor":5.0},{"not_picked":["Choke","Concentrate"],"picked":"Reflex","floor":7.0},{"not_picked":["Slice","Deadly Poison"],"picked":"Eviscerate","floor":8.0}],"player_experience":5924468,"relics_obtained":[{"floor":7.0,"key":"StrikeDummy"},{"floor":9.0,"key":"HornCleat"}],"event_choices":[{"damage_healed":0.0,"max_hp_gain":0.0,"max_hp_loss":6.0,"gold_gain":0.0,"event_name":"Golden Idol","player_choice":"Lose Max HP","floor":2.0,"gold_loss":0.0,"damage_taken":0.0,"relics_obtained":["Golden Idol"]},{"damage_healed":0.0,"max_hp_gain":0.0,"max_hp_loss":0.0,"gold_gain":50.0,"event_name":"Golden Shrine","player_choice":"Pray","floor":4.0,"gold_loss":0.0,"damage_taken":0.0},{"damage_healed":0,"gold_gain":0,"player_choice":"Trade","damage_taken":0,"relics_obtained":["CultistMask"],"max_hp_gain":0,"max_hp_loss":0,"event_name":"FaceTrader","floor":14,"gold_loss":0}],"is_beta":false,"boss_relics":[],"items_purged_floors":[],"is_endless":false,"potions_floor_spawned":[1],"killed_by":"Hexaghost","ascension_level":20}}