{"host":"cjhtzh7tp54jdfyv","time":1614274402,"event":{"mods":["AchievementEnabler","BaseMod","Colored Map","Colored Powertips","Curses Come First","DeckTracker","Filter the Spire","Minty Spire (QoL Compilation)","RNG Fix","Relic Sorter","Relic Stats","StSLib","UnlockEverythingMod","ojb\u0027s Better Paths Mod","ojb\u0027s Info Mod"],"gold_per_floor":[99,99,99,99,99,99,99,99,99,99,99,99,99,99,99,99,99,99,99,99,99,24,24,24,24,24,24,24,24,24,24,24,24,24,24,24,24,24,24,24,24,24,24,24,24,24,24,24,24,24,24,24,24,24,24,24],"floor_reached":57,"language":"JPN","playtime":5970,"items_purged":[],"score":3519,"play_id":"8d3cc279-e044-42e0-991d-8ccb14a47313","local_time":"20210225123322","is_ascension_mode":true,"campfire_choices":[{"data":"FlurryOfBlows","floor":7.0,"key":"SMITH"},{"data":"Adaptation","floor":15.0,"key":"SMITH"},{"data":"Scrawl","floor":23.0,"key":"SMITH"},{"data":"Tantrum","floor":32.0,"key":"SMITH"},{"floor":41.0,"key":"RECALL"},{"floor":46.0,"key":"REST"},{"floor":49.0,"key":"REST"},{"floor":53.0,"key":"REST"}],"circlet_count":0,"master_deck":["AscendersBane","Strike_P+1","Strike_P","Strike_P","Strike_P+1","Defend_P+1","Defend_P+1","Eruption+1","Vigilance+1","FollowUp+1","FlurryOfBlows+1","JustLucky+1","Adaptation+1","CutThroughFate+1","EmptyBody+1","Scrawl+1","Tantrum+1","Halt","FlurryOfBlows","SashWhip+1","LessonLearned","JustLucky+1","InnerPeace+1","Scrawl+1","EmptyMind","Halt","Meditate","Madness+1","Madness","Sanctity+1","Wireheading+1","JustLucky+1","JustLucky"],"relics":["Ectoplasm","Juzu Bracelet","Oddly Smooth Stone","Yang","Singing Bowl","Runic Pyramid","Dream Catcher","Ginger","Unceasing Top","PreservedInsect","Fusion Hammer","Happy Flower","CaptainsWheel","Du-Vu Doll","Akabeko"],"acts_visited":["Exordium","TheCity","TheBeyond","TheEnding"],"potions_floor_usage":[56,56],"damage_taken":[{"damage":0.0,"enemies":"Jaw Worm","floor":1.0,"turns":3.0},{"damage":0.0,"enemies":"Cultist","floor":2.0,"turns":2.0},{"damage":7.0,"enemies":"Small Slimes","floor":3.0,"turns":2.0},{"damage":12.0,"enemies":"Exordium Wildlife","floor":5.0,"turns":4.0},{"damage":25.0,"enemies":"3 Sentries","floor":6.0,"turns":8.0},{"damage":12.0,"enemies":"Lagavulin","floor":8.0,"turns":7.0},{"damage":0.0,"enemies":"Gremlin Nob","floor":10.0,"turns":3.0},{"damage":0.0,"enemies":"Large Slime","floor":11.0,"turns":3.0},{"damage":2.0,"enemies":"Lots of Slimes","floor":14.0,"turns":3.0},{"damage":12.0,"enemies":"Hexaghost","floor":16.0,"turns":9.0},{"damage":0.0,"enemies":"Spheric Guardian","floor":18.0,"turns":2.0},{"damage":0.0,"enemies":"3 Byrds","floor":19.0,"turns":4.0},{"damage":12.0,"enemies":"Snake Plant","floor":21.0,"turns":4.0},{"damage":0.0,"enemies":"Slavers","floor":24.0,"turns":4.0},{"damage":15.0,"enemies":"Book of Stabbing","floor":27.0,"turns":3.0},{"damage":0.0,"enemies":"3 Cultists","floor":28.0,"turns":3.0},{"damage":2.0,"enemies":"Shelled Parasite and Fungi","floor":29.0,"turns":3.0},{"damage":3.0,"enemies":"Gremlin Leader","floor":30.0,"turns":3.0},{"damage":0.0,"enemies":"Automaton","floor":33.0,"turns":6.0},{"damage":0.0,"enemies":"Orb Walker","floor":35.0,"turns":3.0},{"damage":0.0,"enemies":"3 Shapes","floor":36.0,"turns":2.0},{"damage":0.0,"enemies":"Spire Growth","floor":38.0,"turns":2.0},{"damage":2.0,"enemies":"4 Shapes","floor":39.0,"turns":6.0},{"damage":0.0,"enemies":"Nemesis","floor":40.0,"turns":3.0},{"damage":0.0,"enemies":"Giant Head","floor":44.0,"turns":3.0},{"damage":0.0,"enemies":"Transient","floor":47.0,"turns":6.0},{"damage":0.0,"enemies":"Nemesis","floor":48.0,"turns":5.0},{"damage":0.0,"enemies":"Donu and Deca","floor":50.0,"turns":5.0},{"damage":0.0,"enemies":"Time Eater","floor":51.0,"turns":6.0},{"damage":0,"enemies":"Shield and Spear","floor":55,"turns":4},{"damage":37,"enemies":"The Heart","floor":56,"turns":6}],"seed_played":"-283019050628343455","potions_obtained":[{"floor":3.0,"key":"StancePotion"},{"floor":6.0,"key":"SteroidPotion"},{"floor":8.0,"key":"DuplicationPotion"},{"floor":10.0,"key":"FairyPotion"},{"floor":24.0,"key":"StancePotion"},{"floor":30.0,"key":"DuplicationPotion"},{"floor":39.0,"key":"Strength Potion"}],"is_trial":false,"path_per_floor":["M","M","M","?","M","E","R","E","T","E","M","?","?","M","R","B",null,"M","M","?","M","?","R","E","?","T","E","M","M","E","$","R","B",null,"M","M","?","M","M","E","R","?","T","E","?","R","M","E","R","B","B",null,"R","$","E","B",null],"character_chosen":"WATCHER","items_purchased":[],"campfire_rested":3,"item_purchase_floors":[],"current_hp_per_floor":[61,61,54,54,42,17,17,5,5,7,9,9,33,31,31,19,59,59,59,49,39,39,39,39,39,39,24,24,22,19,19,19,19,60,62,64,64,64,62,62,62,48,48,48,48,71,71,73,82,82,82,82,84,84,84,47],"gold":24,"neow_bonus":"BOSS_RELIC","is_daily":false,"chose_seed":false,"campfire_upgraded":4,"win_rate":0.0,"timestamp":1614274402,"path_taken":["M","M","M","?","?","E","R","E","T","E","M","?","?","M","R","BOSS","M","M","?","M","?","R","E","?","T","E","M","M","E","?","R","BOSS","M","M","?","M","M","E","R","?","T","E","?","R","M","E","R","BOSS","BOSS","R","$","E","BOSS"],"items_purchased_type":[],"build_version":"2020-12-22","purchased_purges":0,"victory":true,"max_hp_per_floor":[68,68,68,68,68,68,68,68,68,70,72,72,72,72,72,72,72,72,72,72,74,74,74,74,74,74,74,74,74,74,74,74,74,74,76,78,78,78,78,78,78,78,78,78,78,78,78,80,82,82,82,82,84,84,84,84],"relic_stats":{"Dream Catcher":3,"Singing Bowl":16,"Happy Flower":[11],"counters":[31,127],"Yang":[614],"Ectoplasm":770,"PreservedInsect":320,"Juzu Bracelet":1,"Ginger":[5],"obtain_stats":[{"Singing Bowl":10,"Happy Flower":40,"Oddly Smooth Stone":8,"Yang":9,"PreservedInsect":30,"Juzu Bracelet":6,"Ginger":26,"Akabeko":55,"Du-Vu Doll":48,"Dream Catcher":24,"CaptainsWheel":44,"Ectoplasm":0,"Fusion Hammer":34,"PureWater":0,"Unceasing Top":27,"Runic Pyramid":17},{"Singing Bowl":7,"Happy Flower":24,"Oddly Smooth Stone":6,"Yang":6,"PreservedInsect":18,"Juzu Bracelet":5,"Ginger":14,"Akabeko":30,"Du-Vu Doll":27,"Dream Catcher":14,"CaptainsWheel":25,"Ectoplasm":0,"Fusion Hammer":19,"PureWater":0,"Unceasing Top":15,"Runic Pyramid":10},{"Singing Bowl":29,"Happy Flower":92,"Oddly Smooth Stone":26,"Yang":26,"PreservedInsect":70,"Juzu Bracelet":19,"Ginger":58,"Akabeko":121,"Du-Vu Doll":106,"Dream Catcher":58,"CaptainsWheel":95,"Ectoplasm":0,"Fusion Hammer":76,"PureWater":0,"Unceasing Top":61,"Runic Pyramid":44}],"Unceasing Top":[13]},"card_choices":[{"not_picked":["Protect","ClearTheMind"],"picked":"FollowUp","floor":1.0},{"not_picked":["ClearTheMind","Protect"],"picked":"FlurryOfBlows","floor":2.0},{"not_picked":["Halt","DevaForm"],"picked":"JustLucky","floor":3.0},{"not_picked":["Crescendo","Swivel","Protect"],"picked":"SKIP","floor":5.0},{"not_picked":["Protect","FollowUp"],"picked":"Adaptation","floor":6.0},{"not_picked":["WheelKick","PathToVictory"],"picked":"CutThroughFate","floor":8.0},{"not_picked":["FollowUp","ClearTheMind","PathToVictory"],"picked":"Singing Bowl","floor":10.0},{"not_picked":["BowlingBash","MentalFortress","LikeWater"],"picked":"Singing Bowl","floor":11.0},{"not_picked":["Consecrate","Devotion"],"picked":"EmptyBody","floor":14.0},{"not_picked":["Ragnarok","ConjureBlade"],"picked":"Scrawl","floor":16.0},{"not_picked":["DeceiveReality","Halt"],"picked":"Tantrum","floor":18.0},{"not_picked":["ClearTheMind","Pray"],"picked":"Halt","floor":19.0},{"not_picked":["BattleHymn","CutThroughFate","ThirdEye"],"picked":"Singing Bowl","floor":21.0},{"not_picked":["Tantrum","CarveReality+1"],"picked":"FlurryOfBlows","floor":24.0},{"not_picked":["Consecrate","Fasting2"],"picked":"SashWhip","floor":27.0},{"not_picked":["WheelKick","CrushJoints"],"picked":"LessonLearned","floor":28.0},{"not_picked":["CrushJoints","FlurryOfBlows"],"picked":"JustLucky+1","floor":29.0},{"not_picked":["WheelKick","Study"],"picked":"InnerPeace","floor":30.0},{"not_picked":["ConjureBlade","Ragnarok"],"picked":"Scrawl","floor":33.0},{"not_picked":["FlurryOfBlows","FollowUp","ReachHeaven"],"picked":"Singing Bowl","floor":35.0},{"not_picked":["FollowUp","ClearTheMind","ForeignInfluence"],"picked":"Singing Bowl","floor":36.0},{"not_picked":["CutThroughFate","ThirdEye"],"picked":"EmptyMind","floor":38.0},{"not_picked":["Fasting2","ThirdEye"],"picked":"Halt","floor":39.0},{"not_picked":["MentalFortress","Ragnarok"],"picked":"Meditate","floor":40.0},{"not_picked":["JustLucky","PathToVictory+1"],"picked":"Sanctity+1","floor":44.0},{"not_picked":["BowlingBash+1","ThirdEye+1"],"picked":"Wireheading+1","floor":46.0},{"not_picked":["Protect","CutThroughFate"],"picked":"JustLucky+1","floor":47.0},{"not_picked":["Swivel","Pray","WreathOfFlame"],"picked":"Singing Bowl","floor":48.0},{"not_picked":["FlyingSleeves","Conclude","EmptyFist"],"picked":"Singing Bowl","floor":49.0},{"not_picked":["FollowUp","EmptyFist","Evaluate"],"picked":"Singing Bowl","floor":53.0},{"not_picked":["Establishment","Conclude+1"],"picked":"JustLucky","floor":55}],"player_experience":5162038,"relics_obtained":[{"floor":6.0,"key":"Juzu Bracelet"},{"floor":8.0,"key":"Oddly Smooth Stone"},{"floor":9.0,"key":"Yang"},{"floor":10.0,"key":"Singing Bowl"},{"floor":24.0,"key":"Dream Catcher"},{"floor":26.0,"key":"Ginger"},{"floor":27.0,"key":"Unceasing Top"},{"floor":30.0,"key":"PreservedInsect"},{"floor":40.0,"key":"Happy Flower"},{"floor":44.0,"key":"CaptainsWheel"},{"floor":48.0,"key":"Du-Vu Doll"},{"floor":55,"key":"Akabeko"}],"event_choices":[{"damage_healed":0.0,"max_hp_gain":0.0,"max_hp_loss":0.0,"gold_gain":0.0,"event_name":"Accursed Blacksmith","player_choice":"Forge","floor":4.0,"gold_loss":0.0,"damage_taken":0.0,"cards_upgraded":["Eruption"]},{"cards_removed":["Defend_P"],"damage_healed":0.0,"max_hp_gain":0.0,"max_hp_loss":0.0,"gold_gain":0.0,"event_name":"Living Wall","player_choice":"Forget","floor":12.0,"gold_loss":0.0,"damage_taken":0.0},{"damage_healed":24.0,"max_hp_gain":0.0,"max_hp_loss":0.0,"gold_gain":0.0,"event_name":"Big Fish","player_choice":"Banana","floor":13.0,"gold_loss":0.0,"damage_taken":0.0},{"damage_healed":0.0,"max_hp_gain":0.0,"max_hp_loss":0.0,"gold_gain":0.0,"event_name":"Wheel of Change","player_choice":"Damaged","floor":20.0,"gold_loss":0.0,"damage_taken":10.0},{"cards_removed":["Defend_P"],"damage_healed":0.0,"max_hp_gain":0.0,"max_hp_loss":0.0,"gold_gain":0.0,"event_name":"Beggar","player_choice":"Gave Gold","floor":22.0,"gold_loss":75.0,"damage_taken":0.0},{"damage_healed":0.0,"max_hp_gain":0.0,"max_hp_loss":0.0,"gold_gain":0.0,"event_name":"Golden Shrine","player_choice":"Ignored","floor":37.0,"gold_loss":0.0,"damage_taken":0.0},{"damage_healed":0.0,"max_hp_gain":0.0,"max_hp_loss":0.0,"gold_gain":0.0,"event_name":"Winding Halls","player_choice":"Embrace Madness","floor":42.0,"gold_loss":0.0,"damage_taken":14.0,"cards_obtained":["Madness","Madness"]},{"damage_healed":0.0,"max_hp_gain":0.0,"max_hp_loss":0.0,"gold_gain":0.0,"event_name":"SecretPortal","player_choice":"Ignored","floor":45.0,"gold_loss":0.0,"damage_taken":0.0}],"is_beta":false,"boss_relics":[{"not_picked":["Busted Crown","Cursed Key"],"picked":"Runic Pyramid"},{"not_picked":["SacredBark","VioletLotus"],"picked":"Fusion Hammer"}],"items_purged_floors":[],"is_endless":false,"potions_floor_spawned":[3,6,8,10,14,19,24,30,39,47,48,55],"ascension_level":20}}