{"host":"w2kjv12xyhtt0cv2","time":1614234743,"event":{"mods":["10 clothes from DAL","100% Spire Juice","Act Like it!","BaseMod","Colored Map","Friendly Minions","Gensokyo","GifTheSpireLib","Highlight Path","Hubris","Library of Ruina","Minty Spire (QoL Compilation)","Quick Restart","Relic Stats","Reliquary","Replay The Spire","Ring Of Destiny","Robot Space Explorer","Shop Mod","Spicy Shops","StSLib","The Dragon Tamer","UnlockEverythingMod","Waifu the Spire","[IsaacMod]以撒尖塔","[功能]功能增强和修复MOD","【功能Mod】Neow奖励","【功能Mod】聪明的最终Boss","【遗物卡牌】REMEMod","没有小屋子和绿帽子啦"],"gold_per_floor":[114,114,114,189,18,49,125,154,205,205,238,252,361,393,393,491,491,509,81,462,412,372,706,730,778,778,778,822,822,822,1244,1244,1390,1390,1420,1821,2213,2213,2621,2969,2969,3026,3026,3079,3477,3533,3533,3948,3948,4343,4343,4343,3867,3916,3946],"floor_reached":56,"language":"ZHS","playtime":3639,"items_purged":["RingOfDestiny:Strike_SU","Parasite","RingOfDestiny:DoomsdayStrike","Gensokyo:MonkeysPaw+1","RingOfDestiny:DoomsdayLava"],"score":2371,"play_id":"a761a5d1-696d-4a3e-8323-8cc273de3b54","local_time":"20210225143223","is_ascension_mode":true,"campfire_choices":[{"data":"RingOfDestiny:AngerSword","floor":10.0,"key":"SMITH"},{"data":"RingOfDestiny:Strike_SU","floor":15.0,"key":"PURGE"},{"data":"RingOfDestiny:PowerOfLaziness","floor":29.0,"key":"SMITH"},{"data":"RingOfDestiny:MaliciousBlade","floor":32.0,"key":"SMITH"},{"data":"RingOfDestiny:MaliciousBlade+1","floor":41.0,"key":"SMITH"},{"floor":47.0,"key":"RECALL"},{"floor":49.0,"key":"DIG"},{"data":"RingOfDestiny:MaliciousBlade+2","floor":52.0,"key":"SMITH"}],"circlet_count":0,"master_deck":["RingOfDestiny:MaliciousBarrier+1","RingOfDestiny:PowerOfGreed","RingOfDestiny:PowerOfEnvy","Corruption","RingOfDestiny:DoomsdayEcho+1","RingOfDestiny:AngerSword+1","RingOfDestiny:ConqueringBlade","RingOfDestiny:MaliciousBlade+3","RingOfDestiny:DoomsdayProtection","RingOfDestiny:MaliciousBarrier","RingOfDestiny:PowerOfLaziness+1","RingOfDestiny:DoomsdayEcho","RingOfDestiny:GripOfMaster","RingOfDestiny:DoomsdayProphecy","RingOfDestiny:MaliciousBarrier+1","Gensokyo:ManorOfTheDishes","RingOfDestiny:SongOfDoomsday+1","RingOfDestiny:DoomsdayLava+1","RingOfDestiny:SongOfDoomsday+1","RingOfDestiny:MaliciousBarrier+1","RingOfDestiny:DoomsdayProtection+1","RingOfDestiny:TortureBlade+1","RingOfDestiny:Doomsday+1","RingOfDestiny:SongOfDoomsday","REME_MawOfCthun","RingOfDestiny:AngerSword"],"relics":["REME_ComplimentaryCards","HushsDoor","DeadEye","Snecko Heart","hubris:Icosahedron","PageOfMercenary","Gremlin Horn","Iron Hammer","reliquary:Buckler","hubris:FunFungus","Replay:Wax Seal","Replay:Drink Me","GuppysHairball","Replay:Bandana","hubris:BundleOfHerbs","reliquary:Knoch","reliquary:BallBearing","Replay:Rubber Ducky","Du-Vu Doll","hubris:VirtuousBlindfold","hubris:Towel","reliquary:FerryPass","PageOfMountain","reliquary:TatteredRug","PreservedInsect","reliquary:Firecrackers","Happy Flower","hubris:NiceRug","Membership Card","PageOfTheSilentOrchestra","Habit","Anchor","Akabeko","Blood Vial","PageOfQueenBee"],"acts_visited":["Exordium","Gensokyo:Gensokyoer","RingOfDestiny:WisdomThrone","TheEnding"],"potions_floor_usage":[],"damage_taken":[{"damage":0.0,"enemies":"Jaw Worm","floor":1.0,"turns":2.0},{"damage":0.0,"enemies":"3 Sentries","floor":6.0,"turns":2.0},{"damage":0.0,"enemies":"Lagavulin","floor":8.0,"turns":4.0},{"damage":0.0,"enemies":"3 Sentries","floor":11.0,"turns":3.0},{"damage":0.0,"enemies":"Small Slimes","floor":12.0,"turns":1.0},{"damage":0.0,"enemies":"Gremlin Nob","floor":14.0,"turns":3.0},{"damage":0.0,"enemies":"Hexaghost","floor":16.0,"turns":3.0},{"damage":0.0,"enemies":"Gensokyo:2_Gloops","floor":18.0,"turns":1.0},{"damage":28.0,"enemies":"Gensokyo:3_Dogs","floor":20.0,"turns":1.0},{"damage":23.0,"enemies":"Gensokyo:Tenshi","floor":23.0,"turns":2.0},{"damage":0.0,"enemies":"Gensokyo:Swordslinger","floor":24.0,"turns":2.0},{"damage":0.0,"enemies":"Gensokyo:Koishi","floor":25.0,"turns":2.0},{"damage":0.0,"enemies":"Gensokyo:Tenshi","floor":28.0,"turns":1.0},{"damage":29.0,"enemies":"Gensokyo:Reisen","floor":31.0,"turns":2.0},{"damage":1.0,"enemies":"Gensokyo:Eternal_Rivals","floor":33.0,"turns":5.0},{"damage":0.0,"enemies":"3 Shapes","floor":35.0,"turns":4.0},{"damage":29.0,"enemies":"Orb Walker","floor":36.0,"turns":2.0},{"damage":28.0,"enemies":"Transient","floor":37.0,"turns":5.0},{"damage":29.0,"enemies":"3 Darklings","floor":39.0,"turns":1.0},{"damage":24.0,"enemies":"Giant Head","floor":40.0,"turns":4.0},{"damage":0.0,"enemies":"Reptomancer","floor":42.0,"turns":2.0},{"damage":0.0,"enemies":"Nemesis","floor":44.0,"turns":2.0},{"damage":29.0,"enemies":"Writhing Mass","floor":45.0,"turns":2.0},{"damage":0.0,"enemies":"Reptomancer","floor":46.0,"turns":2.0},{"damage":29.0,"enemies":"Maw","floor":48.0,"turns":4.0},{"damage":75.0,"enemies":"Time Eater","floor":50.0,"turns":25.0},{"damage":27.0,"enemies":"hubris:Merchant","floor":53.0,"turns":3.0},{"damage":0,"enemies":"Shield and Spear","floor":54,"turns":2},{"damage":0,"enemies":"LittleHush","floor":55,"turns":16}],"seed_played":"6829494040039636179","potions_obtained":[{"floor":1.0,"key":"Adrenaline Potion"},{"floor":11.0,"key":"Block Potion"},{"floor":18.0,"key":"Dexterity Potion"},{"floor":24.0,"key":"AttackPotion"},{"floor":28.0,"key":"Energy Potion"},{"floor":33.0,"key":"Regen Potion"}],"is_trial":false,"path_per_floor":["M","?","?","?","$","E","T","E","T","R","E","M","?","E","R_BF","B",null,"M","COS","M","?","?","E","M","E","T","?","E","R","?","E","R","B",null,"M","M","M","?","M","E","R","E","T","E","M","E","R","M","R_BF","B",null,"R","$","E","B",null],"character_chosen":"Summoner","items_purchased":["RingOfDestiny:AngerSword","GuppysHairball","Happy Flower","Membership Card","PageOfTheSilentOrchestra","Habit","Anchor","Akabeko","Blood Vial","REME_MawOfCthun","RingOfDestiny:AngerSword","LiquidMemories","BlessingOfTheForge"],"campfire_rested":0,"item_purchase_floors":[5,17,53,53,53,53,53,53,53,53,53,53,53],"current_hp_per_floor":[88,88,88,77,77,78,78,82,82,82,87,88,66,74,74,88,56,56,56,39,46,46,33,37,49,49,49,57,57,57,34,34,48,56,58,43,58,58,34,46,46,58,58,58,40,52,52,30,30,16,48,48,43,55,55],"gold":3946,"neow_bonus":"BOSS_RELIC","is_daily":false,"chose_seed":false,"campfire_upgraded":5,"win_rate":0.0,"timestamp":1614234743,"path_taken":["M","?","?","?","?","E","?","E","T","R","E","M","?","E","R_BF","BOSS","M","COS","?","?","?","E","M","E","T","?","E","R","?","E","R","BOSS","M","M","M","?","?","E","R","E","T","E","M","E","R","M","R_BF","BOSS","R","$","E","BOSS"],"items_purchased_type":["Card","Relic","Relic","Relic","Relic","Relic","Relic","Relic","Relic","Card","Card","Potion","Potion"],"build_version":"2020-12-22","purchased_purges":5,"victory":true,"max_hp_per_floor":[88,88,88,88,88,88,88,88,88,88,88,88,88,88,88,88,56,56,56,56,63,63,63,63,63,63,63,63,63,58,58,58,58,58,58,58,58,58,58,58,58,58,58,58,58,58,58,58,58,58,58,58,55,55,55],"relic_stats":{"Blood Vial":2,"Gremlin Horn":[29,40],"Happy Flower":[7],"counters":[29,108],"PreservedInsect":68,"obtain_stats":[{"Snecko Heart":0,"PageOfMountain":42,"Gremlin Horn":7,"reliquary:Firecrackers":49,"hubris:VirtuousBlindfold":34,"DeadEye":0,"Replay:Rubber Ducky":30,"reliquary:FerryPass":40,"Blood Vial":53,"Frozen Eye":25,"Replay:Bandana":23,"hubris:Icosahedron":3,"PageOfMercenary":6,"PageOfQueenBee":54,"reliquary:Buckler":9,"Iron Hammer":8,"hubris:FunFungus":11,"Replay:Wax Seal":14,"Replay:Drink Me":17,"KeepersGift":0,"Happy Flower":53,"reliquary:TatteredRug":44,"PreservedInsect":46,"hubris:Towel":38,"RingOfDestiny:DemonicContract":0,"Akabeko":53,"Du-Vu Doll":31,"Habit":53,"Anchor":53,"PageOfTheSilentOrchestra":53,"hubris:BundleOfHerbs":25,"reliquary:BallBearing":28,"GuppysHairball":17,"reliquary:Knoch":26,"Membership Card":53,"HushsDoor":0,"REME_ComplimentaryCards":0,"hubris:NiceRug":53},{"Snecko Heart":0,"PageOfMountain":21,"Gremlin Horn":2,"reliquary:Firecrackers":25,"hubris:VirtuousBlindfold":15,"DeadEye":0,"Replay:Rubber Ducky":13,"reliquary:FerryPass":20,"Blood Vial":27,"Frozen Eye":11,"Replay:Bandana":10,"hubris:Icosahedron":1,"PageOfMercenary":2,"PageOfQueenBee":28,"reliquary:Buckler":3,"Iron Hammer":3,"hubris:FunFungus":4,"Replay:Wax Seal":6,"Replay:Drink Me":7,"KeepersGift":0,"Happy Flower":26,"reliquary:TatteredRug":22,"PreservedInsect":24,"hubris:Towel":18,"RingOfDestiny:DemonicContract":0,"Akabeko":27,"Du-Vu Doll":14,"Habit":27,"Anchor":27,"PageOfTheSilentOrchestra":27,"hubris:BundleOfHerbs":12,"reliquary:BallBearing":13,"GuppysHairball":7,"reliquary:Knoch":12,"Membership Card":27,"HushsDoor":0,"REME_ComplimentaryCards":0,"hubris:NiceRug":27},{"Snecko Heart":0,"PageOfMountain":52,"Gremlin Horn":4,"reliquary:Firecrackers":62,"hubris:VirtuousBlindfold":34,"DeadEye":0,"Replay:Rubber Ducky":27,"reliquary:FerryPass":50,"Blood Vial":90,"Frozen Eye":24,"Replay:Bandana":22,"hubris:Icosahedron":2,"PageOfMercenary":4,"PageOfQueenBee":92,"reliquary:Buckler":8,"Iron Hammer":8,"hubris:FunFungus":11,"Replay:Wax Seal":15,"Replay:Drink Me":18,"KeepersGift":0,"Happy Flower":87,"reliquary:TatteredRug":54,"PreservedInsect":58,"hubris:Towel":45,"RingOfDestiny:DemonicContract":0,"Akabeko":90,"Du-Vu Doll":29,"Habit":90,"Anchor":90,"PageOfTheSilentOrchestra":90,"hubris:BundleOfHerbs":26,"reliquary:BallBearing":27,"GuppysHairball":18,"reliquary:Knoch":26,"Membership Card":90,"HushsDoor":0,"REME_ComplimentaryCards":0,"hubris:NiceRug":90}]},"card_choices":[{"not_picked":[],"picked":"Bomb","floor":0.0},{"not_picked":["RingOfDestiny:PowerOfEnvy","RingOfDestiny:MaliciousBlade"],"picked":"RingOfDestiny:DoomsdayEcho","floor":1.0},{"not_picked":["RingOfDestiny:PowerOfEnvy","RingOfDestiny:MaliciousBarrier"],"picked":"RingOfDestiny:ConqueringBlade","floor":6.0},{"not_picked":["RingOfDestiny:PowerOfGluttony","RingOfDestiny:ManaEnhance"],"picked":"RingOfDestiny:MaliciousBlade","floor":8.0},{"not_picked":["RingOfDestiny:DemonVanguard","RingOfDestiny:TemptingFruits"],"picked":"RingOfDestiny:DoomsdayProtection","floor":11.0},{"not_picked":["RingOfDestiny:MaliciousLeakage","RingOfDestiny:Demonic"],"picked":"RingOfDestiny:MaliciousBarrier","floor":12.0},{"not_picked":["RingOfDestiny:DemonVanguard","RingOfDestiny:EndlessDesire"],"picked":"RingOfDestiny:PowerOfLaziness","floor":13.0},{"not_picked":["RingOfDestiny:DoomsdayProtection","RingOfDestiny:TemptingFruits"],"picked":"RingOfDestiny:DoomsdayEcho","floor":13.0},{"not_picked":["RingOfDestiny:HegemonyOfDevil","RingOfDestiny:MaliciousSuppress"],"picked":"RingOfDestiny:GripOfMaster","floor":14.0},{"not_picked":["RingOfDestiny:DoomsdayRitual","RingOfDestiny:PowerOfWrath"],"picked":"RingOfDestiny:DoomsdayProphecy","floor":16.0},{"not_picked":["RingOfDestiny:DoomsdayStrike","RingOfDestiny:MaliciousRelease"],"picked":"RingOfDestiny:MaliciousBarrier+1","floor":18.0},{"not_picked":["RingOfDestiny:LazyCloak","RingOfDestiny:PowerOfGreed+1"],"picked":"RingOfDestiny:SongOfDoomsday+1","floor":20.0},{"not_picked":["RingOfDestiny:MaliciousSword+1","RingOfDestiny:GreedySummon+1","RingOfDestiny:MaskOfSuffering"],"picked":"SKIP","floor":23.0},{"not_picked":["RingOfDestiny:MaliciousBarrier","RingOfDestiny:PowerOfGreed+1"],"picked":"RingOfDestiny:DoomsdayLava","floor":24.0},{"not_picked":["RingOfDestiny:HegemonyOfDevil+1","RingOfDestiny:DoomsdayMadness","RingOfDestiny:AbyssOfDesire"],"picked":"SKIP","floor":25.0},{"not_picked":["RingOfDestiny:FairDealing","RingOfDestiny:RingOfGreed","RingOfDestiny:MaliciousBarrier"],"picked":"SKIP","floor":28.0},{"not_picked":["RingOfDestiny:PowerOfGreed+1","RingOfDestiny:RingOfGreed+1","RingOfDestiny:MaliciousBlade"],"picked":"SKIP","floor":31.0},{"not_picked":["RingOfDestiny:CrownOfPride+1","RingOfDestiny:PowerOfWrath"],"picked":"RingOfDestiny:DoomsdayLava","floor":33.0},{"not_picked":["RingOfDestiny:MemoryBlade+1","RingOfDestiny:MaskOfSuffering"],"picked":"RingOfDestiny:SongOfDoomsday+1","floor":35.0},{"not_picked":["RingOfDestiny:TemptingFruits+1","RingOfDestiny:MaskOfSuffering"],"picked":"RingOfDestiny:MaliciousBarrier+1","floor":36.0},{"not_picked":["RingOfDestiny:SoulAccumulation+1","RingOfDestiny:EnvyNecklace","RingOfDestiny:Demonic"],"picked":"SKIP","floor":37.0},{"not_picked":["RingOfDestiny:DoomsdayMeteorite","RingOfDestiny:SoulAccumulation","RingOfDestiny:MaliciousSuppress"],"picked":"SKIP","floor":39.0},{"not_picked":["RingOfDestiny:Demonic","RingOfDestiny:TemptingFruits"],"picked":"RingOfDestiny:DoomsdayProtection+1","floor":40.0},{"not_picked":["RingOfDestiny:DoomsdayMadness","RingOfDestiny:DemonVanguard"],"picked":"RingOfDestiny:TortureBlade+1","floor":42.0},{"not_picked":["RingOfDestiny:TortureBlade+1","RingOfDestiny:DoomsdayMadness+1","RingOfDestiny:DoomsdayStrike+1"],"picked":"SKIP","floor":44.0},{"not_picked":["RingOfDestiny:PowerOfArrogance","RingOfDestiny:CostOfSoul"],"picked":"RingOfDestiny:Doomsday+1","floor":45.0},{"not_picked":["RingOfDestiny:Demonic","RingOfDestiny:MaliciousConversion+1"],"picked":"RingOfDestiny:SongOfDoomsday","floor":46.0},{"not_picked":["RingOfDestiny:MaskOfSuffering","RingOfDestiny:FeastOfDoomsday","RingOfDestiny:SoulDiversion"],"picked":"SKIP","floor":48.0},{"not_picked":["RingOfDestiny:MemoryBlade"],"picked":"SKIP","floor":53},{"not_picked":["RingOfDestiny:PowerOfGluttony"],"picked":"SKIP","floor":53},{"not_picked":["RingOfDestiny:DevilKing"],"picked":"SKIP","floor":53},{"not_picked":["RingOfDestiny:SongOfDoomsday"],"picked":"SKIP","floor":53},{"not_picked":["ReplayTheSpireMod:Trickstab"],"picked":"SKIP","floor":53},{"not_picked":["RingOfDestiny:PowerOfGluttony","RingOfDestiny:Demonic+1","RingOfDestiny:RingOfGreed+1"],"picked":"SKIP","floor":54}],"player_experience":57769,"relics_obtained":[{"floor":6.0,"key":"PageOfMercenary"},{"floor":7.0,"key":"Gremlin Horn"},{"floor":8.0,"key":"Iron Hammer"},{"floor":9.0,"key":"reliquary:Buckler"},{"floor":11.0,"key":"hubris:FunFungus"},{"floor":14.0,"key":"Replay:Wax Seal"},{"floor":23.0,"key":"Replay:Bandana"},{"floor":25.0,"key":"hubris:BundleOfHerbs"},{"floor":26.0,"key":"reliquary:Knoch"},{"floor":28.0,"key":"reliquary:BallBearing"},{"floor":31.0,"key":"Du-Vu Doll"},{"floor":40.0,"key":"reliquary:FerryPass"},{"floor":42.0,"key":"PageOfMountain"},{"floor":44.0,"key":"reliquary:TatteredRug"},{"floor":46.0,"key":"PreservedInsect"},{"floor":49.0,"key":"reliquary:Firecrackers"},{"floor":54,"key":"PageOfQueenBee"}],"event_choices":[{"cards_removed":["RingOfDestiny:Strike_SU"],"damage_healed":0.0,"max_hp_gain":0.0,"max_hp_loss":0.0,"gold_gain":0.0,"event_name":"Living Wall","player_choice":"Forget","floor":2.0,"gold_loss":0.0,"damage_taken":0.0},{"damage_healed":0.0,"max_hp_gain":0.0,"max_hp_loss":0.0,"gold_gain":75.0,"event_name":"World of Goop","player_choice":"Gather Gold","floor":4.0,"gold_loss":0.0,"damage_taken":11.0}],"is_beta":false,"boss_relics":[{"not_picked":["Replay:Wanted Poster","hubris:HollowSoul"],"picked":"Replay:Drink Me"},{"not_picked":[]},{"not_picked":["Runic Pyramid","hubris:CrackedHourglass"],"picked":"hubris:VirtuousBlindfold"},{"not_picked":[]}],"items_purged_floors":[5,53,53,53,53],"is_endless":false,"potions_floor_spawned":[1,11,18,24,28,31,33,35,39,42,45,46],"ascension_level":5}}