{"host":"4gkev1dtxxhiue3x","time":1614242643,"event":{"mods":["AchievementEnabler","BaseMod","Better Altar","Better Match","Better Note","Better Sensory Stone","Better Skull","Better Third Choice","Colored Powertips","Friendly Minions","Hermit","Minty Spire (QoL Compilation)","Relic Stats","Robot Space Explorer","Shop Mod","StSLib","The Disciple","The Hierophant"],"gold_per_floor":[113,129,140,203,71,71,71,104,104,131,144,169,169,182,182,280,280,300,300,319,319,234,264,284,284,330,330,330],"floor_reached":27,"language":"ENG","playtime":1537,"items_purged":[],"score":326,"play_id":"b5dbb9a1-7425-466d-9858-823b300ff462","local_time":"20210225094403","is_ascension_mode":true,"campfire_choices":[{"data":"Hologram","floor":6,"key":"SMITH"},{"data":"Hologram","floor":15,"key":"SMITH"}],"circlet_count":0,"master_deck":["Strike_B","Strike_B","Strike_B","Strike_B","Defend_B","Defend_B","Defend_B","Defend_B","Zap","Dualcast","Gash","Streamline","Rebound","Hologram+1","Flash of Steel","Whirlwind+1","Gash","Meteor Strike","Steam","Hologram+1","Hyperbeam","Aggregate","Writhe","Gash","J.A.X.","Clumsy"],"relics":["Cursed Key","Mercury Hourglass","HornCleat","Meat on the Bone","Pocketwatch","Kunai","WarpedTongs","Empty Cage","Enchiridion","Matryoshka","Eternal Feather","The Courier","MealTicket","Blue Candle"],"acts_visited":["Exordium","TheCity"],"potions_floor_usage":[8,27,27,27],"damage_taken":[{"damage":2,"enemies":"Jaw Worm","floor":1,"turns":3},{"damage":0,"enemies":"2 Louse","floor":2,"turns":2},{"damage":1,"enemies":"Cultist","floor":3,"turns":3},{"damage":16,"enemies":"Lagavulin","floor":8,"turns":6},{"damage":4,"enemies":"Gremlin Nob","floor":10,"turns":3},{"damage":11,"enemies":"Exordium Thugs","floor":11,"turns":2},{"damage":4,"enemies":"3 Sentries","floor":12,"turns":2},{"damage":0,"enemies":"Exordium Wildlife","floor":14,"turns":1},{"damage":14,"enemies":"Hexaghost","floor":16,"turns":9},{"damage":16,"enemies":"Shell Parasite","floor":18,"turns":5},{"damage":0,"enemies":"Spheric Guardian","floor":20,"turns":3},{"damage":29,"enemies":"Slavers","floor":23,"turns":3},{"damage":19,"enemies":"Snake Plant","floor":24,"turns":4},{"damage":44,"enemies":"Book of Stabbing","floor":27,"turns":4}],"seed_played":"5635051964372856382","potions_obtained":[{"floor":1,"key":"ColorlessPotion"},{"floor":11,"key":"Explosive Potion"},{"floor":12,"key":"Explosive Potion"},{"floor":16,"key":"SpeedPotion"}],"is_trial":false,"path_per_floor":["M","M","M","?","$","R","?","E","T","E","M","E","?","M","R","B",null,"M","?","M","?","?","E","M","?","T","E"],"character_chosen":"DEFECT","items_purchased":["Hologram","Flash of Steel"],"campfire_rested":0,"item_purchase_floors":[5,5],"current_hp_per_floor":[66,66,65,65,65,65,48,32,32,40,41,49,49,49,49,47,68,52,36,48,48,48,31,24,24,24,0,0],"gold":330,"neow_bonus":"BOSS_RELIC","is_daily":false,"chose_seed":false,"campfire_upgraded":2,"win_rate":0.0,"timestamp":1614242643,"path_taken":["M","M","M","?","$","R","?","E","T","E","M","E","?","?","R","BOSS","M","?","M","?","?","E","M","?","T","E"],"items_purchased_type":["Card","Card"],"build_version":"2020-12-22","purchased_purges":0,"victory":false,"max_hp_per_floor":[75,75,75,75,75,75,75,75,75,75,75,75,75,75,75,75,75,75,75,75,75,75,75,75,75,75,75,75],"relic_stats":{"counters":[14,50],"Blue Candle":[1],"Eternal Feather":0,"MealTicket":0,"Kunai":[14],"Cursed Key":2,"obtain_stats":[{"Blue Candle":26,"Enchiridion":19,"Eternal Feather":22,"The Courier":23,"Cursed Key":0,"Empty Cage":17,"Mercury Hourglass":7,"WarpedTongs":13,"HornCleat":8,"Matryoshka":21,"MealTicket":26,"Kunai":12,"Cracked Core":0,"Meat on the Bone":9,"Pocketwatch":10},{"Blue Candle":13,"Enchiridion":10,"Eternal Feather":11,"The Courier":12,"Cursed Key":0,"Empty Cage":9,"Mercury Hourglass":3,"WarpedTongs":7,"HornCleat":4,"Matryoshka":11,"MealTicket":13,"Kunai":7,"Cracked Core":0,"Meat on the Bone":4,"Pocketwatch":5},{"Blue Candle":46,"Enchiridion":36,"Eternal Feather":39,"The Courier":42,"Cursed Key":0,"Empty Cage":31,"Mercury Hourglass":8,"WarpedTongs":21,"HornCleat":14,"Matryoshka":39,"MealTicket":46,"Kunai":21,"Cracked Core":0,"Meat on the Bone":14,"Pocketwatch":17}],"Mercury Hourglass":[129],"Meat on the Bone":84,"Pocketwatch":[21],"WarpedTongs":[29]},"card_choices":[{"not_picked":["Hello World","Compile Driver"],"picked":"Gash","floor":1},{"not_picked":["Redo","Leap"],"picked":"Streamline","floor":2},{"not_picked":["Fusion","Compile Driver"],"picked":"Rebound","floor":3},{"not_picked":["Fission","Tempest"],"picked":"Gash","floor":8},{"not_picked":["Redo","Force Field"],"picked":"Meteor Strike","floor":10},{"not_picked":["Ball Lightning","Beam Cell"],"picked":"Steam","floor":11},{"not_picked":["Ball Lightning","Conserve Battery"],"picked":"Hologram","floor":12},{"not_picked":["Stack","Defragment","Rebound"],"picked":"SKIP","floor":14},{"not_picked":["Buffer","Biased Cognition"],"picked":"Hyperbeam","floor":16},{"not_picked":["Redo","Barrage"],"picked":"Aggregate","floor":18},{"not_picked":["Chaos+1","Stack","Loop"],"picked":"SKIP","floor":20},{"not_picked":["Redo","Compile Driver","Recycle"],"picked":"SKIP","floor":23},{"not_picked":["Stack","Steam Power"],"picked":"Gash","floor":24}],"player_experience":284743,"relics_obtained":[{"floor":8,"key":"HornCleat"},{"floor":9,"key":"Meat on the Bone"},{"floor":10,"key":"Pocketwatch"},{"floor":12,"key":"Kunai"},{"floor":19,"key":"Enchiridion"},{"floor":23,"key":"The Courier"},{"floor":26,"key":"MealTicket"},{"floor":26,"key":"Blue Candle"}],"event_choices":[{"damage_healed":0,"gold_gain":63,"player_choice":"Gained Gold","damage_taken":0,"max_hp_gain":0,"max_hp_loss":0,"event_name":"Golden Wing","floor":4,"gold_loss":0},{"damage_healed":0,"gold_gain":0,"player_choice":"Rummage","damage_taken":0,"relics_obtained":["WarpedTongs"],"max_hp_gain":0,"max_hp_loss":0,"event_name":"Accursed Blacksmith","floor":13,"gold_loss":0,"cards_obtained":["Pain"]},{"damage_healed":0,"gold_gain":0,"player_choice":"Obtained Book","damage_taken":16,"max_hp_gain":0,"max_hp_loss":0,"event_name":"Cursed Tome","floor":19,"gold_loss":0},{"damage_healed":0,"gold_gain":0,"player_choice":"Opened","damage_taken":0,"relics_obtained":["Matryoshka"],"max_hp_gain":0,"max_hp_loss":0,"event_name":"The Mausoleum","floor":21,"gold_loss":0,"cards_obtained":["Writhe"]},{"damage_healed":0,"gold_gain":0,"player_choice":"Obtained Relic","damage_taken":0,"relics_obtained":["Eternal Feather"],"max_hp_gain":0,"max_hp_loss":0,"event_name":"Addict","floor":22,"gold_loss":85},{"damage_healed":0,"gold_gain":0,"player_choice":"Obtain J.A.X.","damage_taken":0,"max_hp_gain":0,"max_hp_loss":0,"event_name":"Drug Dealer","floor":25,"gold_loss":0,"cards_obtained":["J.A.X."]}],"is_beta":false,"boss_relics":[{"not_picked":["Snecko Eye","Ectoplasm"],"picked":"Empty Cage"}],"items_purged_floors":[],"is_endless":false,"potions_floor_spawned":[1,11,12,16,18],"killed_by":"Book of Stabbing","ascension_level":6}}