{"host":"1mv6gj0zv8k9e9tz","time":1614253081,"event":{"mods":["AchievementEnabler","BaseMod","Better Third Choice","Colored Map","DeckTracker","Highlight Path","KOR Keyword Fix","Keyboard Shortcuts","Minty Spire (QoL Compilation)","Permanent Neow","Quick Restart","Rare Cards Sparkle","StSLib","SuperFastMode","everything is the same but u backflip on backflip"],"gold_per_floor":[114,289,304,319,334,349,393,393,393,393,423,438,453,468,468,568,568,583,682,697,712,727,757,772,802,814,841,488,503,503,518,518,618,618,633,633,633,633,648,648,678,386,386,386,386,48,72,96,96,96],"floor_reached":51,"language":"KOR","playtime":778,"items_purged":[],"score":1025,"play_id":"19340de9-62aa-46ac-a93e-faa6b3d5ef5e","local_time":"20210225203801","daily_mods":["Insanity","Colorless Cards","Night Terrors"],"is_ascension_mode":false,"campfire_choices":[{"data":"Mind Blast","floor":8.0,"key":"SMITH"},{"data":"Mind Blast","floor":10.0,"key":"SMITH"},{"data":"1","floor":15.0,"key":"LIFT"},{"data":"2","floor":30.0,"key":"LIFT"},{"data":"3","floor":32.0,"key":"LIFT"},{"data":"Apotheosis","floor":40.0,"key":"SMITH"},{"data":"Double Energy","floor":44,"key":"SMITH"},{"data":"Stack","floor":49,"key":"SMITH"}],"circlet_count":0,"master_deck":["Streamline+1","Hologram+1","Redo+1","Ball Lightning+1","Leap+1","Gash+1","Barrage+1","Hello World+1","Blizzard+1","Undo+1","Turbo+1","Undo+1","Bandage Up+1","Streamline+1","BootSequence+1","Glacier+1","Stack+1","Gash+1","Ball Lightning+1","Turbo+1","Gash+1","Turbo+1","Beam Cell+1","Trip+1","Redo+1","Jack Of All Trades+1","Ball Lightning+1","Coolheaded+1","Hologram+1","Leap+1","Doom and Gloom+1","Hologram+1","Coolheaded+1","Ball Lightning+1","Rebound+1","Self Repair+1","Streamline+1","Skim+1","Loop+1","Blizzard+1","Mind Blast+1","Barrage+1","Beam Cell+1","Rebound+1","Streamline+1","FTL+1","Scrape+1","Loop+1","Streamline+1","Conserve Battery+1","Doubt","Hologram+1","Coolheaded+1","Mind Blast+1","Conserve Battery+1","Glacier+1","Conserve Battery+1","Dark Shackles+1","Secret Technique+1","CurseOfTheBell","Dark Shackles+1","Leap+1","Hologram+1","Go for the Eyes+1","Stack+1","Hologram+1","Stack+1","Trip+1","Apotheosis+1","Trip+1","Hologram+1","PanicButton+1","Seek+1","Impatience+1","Apotheosis+1","Conserve Battery+1","Finesse+1","White Noise+1","Coolheaded+1","Finesse+1","Hologram+1","Double Energy+1","Panacea+1","Echo Form","Hologram","Hologram","Stack+1"],"relics":["Cracked Core","Girya","Pantograph","MealTicket","Calling Bell","Centennial Puzzle","Matryoshka","TungstenRod","Oddly Smooth Stone","MawBank","Pear","Question Card","Membership Card","Bronze Scales","Nuclear Battery","Mummified Hand","CeramicFish","Orrery","Ornamental Fan","Potion Belt","Lizard Tail","Mark of the Bloom","Mercury Hourglass","Runic Capacitor"],"acts_visited":["Exordium","TheCity","TheBeyond"],"potions_floor_usage":[],"damage_taken":[{"damage":0.0,"enemies":"2 Louse","floor":1.0,"turns":2.0},{"damage":0.0,"enemies":"Small Slimes","floor":3.0,"turns":1.0},{"damage":0.0,"enemies":"Jaw Worm","floor":4.0,"turns":1.0},{"damage":0.0,"enemies":"Large Slime","floor":5.0,"turns":2.0},{"damage":0.0,"enemies":"2 Fungi Beasts","floor":6.0,"turns":2.0},{"damage":0.0,"enemies":"Gremlin Nob","floor":7.0,"turns":2.0},{"damage":2.0,"enemies":"3 Sentries","floor":11.0,"turns":3.0},{"damage":0.0,"enemies":"Lots of Slimes","floor":12.0,"turns":3.0},{"damage":0.0,"enemies":"Blue Slaver","floor":13.0,"turns":1.0},{"damage":0.0,"enemies":"3 Louse","floor":14.0,"turns":2.0},{"damage":29.0,"enemies":"Hexaghost","floor":16.0,"turns":5.0},{"damage":0.0,"enemies":"Chosen","floor":18.0,"turns":1.0},{"damage":0.0,"enemies":"2 Thieves","floor":20.0,"turns":1.0},{"damage":0.0,"enemies":"Sentry and Sphere","floor":21.0,"turns":1.0},{"damage":0.0,"enemies":"Shelled Parasite and Fungi","floor":22.0,"turns":3.0},{"damage":0.0,"enemies":"Gremlin Leader","floor":23.0,"turns":1.0},{"damage":0.0,"enemies":"3 Cultists","floor":24.0,"turns":3.0},{"damage":1.0,"enemies":"Slavers","floor":25.0,"turns":2.0},{"damage":0.0,"enemies":"Chosen and Byrds","floor":27.0,"turns":2.0},{"damage":0.0,"enemies":"Snecko","floor":29.0,"turns":1.0},{"damage":0.0,"enemies":"Centurion and Healer","floor":31.0,"turns":1.0},{"damage":8.0,"enemies":"Automaton","floor":33.0,"turns":5.0},{"damage":0.0,"enemies":"3 Darklings","floor":35.0,"turns":2.0},{"damage":0.0,"enemies":"3 Shapes","floor":39.0,"turns":2.0},{"damage":0.0,"enemies":"Reptomancer","floor":41.0,"turns":1.0},{"damage":0,"enemies":"Jaw Worm Horde","floor":47,"turns":2},{"damage":0,"enemies":"Writhing Mass","floor":48,"turns":1},{"damage":9,"enemies":"Donu and Deca","floor":50,"turns":4}],"seed_played":"3523290589944034342","potions_obtained":[{"floor":3.0,"key":"LiquidBronze"},{"floor":4.0,"key":"Block Potion"},{"floor":5.0,"key":"Ancient Potion"},{"floor":11.0,"key":"Explosive Potion"},{"floor":16.0,"key":"Regen Potion"},{"floor":20.0,"key":"LiquidMemories"},{"floor":27.0,"key":"Strength Potion"}],"is_trial":false,"path_per_floor":["M","?","M","M","M","M","?","R","T","R","E","M","M","M","R","B",null,"M","?","M","M","M","E","M","E","T","M","$","M","R","M","R","B",null,"M","?","?","?","M","R","E","$","T","R","?","$","M","M","R","B",null],"character_chosen":"DEFECT","items_purchased":["Membership Card","Bronze Scales","Apotheosis","Trip","CeramicFish","Orrery","Double Energy","Panacea","Ornamental Fan","Mercury Hourglass","Runic Capacitor","Echo Form","Hologram","Regen Potion","FearPotion"],"campfire_rested":0,"item_purchase_floors":[28,28,28,28,42,42,42,42,42,46,46,46,46,46,46],"current_hp_per_floor":[75,75,75,75,75,75,75,75,75,75,73,73,73,73,73,53,75,75,75,75,75,75,75,75,74,84,85,85,85,85,85,85,77,85,85,85,85,85,85,85,85,85,85,85,85,85,85,85,85,76],"gold":96,"neow_bonus":"","is_daily":true,"chose_seed":false,"campfire_upgraded":5,"win_rate":0.0,"timestamp":1614253081,"path_taken":["M","?","M","M","M","M","?","R","T","R","E","M","M","M","R","BOSS","M","?","M","M","M","E","M","E","T","M","$","M","R","M","R","BOSS","M","?","?","?","M","R","E","$","T","R","?","$","?","M","R","BOSS"],"items_purchased_type":["Relic","Relic","Card","Card","Relic","Relic","Card","Card","Relic","Relic","Relic","Card","Card","Potion","Potion"],"build_version":"2020-12-22","purchased_purges":0,"victory":true,"max_hp_per_floor":[75,75,75,75,75,75,75,75,75,75,75,75,75,75,75,75,75,75,75,75,75,75,75,75,75,85,85,85,85,85,85,85,85,85,85,85,85,85,85,85,85,85,85,85,85,85,85,85,85,85],"card_choices":[{"not_picked":["Undo","Redo"],"picked":"Conserve Battery","floor":1.0},{"not_picked":["Gash","Barrage"],"picked":"Hologram","floor":3.0},{"not_picked":["Beam Cell","Recycle"],"picked":"Coolheaded","floor":4.0},{"not_picked":["Conserve Battery","Ball Lightning"],"picked":"Mind Blast","floor":5.0},{"not_picked":["Tempest","Steam"],"picked":"Conserve Battery","floor":6.0},{"not_picked":["Gash","Multi-Cast"],"picked":"Glacier","floor":11.0},{"not_picked":["Force Field","Streamline"],"picked":"Conserve Battery","floor":12.0},{"not_picked":["Rebound","Streamline"],"picked":"Dark Shackles","floor":13.0},{"not_picked":["Redo","Blizzard","Leap"],"picked":"SKIP","floor":14.0},{"not_picked":["Rainbow","Reboot"],"picked":"Secret Technique","floor":16.0},{"not_picked":["Streamline","Barrage"],"picked":"Dark Shackles","floor":18.0},{"not_picked":["BootSequence","Swift Strike+1"],"picked":"Leap+1","floor":20.0},{"not_picked":["Gash","Leap"],"picked":"Hologram","floor":21.0},{"not_picked":["Chaos+1","Leap"],"picked":"Go for the Eyes+1","floor":22.0},{"not_picked":["BootSequence+1","Cold Snap"],"picked":"Stack","floor":23.0},{"not_picked":["Coolheaded","Loop"],"picked":"Hologram","floor":24.0},{"not_picked":["Coolheaded","Buffer"],"picked":"Stack","floor":25.0},{"not_picked":["Go for the Eyes","Lockon+1","Stack+1"],"picked":"Trip+1","floor":27.0},{"not_picked":["Purity+1","Go for the Eyes","Beam Cell+1"],"picked":"Hologram","floor":29.0},{"not_picked":["Purity","Genetic Algorithm","Hologram"],"picked":"PanicButton+1","floor":31.0},{"not_picked":["Thinking Ahead","Multi-Cast","Reboot"],"picked":"Seek","floor":33.0},{"not_picked":["Redo+1","Hologram","Sweeping Beam+1"],"picked":"Impatience+1","floor":35.0},{"not_picked":["Flash of Steel","Jack Of All Trades","Deep Breath"],"picked":"Apotheosis","floor":36.0},{"not_picked":["Gash+1","Impatience","Steam"],"picked":"Conserve Battery","floor":39.0},{"not_picked":["Barrage+1","Recycle","Sweeping Beam","Streamline"],"picked":"SKIP","floor":41.0},{"not_picked":["Conserve Battery","Magnetism","Stack"],"picked":"Finesse+1","floor":42},{"not_picked":["Consume","Leap+1","Beam Cell"],"picked":"White Noise+1","floor":42},{"not_picked":["Tempest","Ball Lightning+1","Trip"],"picked":"Coolheaded+1","floor":42},{"not_picked":["FTL","Panacea","Sweeping Beam+1"],"picked":"Finesse","floor":42},{"not_picked":["Defragment+1","Compile Driver","Coolheaded"],"picked":"Hologram","floor":42},{"not_picked":["Redo","Streamline","Beam Cell+1"],"picked":"Hologram","floor":47},{"not_picked":["Fusion","Reinforced Body+1","Compile Driver"],"picked":"Stack","floor":48}],"player_experience":666181,"relics_obtained":[{"floor":9.0,"key":"Pantograph"},{"floor":11.0,"key":"MealTicket"},{"floor":17.0,"key":"Centennial Puzzle"},{"floor":17.0,"key":"Matryoshka"},{"floor":17.0,"key":"TungstenRod"},{"floor":23.0,"key":"Oddly Smooth Stone"},{"floor":25.0,"key":"MawBank"},{"floor":26.0,"key":"Pear"},{"floor":26.0,"key":"Question Card"},{"floor":41.0,"key":"Mummified Hand"},{"floor":43,"key":"Potion Belt"},{"floor":43,"key":"Lizard Tail"}],"event_choices":[{"damage_healed":0.0,"max_hp_gain":0.0,"max_hp_loss":0.0,"gold_gain":175.0,"event_name":"betterThird:BetterSerpent","player_choice":"AGREE","floor":2.0,"gold_loss":0.0,"damage_taken":114.0},{"damage_healed":0.0,"max_hp_gain":0.0,"max_hp_loss":0.0,"gold_gain":0.0,"event_name":"Dead Adventurer","player_choice":"Searched \u00273\u0027 times","floor":7.0,"gold_loss":0.0,"damage_taken":0.0,"relics_obtained":["Girya"]},{"damage_healed":0.0,"max_hp_gain":0.0,"max_hp_loss":0.0,"gold_gain":99.0,"event_name":"betterThird:BetterNest","player_choice":"Steal","floor":19.0,"gold_loss":0.0,"damage_taken":0.0},{"damage_healed":0.0,"max_hp_gain":0.0,"max_hp_loss":0.0,"gold_gain":0.0,"event_name":"SensoryStone","player_choice":"Memory 1","floor":36.0,"gold_loss":0.0,"damage_taken":0.0},{"damage_healed":0.0,"max_hp_gain":0.0,"max_hp_loss":0.0,"gold_gain":0.0,"event_name":"Tomb of Lord Red Mask","player_choice":"Ignored","floor":37.0,"gold_loss":0.0,"damage_taken":0.0},{"cards_removed":["Static Discharge"],"damage_healed":0.0,"max_hp_gain":0.0,"max_hp_loss":0.0,"gold_gain":0.0,"event_name":"Falling","player_choice":"Removed Power","floor":38.0,"gold_loss":0.0,"damage_taken":0.0},{"damage_healed":0,"gold_gain":0,"player_choice":"Upgrade","damage_taken":0,"relics_obtained":["Mark of the Bloom"],"max_hp_gain":0,"max_hp_loss":0,"event_name":"MindBloom","floor":45,"gold_loss":0,"cards_upgraded":["Streamline","Hologram","Redo","Ball Lightning","Leap","Gash","Barrage","Hello World","Blizzard","Undo","Turbo","Undo","Bandage Up","Streamline","BootSequence","Glacier","Stack","Gash","Ball Lightning","Turbo","Gash","Turbo","Beam Cell","Trip","Redo","Jack Of All Trades","Ball Lightning","Coolheaded","Hologram","Leap","Doom and Gloom","Hologram","Coolheaded","Ball Lightning","Rebound","Self Repair","Streamline","Skim","Loop","Blizzard","Barrage","Beam Cell","Rebound","Streamline","FTL","Scrape","Loop","Streamline","Conserve Battery","Hologram","Coolheaded","Conserve Battery","Glacier","Conserve Battery","Dark Shackles","Secret Technique","Dark Shackles","Hologram","Stack","Hologram","Stack","Trip","Hologram","Seek","Apotheosis","Conserve Battery","Finesse","Hologram","Panacea"]}],"is_beta":false,"boss_relics":[{"not_picked":["Busted Crown","Tiny House"],"picked":"Calling Bell"},{"not_picked":["Runic Pyramid","Astrolabe"],"picked":"Nuclear Battery"}],"items_purged_floors":[],"is_endless":false,"potions_floor_spawned":[3,4,5,11,14,16,20,22,27,31,33,35],"ascension_level":0}}