{"host":"2se5dq1do2gp0x9k","time":1614228169,"event":{"mods":["AchievementEnabler","BaseMod","Block Reminder","Colored Map","Colored Powertips","Minty Spire (QoL Compilation)","Relic Stats","StSLib","SuperFastMode"],"gold_per_floor":[113,127,142,155,170,170,196,196,196,196,213,213,243,243,243,333,333,351,129,129,129,24,24,24],"floor_reached":23,"language":"ENG","playtime":779,"items_purged":["Defend_P"],"score":489,"play_id":"a19b4bce-4561-4917-80d9-c47fd960f125","local_time":"20210224204249","is_ascension_mode":true,"campfire_choices":[{"data":"CrushJoints","floor":6.0,"key":"SMITH"},{"floor":8.0,"key":"REST"},{"data":"Eruption","floor":10.0,"key":"SMITH"},{"data":"ThirdEye","floor":12.0,"key":"SMITH"},{"data":"FollowUp","floor":15.0,"key":"SMITH"}],"circlet_count":0,"master_deck":["AscendersBane","Strike_P+1","Strike_P","Strike_P+1","Defend_P","Defend_P+1","Eruption+1","Vigilance+1","LessonLearned+1","FollowUp+1","Evaluate","Consecrate","CrushJoints+1","TalkToTheHand","ThirdEye+1","Fasting2","CutThroughFate","Devotion","MentalFortress","TalkToTheHand","Discovery","LessonLearned","Indignation","Flash of Steel"],"relics":["HolyWater","WingedGreaves","Juzu Bracelet","Damaru","Golden Idol"],"acts_visited":["Exordium","TheCity"],"potions_floor_usage":[21],"damage_taken":[{"damage":12.0,"enemies":"Cultist","floor":1.0,"turns":3.0},{"damage":6.0,"enemies":"Jaw Worm","floor":2.0,"turns":5.0},{"damage":11.0,"enemies":"2 Louse","floor":3.0,"turns":3.0},{"damage":7.0,"enemies":"Looter","floor":4.0,"turns":4.0},{"damage":2.0,"enemies":"Exordium Wildlife","floor":5.0,"turns":3.0},{"damage":16.0,"enemies":"Lagavulin","floor":7.0,"turns":7.0},{"damage":0.0,"enemies":"2 Fungi Beasts","floor":11.0,"turns":2.0},{"damage":9.0,"enemies":"3 Sentries","floor":13.0,"turns":4.0},{"damage":0.0,"enemies":"Slime Boss","floor":16.0,"turns":5.0},{"damage":10.0,"enemies":"3 Byrds","floor":18.0,"turns":4.0},{"damage":23,"enemies":"Shell Parasite","floor":21,"turns":5},{"damage":24,"enemies":"Book of Stabbing","floor":23,"turns":4}],"seed_played":"1498774113782684938","potions_obtained":[{"floor":5.0,"key":"SmokeBomb"},{"floor":7.0,"key":"DistilledChaos"},{"floor":13.0,"key":"LiquidMemories"}],"is_trial":false,"path_per_floor":["M","M","M","M","M","R","E","R","T","R","M","R","E","?","R","B",null,"M","$","?","M","$","E"],"character_chosen":"WATCHER","items_purchased":["TalkToTheHand","Discovery","Flash of Steel"],"campfire_rested":1,"item_purchase_floors":[19,19,22],"current_hp_per_floor":[49,43,32,25,23,23,7,27,27,27,27,27,18,18,18,18,51,41,41,41,18,18,0,0],"gold":24,"neow_bonus":"ONE_RANDOM_RARE_CARD","is_daily":false,"chose_seed":false,"campfire_upgraded":4,"win_rate":0.0,"timestamp":1614228169,"path_taken":["M","M","M","?","M","R","E","R","T","R","M","R","E","?","R","BOSS","M","$","?","M","$","E"],"items_purchased_type":["Card","Card","Card"],"build_version":"2020-12-22","purchased_purges":1,"victory":false,"max_hp_per_floor":[68,68,68,68,68,68,68,68,68,68,68,68,68,62,62,62,62,62,62,62,62,62,62,62],"relic_stats":{"counters":[12,49],"Golden Idol":26,"Juzu Bracelet":0,"obtain_stats":[{"Golden Idol":14,"Damaru":13,"HolyWater":17,"WingedGreaves":7,"Juzu Bracelet":9,"PureWater":0},{"Golden Idol":8,"Damaru":8,"HolyWater":9,"WingedGreaves":6,"Juzu Bracelet":6,"PureWater":0},{"Golden Idol":31,"Damaru":31,"HolyWater":36,"WingedGreaves":25,"Juzu Bracelet":25,"PureWater":0}]},"card_choices":[{"not_picked":["FlurryOfBlows","SashWhip"],"picked":"FollowUp","floor":1.0},{"not_picked":["ForeignInfluence","Fasting2"],"picked":"Evaluate","floor":2.0},{"not_picked":["BattleHymn","Indignation"],"picked":"Consecrate","floor":3.0},{"not_picked":["Consecrate","PathToVictory"],"picked":"CrushJoints","floor":4.0},{"not_picked":["FlurryOfBlows","FollowUp"],"picked":"TalkToTheHand","floor":5.0},{"not_picked":["Blasphemy","Pray"],"picked":"ThirdEye","floor":7.0},{"not_picked":["FlyingSleeves","SashWhip"],"picked":"Fasting2","floor":11.0},{"not_picked":["EmptyBody","Evaluate"],"picked":"CutThroughFate","floor":13.0},{"not_picked":["Alpha","Brilliance"],"picked":"Devotion","floor":16.0},{"not_picked":["Vengeance","Indignation"],"picked":"MentalFortress","floor":18.0}],"player_experience":4148175,"relics_obtained":[{"floor":7.0,"key":"WingedGreaves"},{"floor":9.0,"key":"Juzu Bracelet"},{"floor":13.0,"key":"Damaru"}],"event_choices":[{"damage_healed":0.0,"max_hp_gain":0.0,"max_hp_loss":6.0,"gold_gain":0.0,"event_name":"Golden Idol","player_choice":"Lose Max HP","floor":14.0,"gold_loss":0.0,"damage_taken":0.0,"relics_obtained":["Golden Idol"]},{"damage_healed":0.0,"max_hp_gain":0.0,"max_hp_loss":0.0,"gold_gain":0.0,"cards_transformed":["Strike_P","Defend_P"],"event_name":"Drug Dealer","player_choice":"Became Test Subject","floor":20.0,"gold_loss":0.0,"damage_taken":0.0,"cards_obtained":["LessonLearned","Indignation"]}],"is_beta":false,"boss_relics":[{"not_picked":["Black Star","Pandora\u0027s Box"],"picked":"HolyWater"}],"items_purged_floors":[19],"is_endless":false,"potions_floor_spawned":[5,7,13],"killed_by":"Book of Stabbing","ascension_level":19}}