{"host":"c97twqu0op5dg8i4","time":1614285338,"event":{"mods":["AchievementEnabler","BaseMod","Colored Map","Minty Spire (QoL Compilation)","Permanent Neow"],"gold_per_floor":[112,125,125,125,10,10,40,54,54,54,54,54,86,86,86,105,105,209,209,226,8,25,25,25,25],"floor_reached":24,"language":"ENG","playtime":569,"items_purged":["Regret","Pain"],"score":323,"play_id":"1aeb1d2e-c389-490c-b69e-79d661bbba10","local_time":"20210225153538","is_ascension_mode":true,"campfire_choices":[{"data":"Electrodynamics","floor":6,"key":"SMITH"},{"floor":11,"key":"REST"},{"data":"Self Repair","floor":15,"key":"SMITH"},{"floor":17,"key":"REST"}],"circlet_count":0,"master_deck":["AscendersBane","Strike_B","Strike_B","Strike_B","Strike_B","Defend_B","Defend_B","Defend_B+1","Defend_B","Zap","Dualcast","Electrodynamics+1","Coolheaded+1","Coolheaded","Lockon","Self Repair+1","Ball Lightning","Reinforced Body","Conserve Battery","Echo Form","Cold Snap","Loop","Leap","Capacitor"],"relics":["Cracked Core","InkBottle","Question Card","Centennial Puzzle","WarpedTongs","Pen Nib","Runic Dome"],"acts_visited":["Exordium","TheCity"],"potions_floor_usage":[16,24],"damage_taken":[{"damage":6,"enemies":"Small Slimes","floor":1,"turns":4},{"damage":0,"enemies":"Jaw Worm","floor":2,"turns":3},{"damage":34,"enemies":"Gremlin Nob","floor":7,"turns":4},{"damage":0,"enemies":"2 Louse","floor":8,"turns":2},{"damage":10,"enemies":"3 Sentries","floor":13,"turns":2},{"damage":10,"enemies":"Red Slaver","floor":16,"turns":2},{"damage":42,"enemies":"The Guardian","floor":18,"turns":11},{"damage":22,"enemies":"Shell Parasite","floor":20,"turns":4},{"damage":13,"enemies":"Spheric Guardian","floor":22,"turns":4},{"damage":57,"enemies":"Cultist and Chosen","floor":24,"turns":6}],"seed_played":"6966655022347630655","potions_obtained":[{"floor":1,"key":"SneckoOil"},{"floor":8,"key":"Weak Potion"},{"floor":20,"key":"CultistPotion"}],"is_trial":false,"path_per_floor":["M","M","?","?","$","R","E","M","T","T","R","?","E","$","R","M","R","B",null,"M","$","M","?","M"],"character_chosen":"DEFECT","items_purchased":["Lockon","Loop","Leap"],"campfire_rested":2,"item_purchase_floors":[5,21,21],"current_hp_per_floor":[62,62,47,52,52,52,18,18,18,18,42,42,39,39,39,39,63,31,68,56,56,53,53,0,0],"gold":25,"neow_bonus":"THREE_RARE_CARDS","is_daily":false,"chose_seed":false,"campfire_upgraded":2,"win_rate":0.0,"timestamp":1614285338,"path_taken":["M","M","?","?","?","R","E","M","T","T","R","?","E","$","R","?","R","BOSS","M","$","M","?","M"],"items_purchased_type":["Card","Card","Card"],"build_version":"2020-12-22","purchased_purges":2,"victory":false,"max_hp_per_floor":[75,75,75,80,80,80,80,80,80,80,80,80,80,80,80,80,80,80,80,80,80,80,80,80,80],"card_choices":[{"not_picked":["Machine Learning","Reboot"],"picked":"Electrodynamics","floor":0},{"not_picked":["Gash","Hologram"],"picked":"Coolheaded","floor":1},{"not_picked":["Rip and Tear","Scrape"],"picked":"Coolheaded","floor":2},{"not_picked":["Ball Lightning","Redo"],"picked":"Self Repair","floor":7},{"not_picked":["Melter","Double Energy"],"picked":"Ball Lightning","floor":8},{"not_picked":["Steam","Go for the Eyes","Sunder"],"picked":"Reinforced Body","floor":13},{"not_picked":["Sweeping Beam","Stack","Gash"],"picked":"Conserve Battery","floor":16},{"not_picked":["Fission","All For One","Machine Learning"],"picked":"Echo Form","floor":18},{"not_picked":["Chaos","Gash","Rebound"],"picked":"Cold Snap","floor":20},{"not_picked":["Steam","Barrage","Rebound","Streamline"],"picked":"SKIP","floor":22}],"player_experience":421620,"relics_obtained":[{"floor":7,"key":"InkBottle"},{"floor":9,"key":"Question Card"},{"floor":10,"key":"Centennial Puzzle"},{"floor":13,"key":"Pen Nib"}],"event_choices":[{"damage_healed":0,"gold_gain":0,"player_choice":"Entered Light","damage_taken":15,"max_hp_gain":0,"max_hp_loss":0,"event_name":"Shining Light","floor":3,"gold_loss":0,"cards_upgraded":["Coolheaded","Defend_B"]},{"damage_healed":0,"gold_gain":0,"player_choice":"Donut","damage_taken":0,"max_hp_gain":5,"max_hp_loss":0,"event_name":"Big Fish","floor":4,"gold_loss":0},{"damage_healed":0,"gold_gain":0,"player_choice":"Rummage","damage_taken":0,"relics_obtained":["WarpedTongs"],"max_hp_gain":0,"max_hp_loss":0,"event_name":"Accursed Blacksmith","floor":12,"gold_loss":0,"cards_obtained":["Pain"]},{"damage_healed":0,"gold_gain":0,"player_choice":"Read","damage_taken":0,"max_hp_gain":0,"max_hp_loss":0,"event_name":"The Library","floor":23,"gold_loss":0,"cards_obtained":["Capacitor"]}],"is_beta":false,"boss_relics":[{"not_picked":["FrozenCore","Velvet Choker"],"picked":"Runic Dome"}],"items_purged_floors":[5,21],"is_endless":false,"potions_floor_spawned":[1,8,20],"killed_by":"Cultist and Chosen","ascension_level":12}}