{"host":"cd7awanv0x2msn9z","time":1614255190,"event":{"mods":["BaseMod","Downfall","Minty Spire (QoL Compilation)","Replay The Spire","StSLib","SuperFastMode"],"gold_per_floor":[109,109,109,109,125,125,159,171,171,171,203,50,50,50],"floor_reached":13,"language":"ZHS","playtime":234,"items_purged":[],"score":133,"play_id":"878d8a3e-a84f-44c1-80ee-d191e0842f7b","local_time":"20210225201310","is_ascension_mode":true,"campfire_choices":[{"data":"Neutralize","floor":6,"key":"SMITH"},{"data":"After Image","floor":10,"key":"SMITH"}],"circlet_count":0,"master_deck":["Strike_G","Strike_G","Strike_G","Defend_G","Defend_G","Defend_G","Defend_G","Survivor","Neutralize+1","Wraith Form v2","Leg Sweep","After Image+1","ReplayTheSpireMod:The Works","Tools of the Trade"],"relics":["Ring of the Snake","NeowsBlessing","FossilizedHelix","Replay:PocketPolymizer","Pet Ghost"],"acts_visited":["Exordium"],"potions_floor_usage":[11],"damage_taken":[{"damage":0,"enemies":"Jaw Worm","floor":1,"turns":1},{"damage":0,"enemies":"2 Louse","floor":5,"turns":1},{"damage":0,"enemies":"Lagavulin","floor":7,"turns":1},{"damage":0,"enemies":"Cultist","floor":8,"turns":4},{"damage":41,"enemies":"Gremlin Nob","floor":11,"turns":10},{"damage":3,"enemies":"Lagavulin","floor":13,"turns":7}],"seed_played":"2201366882676227799","potions_obtained":[{"floor":5,"key":"Flashbang"},{"floor":11,"key":"champ:CounterPotion"}],"is_trial":false,"path_per_floor":["M","$","?","?","M","R","E","M","T","R","E","$","E"],"character_chosen":"THE_SILENT","items_purchased":["Tools of the Trade"],"campfire_rested":0,"item_purchase_floors":[12],"current_hp_per_floor":[70,70,63,63,63,63,63,63,63,63,22,22,19,19],"gold":50,"neow_bonus":"THREE_ENEMY_KILL","is_daily":false,"chose_seed":false,"campfire_upgraded":2,"win_rate":0.0,"timestamp":1614255190,"path_taken":["M","$","?","?","?","R","E","M","T","R","E","?","E"],"items_purchased_type":["Card"],"build_version":"2020-12-22","purchased_purges":0,"victory":false,"max_hp_per_floor":[70,70,70,70,70,70,70,70,70,70,70,70,70,70],"card_choices":[{"not_picked":["Quick Slash","Flying Knee","Poisoned Stab"],"picked":"SKIP","floor":1},{"not_picked":["Escape Plan","Poisoned Stab","Dash"],"picked":"SKIP","floor":5},{"not_picked":["Quick Slash","PiercingWail"],"picked":"Wraith Form v2","floor":7},{"not_picked":["Acrobatics","Outmaneuver"],"picked":"Leg Sweep","floor":8},{"not_picked":["Quick Slash","Slice"],"picked":"ReplayTheSpireMod:The Works","floor":11}],"player_experience":149836,"relics_obtained":[{"floor":7,"key":"FossilizedHelix"},{"floor":9,"key":"Replay:PocketPolymizer"},{"floor":11,"key":"Pet Ghost"}],"event_choices":[{"cards_removed":["Strike_G"],"damage_healed":0,"gold_gain":0,"player_choice":"Card Removal","damage_taken":7,"max_hp_gain":0,"max_hp_loss":0,"event_name":"Golden Wing","floor":3,"gold_loss":0},{"cards_removed":["Defend_G"],"damage_healed":0,"gold_gain":0,"player_choice":"Purged","damage_taken":0,"max_hp_gain":0,"max_hp_loss":0,"event_name":"Purifier","floor":4,"gold_loss":0}],"is_beta":false,"boss_relics":[],"items_purged_floors":[],"is_endless":false,"potions_floor_spawned":[5,11],"killed_by":"Lagavulin","ascension_level":3}}