{"host":"fab1bnyovcy159o1","time":1614281067,"event":{"mods":["AchievementEnabler","BaseMod","Colored Powertips","Minty Spire (QoL Compilation)"],"gold_per_floor":[116,116,116,116,132,132,160,160,160,6,16,51,71,3,3,105,105,119,130,55,67,67,67,67],"floor_reached":23,"language":"ITA","playtime":784,"items_purged":["Strike_R"],"score":274,"play_id":"3748b3d5-3df1-4a4e-bf2f-d2c7e10a2e58","local_time":"20210225202427","is_ascension_mode":false,"campfire_choices":[{"data":"Metallicize","floor":6,"key":"SMITH"},{"data":"Barricade","floor":8,"key":"SMITH"},{"floor":15,"key":"REST"}],"circlet_count":0,"master_deck":["Strike_R","Strike_R","Strike_R","Strike_R","Defend_R","Defend_R","Defend_R","Defend_R","Bash","Regret","Metallicize+1","Barricade+1","Entrench","Metallicize","Rupture","Armaments","Demon Form","Evolve"],"relics":["Black Blood","NeowsBlessing","Self Forming Clay","Red Skull","Anchor","Meat on the Bone","Dream Catcher","Gambling Chip"],"acts_visited":["Exordium","TheCity"],"potions_floor_usage":[23,23],"damage_taken":[{"damage":0,"enemies":"Cultist","floor":1,"turns":1},{"damage":0,"enemies":"2 Louse","floor":5,"turns":1},{"damage":0,"enemies":"3 Sentries","floor":7,"turns":2},{"damage":2,"enemies":"Small Slimes","floor":11,"turns":6},{"damage":26,"enemies":"Gremlin Nob","floor":12,"turns":6},{"damage":45,"enemies":"Exordium Thugs","floor":13,"turns":9},{"damage":11,"enemies":"Hexaghost","floor":16,"turns":20},{"damage":6,"enemies":"Chosen","floor":18,"turns":8},{"damage":33,"enemies":"Spheric Guardian","floor":19,"turns":8},{"damage":25,"enemies":"Snake Plant","floor":21,"turns":9},{"damage":60,"enemies":"Gremlin Leader","floor":23,"turns":4}],"seed_played":"3845052209756560844","potions_obtained":[{"floor":11,"key":"SteroidPotion"},{"floor":12,"key":"Ancient Potion"},{"floor":21,"key":"AttackPotion"}],"is_trial":false,"path_per_floor":["M","?","?","?","M","R","E","R","T","$","M","E","M","$","R","B",null,"M","M","$","M","?","E"],"character_chosen":"IRONCLAD","items_purchased":["Dream Catcher","Rupture"],"campfire_rested":1,"item_purchase_floors":[10,14],"current_hp_per_floor":[80,73,66,66,72,72,78,78,78,78,80,60,33,33,57,52,80,80,59,59,58,58,0,0],"gold":67,"neow_bonus":"THREE_ENEMY_KILL","is_daily":false,"chose_seed":false,"campfire_upgraded":2,"win_rate":0.0,"timestamp":1614281067,"path_taken":["M","?","?","?","M","R","E","R","T","$","?","E","M","?","R","BOSS","M","M","$","M","?","E"],"items_purchased_type":["Relic","Card"],"build_version":"2020-12-22","purchased_purges":1,"victory":false,"max_hp_per_floor":[80,80,80,80,80,80,80,80,80,80,80,80,80,80,80,80,80,80,80,80,80,80,80,80],"card_choices":[{"not_picked":["Twin Strike","Thunderclap"],"picked":"True Grit","floor":1},{"not_picked":["Searing Blow","True Grit"],"picked":"Metallicize","floor":5},{"not_picked":["Flex","Body Slam"],"picked":"Barricade","floor":7},{"not_picked":["Sword Boomerang","Headbutt","Combust"],"picked":"SKIP","floor":11},{"not_picked":["Sentinel","Anger"],"picked":"Entrench","floor":12},{"not_picked":["Headbutt","Entrench"],"picked":"Metallicize","floor":13},{"not_picked":["Blood for Blood","Warcry"],"picked":"Armaments","floor":15},{"not_picked":["Barricade","Bludgeon"],"picked":"Demon Form","floor":16},{"not_picked":["Dual Wield","Sword Boomerang"],"picked":"Evolve","floor":18},{"not_picked":["Wild Strike+1","Havoc","Thunderclap"],"picked":"SKIP","floor":19},{"not_picked":["Sword Boomerang","Feel No Pain","Searing Blow"],"picked":"SKIP","floor":21}],"player_experience":148981,"relics_obtained":[{"floor":7,"key":"Anchor"},{"floor":9,"key":"Meat on the Bone"},{"floor":12,"key":"Gambling Chip"}],"event_choices":[{"cards_removed":["True Grit"],"damage_healed":0,"gold_gain":0,"player_choice":"Card Removal","damage_taken":7,"max_hp_gain":0,"max_hp_loss":0,"event_name":"Golden Wing","floor":2,"gold_loss":0},{"damage_healed":0,"gold_gain":0,"player_choice":"Success","damage_taken":7,"relics_obtained":["Self Forming Clay"],"max_hp_gain":0,"max_hp_loss":0,"event_name":"Scrap Ooze","floor":3,"gold_loss":0},{"damage_healed":0,"gold_gain":0,"player_choice":"Box","damage_taken":0,"relics_obtained":["Red Skull"],"max_hp_gain":0,"max_hp_loss":0,"event_name":"Big Fish","floor":4,"gold_loss":0,"cards_obtained":["Regret"]},{"damage_healed":0,"gold_gain":0,"player_choice":"Ignored","damage_taken":0,"max_hp_gain":0,"max_hp_loss":0,"event_name":"Vampires","floor":22,"gold_loss":0}],"is_beta":false,"boss_relics":[{"not_picked":["Philosopher\u0027s Stone","Snecko Eye"],"picked":"Black Blood"}],"items_purged_floors":[20],"is_endless":false,"potions_floor_spawned":[11,12,21],"killed_by":"Gremlin Leader","ascension_level":0}}