{"host":"0rxdudjy6rylha1k","time":1614271488,"event":{"mods":["Aspiration","BaseMod","Colored Map","Colored Powertips","Downfall","Highlight Path","Hubris","Minty Spire (QoL Compilation)","StSLib"],"gold_per_floor":[0,16,116,116,133,33,105,124,149,61,86,86,119,29,39,39,39,39],"floor_reached":16,"language":"ENG","playtime":1533,"items_purged":["Injury"],"score":165,"play_id":"edd33bba-1004-4257-9108-998510a03b43","local_time":"20210225094448","is_ascension_mode":true,"campfire_choices":[{"floor":1.0,"key":"RECALL"},{"data":"champ:Taunt","floor":6.0,"key":"SMITH"}],"circlet_count":0,"master_deck":["champ:Strike","champ:Strike","champ:Strike","champ:Strike","champ:Defend","champ:Defend","champ:Defend","champ:Defend","champ:Execute","champ:Taunt+1","champ:SwordSigil","champ:Parry","champ:TornadoPunch","champ:SkillfulDodge","champ:PreemptiveStrike","champ:Endure","champ:SkillfulDodge","champ:ArenaPreparation"],"relics":["champ:ChampionCrown","downfall:HeartBlessingRed","PreservedInsect","Molten Egg 2","Toy Ornithopter"],"acts_visited":["Exordium"],"potions_floor_usage":[],"damage_taken":[{"damage":14.0,"enemies":"Jaw Worm","floor":2.0,"turns":4.0},{"damage":23.0,"enemies":"Small Slimes","floor":5.0,"turns":5.0},{"damage":10.0,"enemies":"Cultist","floor":8.0,"turns":4.0},{"damage":30.0,"enemies":"3 Sentries","floor":9.0,"turns":11.0},{"damage":20.0,"enemies":"downfall:FleeingMerchant","floor":10.0,"turns":4.0},{"damage":15.0,"enemies":"Lagavulin","floor":11.0,"turns":5.0},{"damage":28.0,"enemies":"3 Sentries","floor":13.0,"turns":5.0},{"damage":0.0,"enemies":"downfall:FleeingMerchant","floor":14.0,"turns":4.0},{"damage":4,"enemies":"Red Slaver","floor":15,"turns":3},{"damage":36,"enemies":"IC_STATUS_ARCHETYPE","floor":16,"turns":8}],"seed_played":"-5750140382046581973","potions_obtained":[{"floor":2.0,"key":"bronze:BurnAndBuffPotion"},{"floor":5.0,"key":"BlessingOfTheForge"},{"floor":9.0,"key":"ColorlessPotion"},{"floor":13.0,"key":"SpeedPotion"}],"is_trial":false,"path_per_floor":["R","M","?","?","M","R","T","M","E","$","E","?","E","$","M","B"],"character_chosen":"THE_CHAMP","items_purchased":["champ:SkillfulDodge"],"campfire_rested":0,"item_purchase_floors":[10],"current_hp_per_floor":[81,77,77,100,92,92,92,92,72,72,57,57,29,34,30,0,0,0],"gold":39,"neow_bonus":"THREE_RARE_CARDS","is_daily":false,"chose_seed":false,"campfire_upgraded":1,"win_rate":0.0,"timestamp":1614271488,"path_taken":["R","M","?","?","M","R","T","?","E","?","E","?","E","$","M","BOSS"],"items_purchased_type":["Card"],"build_version":"2020-12-22","purchased_purges":1,"victory":false,"max_hp_per_floor":[90,90,90,100,100,100,100,100,100,100,100,100,100,100,100,100,100,100],"card_choices":[{"not_picked":["champ:HeavySlash","champ:DancingMaster"],"picked":"champ:TripleStrike","floor":0.0},{"not_picked":["champ:Shatter","champ:Haymaker"],"picked":"champ:SwordSigil","floor":2.0},{"not_picked":["champ:FocusedBerserking","champ:CalledShot"],"picked":"champ:Parry","floor":5.0},{"not_picked":["champ:CrownThrow","champ:Haymaker","champ:GladiatorStyle"],"picked":"SKIP","floor":8.0},{"not_picked":["champ:BladeFlurry","champ:BerserkersShout","champ:ViciousMockery"],"picked":"SKIP","floor":9.0},{"not_picked":["champ:HeartStrike","champ:BerserkersShout"],"picked":"champ:TornadoPunch","floor":10.0},{"not_picked":["champ:BerserkersShout","champ:EndlessRage"],"picked":"champ:PreemptiveStrike","floor":11.0},{"not_picked":["champ:FalseCounter","champ:TornadoPunch+1"],"picked":"champ:Endure","floor":13.0},{"not_picked":["champ:SwordSigil","champ:SetATrap"],"picked":"champ:SkillfulDodge","floor":14.0},{"not_picked":["champ:RapidStrikes+1","champ:BladeFlurry+1"],"picked":"champ:ArenaPreparation","floor":15}],"player_experience":3075547,"relics_obtained":[{"floor":9.0,"key":"PreservedInsect"},{"floor":13.0,"key":"Toy Ornithopter"}],"event_choices":[{"cards_removed":["champ:TripleStrike"],"damage_healed":13.0,"max_hp_gain":10.0,"max_hp_loss":0.0,"gold_gain":0.0,"event_name":"Bonfire Elementals","player_choice":"Offered Rare","floor":4.0,"gold_loss":0.0,"damage_taken":0.0}],"is_beta":false,"boss_relics":[],"items_purged_floors":[14],"is_endless":false,"potions_floor_spawned":[2,5,9,13],"killed_by":"IC_STATUS_ARCHETYPE","ascension_level":8}}