{"host":"fc4hh3zaz3zk8cya","time":1614262705,"event":{"mods":["BaseMod","BetterRewards","Colored Map","Colored Powertips","Downfall","GifTheSpireLib","Gremlin Mod","Hermit","Highlight Path","Infinite Spire","Minty Spire (QoL Compilation)","Permanent Neow","Quick Restart","Replay The Spire","Shop Mod","StSLib","Stuff the Spire","The Bladedancer","The Construct","The Cursed","The Disciple","The Hayseed","The Hierophant","The Necromancer","The Poker Player","The Runesmith","everything is the same but u backflip on backflip","slay the spire mod where everything is the same but ironclad has a cowboy hat"],"gold_per_floor":[114,114,37,48,323,323,334,359,359,373,373,370,370,80,80,168,168,153,170,95,108,123,157,157,163,163,58,76,59,76,83,83,132,132,149,149,49,56,58,81,81,77,77,77,122,122,120,151,151,243,243,251,237,237,252,263,286,297,297,297,297,287,297,324,324,418,477,477,487,481,481,478,428,435,218,218,244,259,259,259,252,256,256,352,352,359,111,122,159,168,168,177,178,225,225,139,139,163,168,168,244,244,251,201,201,53,62,62,62],"floor_reached":108,"language":"ENG","playtime":14745,"items_purged":["Regret","hierophant:Defend_Hierophant","ReplayTheSpireMod:Splinters","hierophant:Defend_Hierophant","hierophant:Strike_Hierophant","Pot Of Greed","hierophant:Defend_Hierophant","hierophant:Defend_Hierophant","Injury"],"score":2345,"play_id":"d2b36056-5224-414d-8f98-ee1bf637b8d9","local_time":"20210225091825","is_ascension_mode":false,"campfire_choices":[{"data":"hierophant:Glossolalia","floor":6.0,"key":"SMITH"},{"data":"hierophant:Invocation","floor":11.0,"key":"SMITH"},{"floor":13.0,"key":"REST"},{"data":"hierophant:DisplayOfPower","floor":15.0,"key":"SMITH"},{"data":"hierophant:Chorus","floor":32.0,"key":"SMITH"},{"data":"hierophant:Alms","floor":44.0,"key":"SMITH"},{"data":"hierophant:Strike_Hierophant","floor":49.0,"key":"PURGE"},{"data":"hierophant:Strike_Hierophant","floor":59.0,"key":"PURGE"},{"floor":61.0,"key":"DIG"},{"data":"Pot Of Greed","floor":79.0,"key":"SMITH"},{"data":"Pot Of Greed","floor":83.0,"key":"SMITH"},{"data":"ReplayTheSpireMod:Haul","floor":91,"key":"SMITH"},{"floor":95,"key":"DIG"},{"data":"hierophant:Punish","floor":100,"key":"PURGE"}],"circlet_count":0,"master_deck":["hierophant:ChurchCoffers+1","hierophant:Glossolalia+1","hierophant:Alms+1","hierophant:SolarFlare","hierophant:Invocation+1","hierophant:Alms","infinitespire:Fortify","hierophant:Blessing+1","hierophant:Chorus+1","hierophant:Exaltation","hierophant:DisplayOfPower","ReplayTheSpireMod:Echoes of Time","hierophant:Invocation","hierophant:SolarFlare+1","Pot Of Greed+1","hierophant:Glossolalia","hierophant:ConvertCurrency","Pot Of Greed+1","ReplayTheSpireMod:Haul+1","hierophant:DisplayOfPower+1","Sickly","Secret Technique+1"],"relics":["Sozu","Torii","Strange Spoon","MerchantsRug","Coffee Dripper","Question Card","Blue Candle","Orichalcum","ReplayFunnel","Black Star","InkBottle","Bronze Scales","StuffTheSpire:OldFever","StuffTheSpire:Mouthbags","Smiling Mask","construct:ClawGrip","Nunchaku","Replay:Multitool","Mango","Ring of Chaos","Replay:Bottled Snecko","Gremlin Food","StuffTheSpire:EmeraldSignet","Lantern","Shuriken","StuffTheSpire:GrapeVine","Membership Card","Grinning Jar","Tiny Chest","StuffTheSpire:SapphireSignet","ReplayTheSpireMod:Ninjato","Juzu Bracelet","StuffTheSpire:Barrel","Replay:Bottled Steam","Replay:Bronze Core","infinitespire:PuzzleCube","Orrery","Peace Pipe","StuffTheSpire:Experiment12","Ginger","infinitespire:Eraser","Replay:Bandana","ReplayTheSpireMod:Shallot","Boot","StuffTheSpire:Rhapsscallions","Oddly Smooth Stone","Kintsugi","Golden Egg"],"acts_visited":["Exordium","TheCity","TheBeyond","Exordium","TheCity","TheBeyond","Exordium"],"potions_floor_usage":[],"damage_taken":[{"damage":6.0,"enemies":"Jaw Worm","floor":1.0,"turns":3.0},{"damage":1.0,"enemies":"2 Louse","floor":4.0,"turns":3.0},{"damage":3.0,"enemies":"Cultist","floor":7.0,"turns":3.0},{"damage":39.0,"enemies":"Gremlin Nob","floor":8.0,"turns":4.0},{"damage":17.0,"enemies":"Exordium Wildlife","floor":10.0,"turns":2.0},{"damage":4.0,"enemies":"2 Fungi Beasts","floor":12.0,"turns":2.0},{"damage":4.0,"enemies":"Hexaghost","floor":16.0,"turns":4.0},{"damage":13.0,"enemies":"2 Thieves","floor":18.0,"turns":2.0},{"damage":0.0,"enemies":"Spheric Guardian","floor":19.0,"turns":1.0},{"damage":0.0,"enemies":"Snake Plant","floor":21.0,"turns":1.0},{"damage":0.0,"enemies":"Snecko","floor":22.0,"turns":2.0},{"damage":3.0,"enemies":"Nightmare","floor":23.0,"turns":3.0},{"damage":2.0,"enemies":"Book of Stabbing","floor":25.0,"turns":4.0},{"damage":0.0,"enemies":"Cultist and Chosen","floor":28.0,"turns":4.0},{"damage":1.0,"enemies":"Sentry and Sphere","floor":30.0,"turns":3.0},{"damage":2.0,"enemies":"Shelled Parasite and Fungi","floor":31.0,"turns":4.0},{"damage":7.0,"enemies":"Champ","floor":33.0,"turns":8.0},{"damage":0.0,"enemies":"Orb Walker","floor":35.0,"turns":1.0},{"damage":0.0,"enemies":"3 Darklings","floor":38.0,"turns":2.0},{"damage":22.0,"enemies":"Transient","floor":39.0,"turns":5.0},{"damage":22.0,"enemies":"Nemesis","floor":40.0,"turns":5.0},{"damage":16.0,"enemies":"Giant Head","floor":42.0,"turns":8.0},{"damage":0.0,"enemies":"Spire Growth","floor":47.0,"turns":2.0},{"damage":8.0,"enemies":"Nemesis","floor":48.0,"turns":5.0},{"damage":0.0,"enemies":"Time Eater","floor":50.0,"turns":6.0},{"damage":0.0,"enemies":"Small Slimes","floor":52.0,"turns":2.0},{"damage":0.0,"enemies":"Jaw Worm","floor":53.0,"turns":2.0},{"damage":0.0,"enemies":"Cultist","floor":55.0,"turns":2.0},{"damage":6.0,"enemies":"3 Louse","floor":56.0,"turns":2.0},{"damage":0.0,"enemies":"Gremlin Nob","floor":57.0,"turns":2.0},{"damage":0.0,"enemies":"Exordium Wildlife","floor":58.0,"turns":2.0},{"damage":0.0,"enemies":"Looter","floor":62.0,"turns":2.0},{"damage":0.0,"enemies":"Blue Slaver","floor":63.0,"turns":2.0},{"damage":0.0,"enemies":"Lagavulin","floor":64.0,"turns":3.0},{"damage":0.0,"enemies":"The Guardian","floor":67.0,"turns":1.0},{"damage":0.0,"enemies":"Spheric Guardian","floor":69.0,"turns":2.0},{"damage":0.0,"enemies":"3 Byrds","floor":70.0,"turns":2.0},{"damage":0.0,"enemies":"Centurion and Healer","floor":72.0,"turns":1.0},{"damage":0.0,"enemies":"Gremlin Leader","floor":74.0,"turns":2.0},{"damage":0.0,"enemies":"Replay:Snechameleon","floor":78.0,"turns":2.0},{"damage":0.0,"enemies":"Snake Plant","floor":81.0,"turns":3.0},{"damage":0.0,"enemies":"Snecko","floor":82.0,"turns":2.0},{"damage":1.0,"enemies":"Automaton","floor":84.0,"turns":3.0},{"damage":0.0,"enemies":"3 Shapes","floor":86.0,"turns":1.0},{"damage":0.0,"enemies":"Orb Walker","floor":88.0,"turns":2.0},{"damage":0.0,"enemies":"infinitespire:Three Voidlings","floor":89.0,"turns":2.0},{"damage":0.0,"enemies":"Nightmare_Alpha","floor":89.0,"turns":3.0},{"damage":0,"enemies":"Spire Growth","floor":90,"turns":2},{"damage":1,"enemies":"R_Hoarder","floor":92,"turns":4},{"damage":0,"enemies":"3 Darklings","floor":93,"turns":2},{"damage":0,"enemies":"Nemesis","floor":98,"turns":1},{"damage":0,"enemies":"Maw","floor":99,"turns":1},{"damage":11,"enemies":"Awakened One","floor":101,"turns":4},{"damage":0,"enemies":"Small Slimes","floor":103,"turns":1},{"damage":0,"enemies":"Cultist","floor":107,"turns":1},{"damage":0,"enemies":"3 Sentries","floor":108,"turns":1}],"seed_played":"7509067569563720332","potions_obtained":[],"is_trial":false,"path_per_floor":["M","?","$","M","?","R","M","E","T","M","R","M","R","$","R","B",null,"M","M","$","M","M","NM","?","E","T","?","M","$","M","M","R","B",null,"M","?","$","M","M","E","?","E","T","R","?","AVR","M","E","R","B",null,"M","M","?","M","M","E","M","R","T","R","M","M","E","AVR","R","B",null,"M","M","?","M","$","E","$","?","T","E","R","?","M","M","R","B",null,"M","$","M","?","M","R","E","M","T","R","$","?","E","M","R","B",null,"M","?","T","$","M","E"],"character_chosen":"HIEROPHANT","items_purchased":["hierophant:Glossolalia","Strange Spoon","MerchantsRug","ReplayFunnel","ReplayTheSpireMod:Ninjato","hierophant:Glossolalia","Mind Blast","infinitespire:PuzzleCube","Orrery","Boot","Secret Technique"],"campfire_rested":1,"item_purchase_floors":[3,14,14,29,75,75,87,87,87,96,106],"current_hp_per_floor":[69,69,69,68,68,68,65,26,26,11,11,7,29,29,29,25,75,62,62,62,62,62,59,59,57,57,57,59,59,58,66,66,68,75,75,75,75,75,63,41,41,45,45,45,45,45,55,81,81,81,89,89,89,89,89,83,83,83,83,83,83,89,89,89,89,89,89,89,89,89,89,89,89,89,89,89,89,89,89,69,73,73,73,72,89,89,89,89,89,89,89,88,88,88,88,88,68,70,70,70,59,91,91,91,91,91,91,91,91],"gold":62,"neow_bonus":"BOSS_RELIC","is_daily":false,"chose_seed":false,"campfire_upgraded":8,"win_rate":0.0,"timestamp":1614262705,"path_taken":["M","?","$","M","?","R","M","E","T","M","R","M","R","$","R","BOSS","M","M","$","M","?","NM","?","E","T","?","?","$","M","M","R","BOSS","M","?","$","?","M","E","?","E","T","R","?","AVR","M","E","R","BOSS","M","M","?","M","M","E","?","R","T","R","M","M","E","AVR","R","BOSS","M","M","?","?","$","E","$","?","T","E","R","?","M","M","R","BOSS","M","$","M","?","M","R","E","M","T","R","?","?","E","M","R","BOSS","M","?","?","$","M","E"],"items_purchased_type":["Card","Relic","Relic","Relic","Relic","Card","Card","Relic","Relic","Relic","Card"],"build_version":"2020-12-22","purchased_purges":9,"victory":false,"max_hp_per_floor":[75,75,75,75,75,75,75,75,75,75,75,75,75,75,75,75,75,75,75,75,75,75,75,75,75,75,75,75,75,75,75,75,75,75,75,75,75,75,75,75,75,75,75,75,75,75,75,89,89,89,89,89,89,89,89,89,89,89,89,89,89,89,89,89,89,89,89,89,89,89,89,89,89,89,89,89,89,89,89,89,89,89,89,89,89,89,89,89,89,89,89,89,89,89,89,89,89,91,91,91,91,91,91,91,91,91,91,91,91],"card_choices":[{"not_picked":["hierophant:RustyCrate","hierophant:DisplayOfPower","hierophant:EyeForCoin"],"picked":"SKIP","floor":1.0},{"not_picked":["hierophant:RustyCrate","hierophant:DisplayOfPower","hierophant:EyeForCoin"],"picked":"SKIP","floor":1.0},{"not_picked":["hierophant:ArchangelShield","hierophant:Generosity"],"picked":"hierophant:Alms","floor":4.0},{"not_picked":["hierophant:Refuge","hierophant:RustyCrate"],"picked":"hierophant:SolarFlare","floor":7.0},{"not_picked":["hierophant:HammerAndAnvil","hierophant:Embezzle"],"picked":"hierophant:Invocation","floor":8.0},{"not_picked":["hierophant:Smite","hierophant:Empathy"],"picked":"hierophant:DisplayOfPower","floor":10.0},{"not_picked":["hierophant:ConvertCurrency","hierophant:ArchangelShield"],"picked":"hierophant:FlamingChariot","floor":12.0},{"not_picked":["hierophant:Patience","hierophant:SealAway"],"picked":"hierophant:Alms","floor":18.0},{"not_picked":["hierophant:AuricBeam","hierophant:RustyCrate","hierophant:Flagellation"],"picked":"SKIP","floor":19.0},{"not_picked":["hierophant:Bribe","hierophant:AuricBeam","hierophant:Flagellation+1"],"picked":"SKIP","floor":21.0},{"not_picked":["hierophant:Empathy","hierophant:Sermon"],"picked":"hierophant:FieryStrike+1","floor":22.0},{"not_picked":["ReplayTheSpireMod:Haul","ReplayTheSpireMod:??????????????????????"],"picked":"infinitespire:Fortify","floor":23.0},{"not_picked":["hierophant:Prophecy+1","hierophant:Purify","hierophant:RustyCrate+1"],"picked":"SKIP","floor":23.0},{"not_picked":["hierophant:Endure+1","hierophant:PassingBell","hierophant:CursedGold+1"],"picked":"SKIP","floor":25.0},{"not_picked":["hierophant:AuricBeam","hierophant:Remorse+1","hierophant:Shelter","hierophant:Doubloon"],"picked":"SKIP","floor":28.0},{"not_picked":["hierophant:Purify","hierophant:FaithHealing","hierophant:PassingBell"],"picked":"hierophant:Blessing+1","floor":30.0},{"not_picked":["hierophant:ThreeLashes","hierophant:Doomsaying","hierophant:Smite"],"picked":"hierophant:Chorus","floor":31.0},{"not_picked":["hierophant:Martyrdom+1","hierophant:TollTheBells","hierophant:Shelter+1","hierophant:OrnateBuckler+1"],"picked":"SKIP","floor":35.0},{"not_picked":["hierophant:Shelter","hierophant:FlamingChariot+1","hierophant:Mercenaries+1"],"picked":"hierophant:Exaltation","floor":38.0},{"not_picked":["hierophant:HolyVerse+1","hierophant:Doubloon+1","hierophant:Remorse","hierophant:SealAway+1"],"picked":"SKIP","floor":39.0},{"not_picked":["hierophant:HammerAndAnvil","hierophant:Encroach","hierophant:Purify","hierophant:CoinFling+1"],"picked":"SKIP","floor":40.0},{"not_picked":["hierophant:Purify+1","hierophant:Determination","hierophant:OrnateBuckler","hierophant:Doubloon"],"picked":"SKIP","floor":42.0},{"not_picked":["hierophant:Encroach","hierophant:ThreeLashes","hierophant:AuricBeam"],"picked":"hierophant:DisplayOfPower","floor":45.0},{"not_picked":["hierophant:AuricBeam+1","hierophant:OrnateBuckler","hierophant:FlamingChariot+1","hierophant:Empathy+1"],"picked":"SKIP","floor":47.0},{"not_picked":["hierophant:Community","hierophant:HammerAndAnvil+1","hierophant:FaithHealing"],"picked":"hierophant:Blessing+1","floor":48.0},{"not_picked":["hierophant:MirrorShield","hierophant:Empathy","hierophant:DisplayOfPower","hierophant:Shelter"],"picked":"SKIP","floor":52.0},{"not_picked":["hierophant:Sermon","hierophant:Zeal","hierophant:SealAway","hierophant:Endure"],"picked":"SKIP","floor":53.0},{"not_picked":["hierophant:FieryStrike","hierophant:Remorse","hierophant:ConvertCurrency","hierophant:Dazzle"],"picked":"SKIP","floor":55.0},{"not_picked":["hierophant:SealAway","hierophant:Endure","hierophant:Blessing","hierophant:Smite"],"picked":"SKIP","floor":56.0},{"not_picked":["hierophant:Smite","hierophant:Martyrdom","hierophant:Determination","hierophant:Encroach"],"picked":"SKIP","floor":57.0},{"not_picked":["hierophant:RecallFunds","hierophant:OrnateJavelin","hierophant:SecretStash","hierophant:Rebuild"],"picked":"SKIP","floor":58.0},{"not_picked":["hierophant:HolyVerse","hierophant:HammerAndAnvil","hierophant:FieryStrike","hierophant:DisplayOfPower"],"picked":"SKIP","floor":62.0},{"not_picked":["hierophant:SealAway","hierophant:SolarFlare","hierophant:Mercenaries","hierophant:Prophecy"],"picked":"SKIP","floor":63.0},{"not_picked":["hierophant:CursedGold","hierophant:RustyCrate","hierophant:DisplayOfPower","hierophant:RepressedViolence"],"picked":"SKIP","floor":64.0},{"not_picked":["hierophant:Determination","hierophant:Levitation","hierophant:Cornucopia"],"picked":"hierophant:Invocation","floor":67.0},{"not_picked":["hierophant:Zeal","hierophant:FieryStrike","hierophant:CursedGold"],"picked":"hierophant:SolarFlare+1","floor":69.0},{"not_picked":["hierophant:RustyCrate+1","hierophant:Purify","hierophant:Remorse","hierophant:OrnateBuckler"],"picked":"SKIP","floor":70.0},{"not_picked":["hierophant:BulkyChest","hierophant:Smite","hierophant:TollTheBells","hierophant:ConvertCurrency"],"picked":"SKIP","floor":72.0},{"not_picked":["hierophant:Patience","hierophant:Encroach","hierophant:ThreeLashes","hierophant:Embezzle+1"],"picked":"SKIP","floor":74.0},{"not_picked":["hierophant:AuricBeam","hierophant:HammerAndAnvil","hierophant:BulkyChest","hierophant:SealAway"],"picked":"SKIP","floor":78.0},{"not_picked":["hierophant:Refuge+1","hierophant:AuricBeam","hierophant:ConvertCurrency+1","hierophant:Upheaval"],"picked":"SKIP","floor":81.0},{"not_picked":["hierophant:Smite","hierophant:HolyVerse","hierophant:FieryStrike","hierophant:RepressedViolence"],"picked":"SKIP","floor":82.0},{"not_picked":["hierophant:Encroach","hierophant:Doubloon","hierophant:OrnateBuckler","hierophant:PassingBell+1"],"picked":"SKIP","floor":86.0},{"not_picked":["hierophant:FieryStrike+1","hierophant:ThreeLashes","hierophant:Dazzle"],"picked":"hierophant:Doomsaying+1","floor":87.0},{"not_picked":["hierophant:DisplayOfPower","hierophant:PristineSoul","hierophant:Smite+1","hierophant:EyeForCoin+1"],"picked":"SKIP","floor":88.0},{"not_picked":["infinitespire:Oblivion","infinitespire:FutureSight"],"picked":"ReplayTheSpireMod:Haul","floor":89.0},{"not_picked":["hierophant:OrnateJavelin","hierophant:HammerAndAnvil","hierophant:Endure+1","hierophant:RepressedViolence"],"picked":"SKIP","floor":90},{"not_picked":["hierophant:Doubloon+1","hierophant:Smite","hierophant:HolyVerse+1","hierophant:ArchangelShield"],"picked":"SKIP","floor":92},{"not_picked":["hierophant:WrathOfGod","hierophant:MorningPrayer+1","hierophant:Sermon+1","hierophant:AuricShield+1"],"picked":"SKIP","floor":93},{"not_picked":["hierophant:FaithHealing+1","hierophant:FieryStrike","hierophant:AuricBeam+1","hierophant:Kindle"],"picked":"SKIP","floor":98},{"not_picked":["hierophant:DisplayOfPower","hierophant:MorningPrayer","hierophant:Doubloon","hierophant:MirrorShield"],"picked":"SKIP","floor":99},{"not_picked":["hierophant:Racketeering","hierophant:Endure","hierophant:Sermon","hierophant:Doubloon"],"picked":"SKIP","floor":103},{"not_picked":["hierophant:SecretStash","hierophant:ThreeLashes","hierophant:Sermon","hierophant:Doubloon"],"picked":"SKIP","floor":107}],"player_experience":147287,"relics_obtained":[{"floor":8.0,"key":"StuffTheSpire:SapphireSignet"},{"floor":9.0,"key":"Torii"},{"floor":23.0,"key":"StuffTheSpire:EmeraldSignet"},{"floor":25.0,"key":"Question Card"},{"floor":26.0,"key":"Blue Candle"},{"floor":40.0,"key":"InkBottle"},{"floor":40.0,"key":"Bronze Scales"},{"floor":42.0,"key":"StuffTheSpire:OldFever"},{"floor":42.0,"key":"StuffTheSpire:Mouthbags"},{"floor":43.0,"key":"Smiling Mask"},{"floor":45.0,"key":"Simple Rune"},{"floor":48.0,"key":"Replay:Multitool"},{"floor":48.0,"key":"Mango"},{"floor":57.0,"key":"Replay:Bottled Snecko"},{"floor":57.0,"key":"Gremlin Food"},{"floor":60.0,"key":"StuffTheSpire:EmeraldSignet"},{"floor":61.0,"key":"Lantern"},{"floor":64.0,"key":"Shuriken"},{"floor":64.0,"key":"StuffTheSpire:GrapeVine"},{"floor":74.0,"key":"Tiny Chest"},{"floor":74.0,"key":"StuffTheSpire:SapphireSignet"},{"floor":77.0,"key":"Juzu Bracelet"},{"floor":78.0,"key":"StuffTheSpire:Barrel"},{"floor":78.0,"key":"Replay:Bottled Steam"},{"floor":89,"key":"Peace Pipe"},{"floor":89,"key":"StuffTheSpire:Experiment12"},{"floor":92,"key":"Ginger"},{"floor":92,"key":"infinitespire:Eraser"},{"floor":94,"key":"Replay:Bandana"},{"floor":95,"key":"ReplayTheSpireMod:Shallot"},{"floor":98,"key":"StuffTheSpire:Rhapsscallions"},{"floor":98,"key":"Oddly Smooth Stone"},{"floor":105,"key":"Golden Egg"}],"event_choices":[{"damage_healed":0.0,"max_hp_gain":0.0,"max_hp_loss":0.0,"gold_gain":0.0,"event_name":"Living Wall","player_choice":"Grow","floor":2.0,"gold_loss":0.0,"damage_taken":0.0,"cards_upgraded":["hierophant:ChurchCoffers"]},{"damage_healed":0.0,"max_hp_gain":0.0,"max_hp_loss":0.0,"gold_gain":275.0,"event_name":"Golden Shrine","player_choice":"Desecrate","floor":5.0,"gold_loss":0.0,"damage_taken":0.0,"cards_obtained":["Regret"]},{"damage_healed":0.0,"max_hp_gain":0.0,"max_hp_loss":0.0,"gold_gain":0.0,"event_name":"WeMeetAgain","player_choice":"Paid Gold","floor":27.0,"gold_loss":105.0,"damage_taken":0.0,"relics_obtained":["Orichalcum"]},{"damage_healed":0.0,"max_hp_gain":0.0,"max_hp_loss":0.0,"gold_gain":0.0,"event_name":"Match and Keep!","player_choice":"0 cards matched","floor":36.0,"gold_loss":0.0,"damage_taken":0.0,"cards_obtained":[]},{"damage_healed":0.0,"max_hp_gain":0.0,"max_hp_loss":0.0,"gold_gain":0.0,"event_name":"Tomb of Lord Red Mask","player_choice":"Ignored","floor":41.0,"gold_loss":0.0,"damage_taken":0.0},{"cards_removed":["hierophant:Strike_Hierophant"],"damage_healed":0.0,"max_hp_gain":0.0,"max_hp_loss":0.0,"gold_gain":0.0,"event_name":"Purifier","player_choice":"Purged","floor":54.0,"gold_loss":0.0,"damage_taken":0.0},{"cards_removed":["hierophant:Blessing"],"damage_healed":0.0,"max_hp_gain":0.0,"max_hp_loss":0.0,"gold_gain":0.0,"event_name":"WeMeetAgain","player_choice":"Gave Card","floor":71.0,"gold_loss":0.0,"damage_taken":0.0,"relics_obtained":["Grinning Jar"]},{"damage_healed":0.0,"max_hp_gain":0.0,"max_hp_loss":0.0,"gold_gain":0.0,"event_name":"The Library","player_choice":"Read","floor":76.0,"gold_loss":0.0,"damage_taken":0.0,"cards_obtained":["hierophant:ConvertCurrency"]},{"cards_removed":["hierophant:FlamingChariot"],"damage_healed":0,"gold_gain":0,"player_choice":"Card Removal","damage_taken":0,"max_hp_gain":0,"max_hp_loss":0,"event_name":"The Cleric","floor":104,"gold_loss":50}],"is_beta":false,"boss_relics":[{"not_picked":["Cursed Key","StuffTheSpire:RunicHypercube"],"picked":"Coffee Dripper"},{"not_picked":["Fusion Hammer","SlaversCollar"],"picked":"Black Star"},{"not_picked":["StuffTheSpire:RunicConfusion","infinitespire:Cupcake"],"picked":"Ring of Chaos"},{"not_picked":["Cursed Key","StuffTheSpire:RunicConfusion","SacredBark"]},{"not_picked":["Runesmith:UraniumAnvil","Honey Jar"],"picked":"Replay:Bronze Core"},{"not_picked":["ReplayTheSpireMod:SealedPack","Tiny House"],"picked":"Kintsugi"}],"items_purged_floors":[20,37,46,65,73,75,87,96,106],"is_endless":true,"potions_floor_spawned":[7,8,12,18,19,28,30,31,33,38,40,42,50,53,56,62,63,64,72,81,82,84,86,92,98,99,101,107],"killed_by":"3 Sentries","ascension_level":0}}