{"host":"aovbmu76o5toxav1","time":1614285884,"event":{"mods":["BaseMod","Jorbs\u0027s Wanderer Trilogy","Marisa????????","Minty Spire (QoL Compilation)","StSLib","The Bug Knight","The Servant 0.9.4"],"gold_per_floor":[119,119,119,135,310,310,325,345,345,345,378,392,392,412,412,412,412],"floor_reached":16,"language":"ENG","playtime":1079,"items_purged":[],"score":102,"play_id":"c3ff05fc-8335-4e4c-b91f-2065b70658cc","local_time":"20210225154444","is_ascension_mode":false,"campfire_choices":[{"floor":6,"key":"DIG"},{"floor":10,"key":"DIG"},{"data":"KidneyShot","floor":13,"key":"SMITH"},{"floor":15,"key":"REST"}],"circlet_count":0,"master_deck":["Strike_S","Strike_S","Strike_S","Defend_S","Defend_S","Defend_S","Defend_S","KidneyShot+1","Exchange","Misdirection","BottledTime","Doubt","ReturningBlade","SpecialFormula","Desolation","SilverBlades","Potential","Ricochet","Comet"],"relics":["Uniform","NeowsBlessing","Shovel","Boot","Sundial","Prayer Wheel","Art of War"],"acts_visited":["Exordium"],"potions_floor_usage":[11,16,16],"damage_taken":[{"damage":0,"enemies":"Jaw Worm","floor":1,"turns":1},{"damage":0,"enemies":"Small Slimes","floor":4,"turns":2},{"damage":0,"enemies":"Cultist","floor":7,"turns":1},{"damage":11,"enemies":"2 Fungi Beasts","floor":8,"turns":6},{"damage":16,"enemies":"HollowMod:MossKnight","floor":11,"turns":12},{"damage":9,"enemies":"Lots of Slimes","floor":12,"turns":4},{"damage":7,"enemies":"Looter","floor":14,"turns":3},{"damage":37,"enemies":"Slime Boss","floor":16,"turns":7}],"seed_played":"-2138502510763729802","potions_obtained":[{"floor":4,"key":"SteroidPotion"},{"floor":7,"key":"SneckoOil"},{"floor":8,"key":"Fire Potion"}],"is_trial":false,"path_per_floor":["M","?","?","M","?","R","M","M","T","R","E","M","R","M","R","B"],"character_chosen":"THE_SERVANT","items_purchased":[],"campfire_rested":1,"item_purchase_floors":[],"current_hp_per_floor":[65,47,40,40,40,40,40,29,29,29,18,9,9,7,26,0,0],"gold":412,"neow_bonus":"THREE_ENEMY_KILL","is_daily":false,"chose_seed":false,"campfire_upgraded":1,"win_rate":0.0,"timestamp":1614285884,"path_taken":["M","?","?","M","?","R","M","M","T","R","E","M","R","?","R","BOSS"],"items_purchased_type":[],"build_version":"2020-12-22","purchased_purges":0,"victory":false,"max_hp_per_floor":[65,65,65,65,65,65,65,65,65,65,65,65,65,65,65,65,65],"card_choices":[{"not_picked":["TimeWarp","RealityMarble"],"picked":"Misdirection","floor":1},{"not_picked":["MoonPhase","Reset"],"picked":"BottledTime","floor":4},{"not_picked":["Moondial","Rewind"],"picked":"ReturningBlade","floor":7},{"not_picked":["Unruled","Hightail"],"picked":"SpecialFormula","floor":8},{"not_picked":["Contraction","Gouge"],"picked":"Desolation","floor":11},{"not_picked":["Manipulate","Potential"],"picked":"SilverBlades","floor":12},{"not_picked":["Moondial","ForgedInTime"],"picked":"Potential","floor":12},{"not_picked":["Reset","Rewind"],"picked":"Ricochet","floor":14},{"not_picked":["BottledTime","Revamp"],"picked":"Comet","floor":14}],"player_experience":136318,"relics_obtained":[{"floor":6,"key":"Boot"},{"floor":9,"key":"Sundial"},{"floor":10,"key":"Prayer Wheel"},{"floor":11,"key":"Art of War"}],"event_choices":[{"damage_healed":0,"gold_gain":0,"player_choice":"Success","damage_taken":18,"relics_obtained":["Shovel"],"max_hp_gain":0,"max_hp_loss":0,"event_name":"Scrap Ooze","floor":2,"gold_loss":0},{"cards_removed":["Strike_S"],"damage_healed":0,"gold_gain":0,"player_choice":"Card Removal","damage_taken":7,"max_hp_gain":0,"max_hp_loss":0,"event_name":"Golden Wing","floor":3,"gold_loss":0},{"damage_healed":0,"gold_gain":175,"player_choice":"AGREE","damage_taken":0,"max_hp_gain":0,"max_hp_loss":0,"event_name":"Liars Game","floor":5,"gold_loss":0,"cards_obtained":["Doubt"]}],"is_beta":false,"boss_relics":[],"items_purged_floors":[],"is_endless":false,"potions_floor_spawned":[4,7,8],"killed_by":"Slime Boss","ascension_level":0}}