{"host":"zp8jvycvinn13jdb","time":1614284592,"event":{"mods":["BaseMod","Better Match","Colored Powertips","Downfall","Googly Eyes","Hermit","Minty Spire (QoL Compilation)","Rare Cards Sparkle","Relic Stats","StSLib","SuperFastMode","Synergy Search","The Bug Knight","The Cursed"],"gold_per_floor":[368,379,379,390,13,43,21,21,69,69,85,105,105,123,123,223,223,211,211,228,21,32,32,65,83,133,8,107,122,122,137,137,137,137],"floor_reached":33,"language":"ENG","playtime":1760,"items_purged":["Strike_R","Bash","Strike_R"],"score":294,"play_id":"c4054cb4-9e00-4bb4-b310-ffb93a279626","local_time":"20210225152312","is_ascension_mode":false,"campfire_choices":[{"data":"Body Slam","floor":8,"key":"SMITH"},{"data":"Good Instincts","floor":10,"key":"SMITH"},{"data":"Flame Barrier","floor":13,"key":"SMITH"},{"data":"Body Slam","floor":15,"key":"SMITH"},{"data":"Body Slam","floor":23,"key":"SMITH"},{"data":"Body Slam","floor":30,"key":"SMITH"},{"floor":32,"key":"REST"}],"circlet_count":0,"master_deck":["Strike_R","Strike_R","Strike_R","Defend_R","Defend_R","Defend_R","Defend_R","Shrug It Off","Flame Barrier+1","Body Slam+1","Good Instincts+1","Shrug It Off","Shrug It Off","Body Slam+1","Body Slam+1","Body Slam+1","Finesse","Demon Form","Ghostly Armor"],"relics":["Burning Blood","ClockworkSouvenir","Strawberry","Potion Belt","bronze:MakeshiftBattery","Anchor","Orichalcum"],"acts_visited":["Exordium","TheCity"],"potions_floor_usage":[6,16,33],"damage_taken":[{"damage":9,"enemies":"2 Louse","floor":1,"turns":3},{"damage":0,"enemies":"Small Slimes","floor":2,"turns":3},{"damage":13,"enemies":"Jaw Worm","floor":4,"turns":3},{"damage":21,"enemies":"Lagavulin","floor":6,"turns":9},{"damage":6,"enemies":"3 Louse","floor":11,"turns":4},{"damage":2,"enemies":"Large Slime","floor":12,"turns":7},{"damage":9,"enemies":"Exordium Thugs","floor":14,"turns":5},{"damage":45,"enemies":"Slime Boss","floor":16,"turns":14},{"damage":4,"enemies":"2 Thieves","floor":18,"turns":4},{"damage":0,"enemies":"Chosen","floor":20,"turns":3},{"damage":6,"enemies":"Snake Plant","floor":22,"turns":4},{"damage":41,"enemies":"Gremlin Leader","floor":24,"turns":10},{"damage":0,"enemies":"Shelled Parasite and Fungi","floor":25,"turns":4},{"damage":0,"enemies":"Chosen and Byrds","floor":29,"turns":5},{"damage":0,"enemies":"Centurion and Healer","floor":31,"turns":6},{"damage":100,"enemies":"Champ","floor":33,"turns":11}],"seed_played":"6940564258543677771","potions_obtained":[{"floor":2,"key":"SkillPotion"},{"floor":4,"key":"hexamod:SoulburnPotion"},{"floor":22,"key":"SkillPotion"},{"floor":25,"key":"BloodPotion"}],"is_trial":false,"path_per_floor":["M","M","?","M","$","E","$","R","T","R","M","M","R","M","R","B",null,"M","?","M","$","M","R","E","M","T","$","?","M","R","M","R","B"],"character_chosen":"IRONCLAD","items_purchased":["Body Slam","Good Instincts","ClockworkSouvenir","Shrug It Off","Body Slam","Finesse"],"campfire_rested":1,"item_purchase_floors":[5,5,5,7,21,21],"current_hp_per_floor":[69,72,77,70,70,62,62,62,62,62,62,66,66,63,63,24,84,84,84,84,84,84,84,49,55,55,55,55,61,61,67,84,0,0],"gold":137,"neow_bonus":"TWO_FIFTY_GOLD","is_daily":false,"chose_seed":false,"campfire_upgraded":6,"win_rate":0.0,"timestamp":1614284592,"path_taken":["M","M","?","M","$","E","$","R","T","R","M","M","R","M","R","BOSS","M","?","M","$","M","R","E","M","T","$","?","M","R","M","R","BOSS"],"items_purchased_type":["Card","Card","Relic","Card","Card","Card"],"build_version":"2020-12-22","purchased_purges":3,"victory":false,"max_hp_per_floor":[72,72,77,77,77,84,84,84,84,84,84,84,84,84,84,84,84,84,84,84,84,84,84,84,84,84,84,84,84,84,84,84,84,84],"relic_stats":{"counters":[16,95],"Orichalcum":[0],"obtain_stats":[{"Potion Belt":9,"Anchor":24,"Strawberry":6,"Orichalcum":26,"Burning Blood":0,"bronze:MakeshiftBattery":17,"ClockworkSouvenir":5},{"Potion Belt":4,"Anchor":12,"Strawberry":4,"Orichalcum":13,"Burning Blood":0,"bronze:MakeshiftBattery":8,"ClockworkSouvenir":3},{"Potion Belt":18,"Anchor":69,"Strawberry":18,"Orichalcum":73,"Burning Blood":0,"bronze:MakeshiftBattery":48,"ClockworkSouvenir":9}],"Burning Blood":79},"card_choices":[{"not_picked":["Dark Embrace","Iron Wave"],"picked":"Shrug It Off","floor":1},{"not_picked":["Bloodletting","Burning Pact","Cleave"],"picked":"SKIP","floor":2},{"not_picked":["Spot Weakness","Limit Break"],"picked":"Flame Barrier","floor":4},{"not_picked":["Havoc","Wild Strike","Clash"],"picked":"SKIP","floor":6},{"not_picked":["Flex","Clothesline","True Grit"],"picked":"SKIP","floor":11},{"not_picked":["Spot Weakness","Power Through"],"picked":"Shrug It Off","floor":12},{"not_picked":["Pommel Strike","Twin Strike"],"picked":"Body Slam","floor":14},{"not_picked":["Twin Strike","Thunderclap","Flex"],"picked":"SKIP","floor":18},{"not_picked":["Perfected Strike","Heavy Blade"],"picked":"Body Slam","floor":20},{"not_picked":["Flex+1","Carnage"],"picked":"Demon Form","floor":22},{"not_picked":["Cleave","Limit Break","True Grit"],"picked":"SKIP","floor":24},{"not_picked":["Pommel Strike","Blood for Blood"],"picked":"Ghostly Armor","floor":25},{"not_picked":["Inflame","Rampage+1","Cleave"],"picked":"SKIP","floor":29},{"not_picked":["Flex","Cleave","Thunderclap"],"picked":"SKIP","floor":31}],"player_experience":187141,"relics_obtained":[{"floor":6,"key":"Strawberry"},{"floor":9,"key":"Potion Belt"},{"floor":24,"key":"Anchor"},{"floor":26,"key":"Orichalcum"}],"event_choices":[{"damage_healed":0,"gold_gain":0,"player_choice":"Donut","damage_taken":0,"max_hp_gain":5,"max_hp_loss":0,"event_name":"Big Fish","floor":3,"gold_loss":0},{"damage_healed":0,"gold_gain":0,"player_choice":"Ignored","damage_taken":0,"max_hp_gain":0,"max_hp_loss":0,"event_name":"Ghosts","floor":19,"gold_loss":0},{"damage_healed":0,"gold_gain":99,"player_choice":"Stole From Cult","damage_taken":0,"max_hp_gain":0,"max_hp_loss":0,"event_name":"Nest","floor":28,"gold_loss":0}],"is_beta":false,"boss_relics":[{"not_picked":["Astrolabe","Snecko Eye"],"picked":"bronze:MakeshiftBattery"}],"items_purged_floors":[5,21,27],"is_endless":false,"potions_floor_spawned":[2,4,22,25],"killed_by":"Champ","ascension_level":0}}