{"host":"gfmcepcjap0l8d24","time":1614251012,"event":{"mods":["AchievementEnabler","Act Like it!","BaseMod","BetterRewards","Card Filter","Card Forge","Colored Map","Colored Powertips","Custom Start","DeckTracker","Defuse TimeMaze Blight","Gold Saver","Key Reminder","Minty Spire (QoL Compilation)","Permanent Neow","Practice Mode","Quick Restart","Relic Filter","Shop Mod","StSLib","SuperFastMode"],"gold_per_floor":[813,507,487,505,505,505,529,529,529,529,438,456,475,318,318,318,318],"floor_reached":16,"language":"JPN","playtime":896,"items_purged":["Strike_R","Strike_R","Strike_R"],"score":90,"play_id":"6e810be5-d523-4597-a986-43ee02f74f6e","local_time":"20210225200332","is_ascension_mode":false,"campfire_choices":[{"data":"Body Slam","floor":6,"key":"SMITH"},{"floor":8,"key":"RECALL"},{"data":"Power Through","floor":15,"key":"SMITH"}],"circlet_count":0,"master_deck":["Strike_R","Strike_R","Defend_R","Defend_R","Defend_R","Defend_R","Bash","Body Slam+1","Ghostly Armor","Pommel Strike+1","Dual Wield","Power Through","Seeing Red","Power Through+1","Exhume","Evolve"],"relics":["Burning Blood","Hammer of Thor","Seething Fire","Anvil of the Gods","Nunchaku","Membership Card","Art of War","Golden Idol","keyreminder:keyreminder","Lantern"],"acts_visited":["Exordium"],"potions_floor_usage":[],"damage_taken":[{"damage":0,"enemies":"2 Louse","floor":1,"turns":3},{"damage":0,"enemies":"Cultist","floor":4,"turns":4},{"damage":0,"enemies":"Small Slimes","floor":7,"turns":3},{"damage":0,"enemies":"Looter","floor":12,"turns":2},{"damage":3,"enemies":"Red Slaver","floor":13,"turns":3},{"damage":80,"enemies":"Hexaghost","floor":16,"turns":16}],"seed_played":"7386499607573269840","potions_obtained":[{"floor":1,"key":"Strength Potion"},{"floor":3,"key":"EssenceOfSteel"},{"floor":4,"key":"SmokeBomb"},{"floor":12,"key":"Dexterity Potion"}],"is_trial":false,"path_per_floor":["M","$","?","M","?","R","M","R","T","?","$","M","M","$","R","B"],"character_chosen":"IRONCLAD","items_purchased":["Membership Card","Ghostly Armor","Art of War","Power Through","Power Through","Exhume"],"campfire_rested":0,"item_purchase_floors":[2,2,2,11,14,14],"current_hp_per_floor":[80,80,80,80,60,60,66,66,66,66,66,72,75,75,75,0,0],"gold":318,"neow_bonus":"RANDOM_COMMON_RELIC","is_daily":false,"chose_seed":false,"campfire_upgraded":2,"win_rate":0.0,"timestamp":1614251012,"path_taken":["M","$","?","?","?","R","M","R","T","?","$","?","M","$","R","BOSS"],"items_purchased_type":["Relic","Card","Relic","Card","Card","Card"],"build_version":"2020-12-22","purchased_purges":3,"victory":false,"max_hp_per_floor":[80,80,80,80,80,80,80,80,80,80,80,80,80,80,80,80,80],"card_choices":[{"not_picked":["Sentinel","Clash"],"picked":"Body Slam","floor":1},{"not_picked":["True Grit","Clothesline"],"picked":"Pommel Strike","floor":4},{"not_picked":["Flex","Clash"],"picked":"Dual Wield","floor":7},{"not_picked":["Wild Strike","Dual Wield"],"picked":"Seeing Red","floor":12},{"not_picked":["Wild Strike","Havoc","Clothesline"],"picked":"SKIP","floor":13}],"player_experience":216636,"relics_obtained":[{"floor":9,"key":"Lantern"}],"event_choices":[{"damage_healed":0,"gold_gain":0,"player_choice":"Bought 1 Potion","damage_taken":0,"max_hp_gain":0,"max_hp_loss":0,"event_name":"The Woman in Blue","floor":3,"gold_loss":0},{"damage_healed":0,"gold_gain":0,"player_choice":"Take Damage","damage_taken":20,"relics_obtained":["Golden Idol"],"max_hp_gain":0,"max_hp_loss":0,"event_name":"Golden Idol","floor":5,"gold_loss":0},{"damage_healed":0,"gold_gain":0,"player_choice":"Upgraded","damage_taken":0,"max_hp_gain":0,"max_hp_loss":0,"event_name":"Upgrade Shrine","floor":10,"gold_loss":0,"cards_upgraded":["Pommel Strike"]}],"is_beta":false,"boss_relics":[],"items_purged_floors":[2,11,14],"is_endless":false,"potions_floor_spawned":[1,4,12],"killed_by":"Hexaghost","ascension_level":0}}