{"host":"nia1zwr35jsu5y7h","time":1614221134,"event":{"mods":["2.2 Compatiblity","Abigail Mod","Bard","BaseMod","Colored Map","Conspire","Downfall","Friendly Minions","Hermit","Highlight Path","Hubris","Infinite Spire","Kiyohime????","Koishi","Marisa????????","Minty Spire (QoL Compilation)","Quick Restart","Replay The Spire","Shade Mod","Shop Mod","StSLib","The Animator","The Construct","The Cursed","The Disciple","The Mystic","The Necromancer","The Servant 0.9.4"],"gold_per_floor":[131,181,216,291,317,317,4,74,74,118,83,16,41,148,148,332,332,377,377,410,437,464,510,334,334,361,361,115,115,183,237,237,419,419,451,451,516,32,85,116,116,155,155,186,235,235,235,110,110,122],"floor_reached":51,"language":"ENG","playtime":3728,"items_purged":["hexamod:Float","hermit:Strike_Hermit","Languid"],"score":867,"play_id":"5801a593-bdd8-4d5a-9e88-1d5bc1bbc422","local_time":"20210224184534","is_ascension_mode":true,"campfire_choices":[{"data":"hermit:Brawl","floor":6.0,"key":"SMITH"},{"data":"hermit:Roughhouse","floor":25.0,"key":"SMITH"},{"data":"hermit:Gestalt","floor":29,"key":"SMITH"},{"floor":32,"key":"REST"},{"data":"hermit:HeroicBravado","floor":41,"key":"SMITH"},{"data":"Replay:Fractal Strike","floor":47,"key":"SMITH"},{"data":"hermit:Brawl","floor":49,"key":"SMITH"}],"circlet_count":0,"master_deck":["hermit:Strike_Hermit","hermit:Strike_Hermit","hermit:Defend_Hermit","hermit:Defend_Hermit","hermit:Defend_Hermit","hermit:Defend_Hermit","hermit:Snapshot","hermit:Covet","hermit:DeadOrAlive+1","Replay:BasicMightCard+1","ReplayTheSpireMod:Book of Names","hermit:DeadOrAlive+1","hermit:Brawl+1","hermit:DeadMansHand","hermit:Scavenge","hermit:Brawl+1","hermit:DeadOrAlive+1","CurseOfTheBell","hermit:WideOpen","hermit:Roughhouse+1","hermit:TakeAim","hermit:Scavenge+1","hermit:Determination","hermit:Gestalt+1","hermit:DeadOrAlive+1","hermit:Midnight+1","hermit:HeroicBravado+1","hermit:Maintenance+1","Replay:Fractal Strike+1","hermit:TakeCover+1"],"relics":["ReplayTheSpireMod:SealedPack","Kunai","infinitespire:Broken Mirror","ReplayTheSpireMod:Shallot","Replay:Bottled Eggs","Garlic","Calling Bell","MealTicket","Meat on the Bone","Durian","hubris:Metronome","Potion Belt","infinitespire:Bottled Soul","Pear","hubris:GrandSneckoEye","Unceasing Top","Guardian:PocketSentry","Vajra","Singing Bowl"],"acts_visited":["Exordium","TheCity","TheBeyond"],"potions_floor_usage":[30,37,40,50,50,50],"damage_taken":[{"damage":0.0,"enemies":"Jaw Worm","floor":1.0,"turns":4.0},{"damage":0.0,"enemies":"Small Slimes","floor":2.0,"turns":3.0},{"damage":13.0,"enemies":"conspire:MimicChest","floor":3.0,"turns":5.0},{"damage":5.0,"enemies":"conspire:RoseBush","floor":5.0,"turns":4.0},{"damage":18.0,"enemies":"Replay:BlueRogue","floor":8.0,"turns":5.0},{"damage":13.0,"enemies":"Lots of Slimes","floor":10.0,"turns":5.0},{"damage":7.0,"enemies":"Large Slime","floor":13.0,"turns":4.0},{"damage":18.0,"enemies":"3 Sentries","floor":14.0,"turns":6.0},{"damage":5.0,"enemies":"Hexaghost","floor":16.0,"turns":7.0},{"damage":12.0,"enemies":"3 Byrds","floor":18.0,"turns":6.0},{"damage":3.0,"enemies":"Chosen","floor":20.0,"turns":3.0},{"damage":0.0,"enemies":"Snecko","floor":21.0,"turns":4.0},{"damage":15.0,"enemies":"Snake Plant","floor":22.0,"turns":4.0},{"damage":46.0,"enemies":"conspire:SneckoGhost","floor":23.0,"turns":7.0},{"damage":42,"enemies":"conspire:Head Lice","floor":30,"turns":7},{"damage":8,"enemies":"Centurion and Healer","floor":31,"turns":6},{"damage":5,"enemies":"Champ","floor":33,"turns":12},{"damage":26,"enemies":"3 Shapes","floor":35,"turns":7},{"damage":1,"enemies":"Mind Bloom Boss Battle","floor":37,"turns":7},{"damage":5,"enemies":"R_Hoarder","floor":40,"turns":8},{"damage":1,"enemies":"3 Darklings","floor":42,"turns":5},{"damage":0,"enemies":"Writhing Mass","floor":44,"turns":6},{"damage":0,"enemies":"Jaw Worm Horde","floor":45,"turns":5},{"damage":23,"enemies":"Replay:Hell Engine","floor":50,"turns":10}],"seed_played":"3598891768121519726","potions_obtained":[{"floor":2.0,"key":"Energy Potion"},{"floor":10.0,"key":"DistilledChaos"},{"floor":13.0,"key":"BlessingOfTheForge"},{"floor":16.0,"key":"Venom Potion"},{"floor":18.0,"key":"AttackPotion"},{"floor":20.0,"key":"Block Potion"},{"floor":23.0,"key":"Explosive Potion"},{"floor":30,"key":"BlessingOfTheForge"},{"floor":33,"key":"Flashbang"},{"floor":37,"key":"Energy Potion"},{"floor":45,"key":"Guardian:BlockOnCardUsePotion"}],"is_trial":false,"path_per_floor":["M","M","?","?","M","R","$","E","T","M","?","$","M","E","R_BF","B",null,"M","?","M","M","M","E","$","R","T","?","$","R","E","M","R","B",null,"M","?","?","?","T","E","R","M","T","M","M","?","R","$","R","B",null],"character_chosen":"HERMIT","items_purchased":["infinitespire:Broken Mirror","hermit:Scavenge","hermit:Gestalt","infinitespire:Bottled Soul"],"campfire_rested":1,"item_purchase_floors":[7,12,24,28],"current_hp_per_floor":[68,68,55,48,43,43,43,25,25,12,30,30,23,5,27,22,67,55,55,52,52,49,15,30,30,30,30,45,45,25,29,56,51,80,54,54,53,53,53,48,48,47,47,49,51,53,53,68,68,57],"gold":122,"neow_bonus":"BOSS_RELIC","is_daily":false,"chose_seed":false,"campfire_upgraded":6,"win_rate":0.0,"timestamp":1614221134,"path_taken":["M","M","?","?","?","R","$","E","T","M","?","$","M","E","R_BF","BOSS","M","?","?","M","?","E","$","R","T","?","$","R","E","M","R","BOSS","M","?","?","?","?","E","R","M","T","M","?","?","R","?","R","BOSS"],"items_purchased_type":["Relic","Card","Card","Relic"],"build_version":"2020-12-22","purchased_purges":3,"victory":true,"max_hp_per_floor":[75,75,75,75,75,75,75,75,75,75,75,75,75,75,75,75,80,80,80,80,80,80,80,80,80,80,80,80,80,90,90,90,90,90,90,90,90,90,90,90,90,90,90,92,94,96,96,96,96,96],"card_choices":[{"not_picked":["KidneyShot","mysticmod:ShockingGrasp"],"picked":"hexamod:Float","floor":0.0},{"not_picked":["hermit:BlackWind","hermit:FromBeyond"],"picked":"hermit:DeadOrAlive","floor":0.0},{"not_picked":["ReplayTheSpireMod:Uncanny Aura","Enlightenment"],"picked":"Replay:BasicMightCard","floor":0.0},{"not_picked":["infinitespire:Starlight","ReplayTheSpireMod:Chaos Vortex"],"picked":"ReplayTheSpireMod:Book of Names","floor":0.0},{"not_picked":["hermit:LuckOfTheDraw","hermit:Roulette"],"picked":"hermit:DeadOrAlive","floor":1.0},{"not_picked":["hermit:HoleUp","hermit:Deadeye"],"picked":"hermit:Brawl","floor":2.0},{"not_picked":["hermit:Feint","hermit:Misfire"],"picked":"hermit:DeadMansHand","floor":3.0},{"not_picked":["hermit:Dive","hermit:Misfire","hermit:Quickdraw"],"picked":"SKIP","floor":5.0},{"not_picked":["hermit:Showdown","hermit:Snipe","hermit:Misfire"],"picked":"SKIP","floor":8.0},{"not_picked":["hermit:Roulette","hermit:Desperado","hermit:Vantage"],"picked":"SKIP","floor":10.0},{"not_picked":["hermit:HighCaliber","hermit:CalledShot","hermit:CursedWeapon"],"picked":"SKIP","floor":13.0},{"not_picked":["hermit:WideOpen","hermit:NoHoldsBarred"],"picked":"hermit:Brawl","floor":14.0},{"not_picked":["hermit:Purgatory","hermit:RoundhouseKick"],"picked":"hermit:DeadOrAlive","floor":16.0},{"not_picked":["hermit:Glare","hermit:Desperado+1","hermit:DeadMansHand"],"picked":"SKIP","floor":18.0},{"not_picked":["hermit:SprayPray","hermit:WideOpen+1"],"picked":"hermit:Roughhouse","floor":20.0},{"not_picked":["hermit:TakeCover","hermit:Quickdraw"],"picked":"hermit:TakeAim","floor":21.0},{"not_picked":["hermit:NoHoldsBarred","hermit:Snipe"],"picked":"hermit:Scavenge+1","floor":22.0},{"not_picked":["hermit:HoleUp","hermit:Headshot"],"picked":"hermit:Determination","floor":23.0},{"not_picked":["hermit:Enervate","hermit:Snipe"],"picked":"hermit:DeadOrAlive","floor":30},{"not_picked":["hermit:Showdown+1","hermit:Determination"],"picked":"hermit:Midnight+1","floor":31},{"not_picked":["hermit:BlackWind","hermit:DeadOrAlive"],"picked":"hermit:HeroicBravado","floor":33},{"not_picked":["hermit:Manifest","hermit:ItchyTrigger+1","hermit:Dive"],"picked":"SKIP","floor":35},{"not_picked":["hermit:Quickdraw","hermit:Deadeye+1"],"picked":"hermit:Maintenance+1","floor":37},{"not_picked":["infinitespire:FinalStrike","infinitespire:DeathsTouch"],"picked":"Replay:Fractal Strike","floor":38},{"not_picked":["hermit:ShadowCloak+1","hermit:Manifest","hermit:Desperado+1"],"picked":"SKIP","floor":40},{"not_picked":["hermit:Manifest","hermit:Vantage"],"picked":"hermit:TakeCover+1","floor":42},{"not_picked":["hermit:Ricochet+1","hermit:GoldenBullet+1","hermit:Horror"],"picked":"Singing Bowl","floor":44},{"not_picked":["hermit:CalledShot+1","hermit:Quickdraw","hermit:SprayPray+1"],"picked":"Singing Bowl","floor":45},{"not_picked":["Replay:Sssssssssshield","Swift Strike","ReplayTheSpireMod:Private Reserves"],"picked":"Singing Bowl","floor":46}],"player_experience":2219921,"relics_obtained":[{"floor":3.0,"key":"Kunai"},{"floor":8.0,"key":"ReplayTheSpireMod:Shallot"},{"floor":9.0,"key":"Replay:Bottled Eggs"},{"floor":14.0,"key":"Garlic"},{"floor":17.0,"key":"MealTicket"},{"floor":17.0,"key":"Meat on the Bone"},{"floor":17.0,"key":"Durian"},{"floor":23.0,"key":"hubris:Metronome"},{"floor":26.0,"key":"Potion Belt"},{"floor":30,"key":"Pear"},{"floor":37,"key":"Unceasing Top"},{"floor":39,"key":"Guardian:PocketSentry"},{"floor":40,"key":"Vajra"},{"floor":43,"key":"Singing Bowl"}],"event_choices":[{"damage_healed":0.0,"max_hp_gain":0.0,"max_hp_loss":0.0,"gold_gain":75.0,"event_name":"FaceTrader","player_choice":"Touch","floor":4.0,"gold_loss":0.0,"damage_taken":7.0},{"damage_healed":18.0,"max_hp_gain":0.0,"max_hp_loss":0.0,"gold_gain":0.0,"event_name":"The Cleric","player_choice":"Healed","floor":11.0,"gold_loss":35.0,"damage_taken":0.0},{"damage_healed":0.0,"max_hp_gain":0.0,"max_hp_loss":0.0,"gold_gain":0.0,"cards_transformed":["hermit:Strike_Hermit"],"event_name":"Transmorgrifier","player_choice":"Transformed","floor":19.0,"gold_loss":0.0,"damage_taken":0.0,"cards_obtained":["hermit:WideOpen"]},{"damage_healed":0.0,"max_hp_gain":0.0,"max_hp_loss":0.0,"gold_gain":0.0,"event_name":"Vampires","player_choice":"Ignored","floor":27.0,"gold_loss":0.0,"damage_taken":0.0},{"damage_healed":0,"gold_gain":0,"player_choice":"Fight","damage_taken":0,"max_hp_gain":0,"max_hp_loss":0,"event_name":"MindBloom","floor":37,"gold_loss":0},{"damage_healed":0,"gold_gain":0,"player_choice":"Memory 1","damage_taken":0,"max_hp_gain":0,"max_hp_loss":0,"event_name":"SensoryStone","floor":46,"gold_loss":0}],"is_beta":false,"boss_relics":[{"not_picked":["hermit:DentedPlate","hubris:CrackedHourglass"],"picked":"Calling Bell"},{"not_picked":["hubris:HollowSoul","hubris:ScarierMask"],"picked":"hubris:GrandSneckoEye"}],"items_purged_floors":[7,24,48],"is_endless":false,"potions_floor_spawned":[2,10,13,16,18,20,23,30,33,37,45],"ascension_level":8}}