{"host":"hksh7f5443926s0d","time":1614284658,"event":{"mods":["BaseMod","Minty Spire (QoL Compilation)","Replay The Spire","Shop Mod","StSLib"],"gold_per_floor":[110,110,110,130,142,142,157,157,182,213,253,178,353,370,370,392,392],"floor_reached":16,"language":"ENG","playtime":394,"items_purged":["Defend_G"],"score":94,"play_id":"e17a3822-2c2a-46ef-bb68-c0189d052dc9","local_time":"20210225212418","is_ascension_mode":false,"campfire_choices":[{"data":"Infinite Blades","floor":6,"key":"SMITH"},{"data":"Neutralize","floor":8,"key":"SMITH"},{"floor":15,"key":"REST"}],"circlet_count":0,"master_deck":["Strike_G","Strike_G","Strike_G","Strike_G","Strike_G","Defend_G","Defend_G","Defend_G","Defend_G","Survivor","Neutralize+1","Infinite Blades+1","Blade Dance","Slice","Blade Dance","Envenom","Doubt","Dagger Spray"],"relics":["Ring of the Snake","NeowsBlessing","Replay:Bandana"],"acts_visited":["Exordium"],"potions_floor_usage":[7,10,14],"damage_taken":[{"damage":0,"enemies":"Cultist","floor":1,"turns":1},{"damage":0,"enemies":"Small Slimes","floor":4,"turns":1},{"damage":0,"enemies":"Jaw Worm","floor":5,"turns":1},{"damage":19,"enemies":"Large Slime","floor":7,"turns":6},{"damage":12,"enemies":"Gremlin Gang","floor":10,"turns":3},{"damage":9,"enemies":"Blue Slaver","floor":11,"turns":4},{"damage":4,"enemies":"Exordium Thugs","floor":14,"turns":2},{"damage":47,"enemies":"The Guardian","floor":16,"turns":9}],"seed_played":"-8856145224683951591","potions_obtained":[{"floor":5,"key":"Adrenaline Potion"},{"floor":7,"key":"Explosive Potion"},{"floor":11,"key":"AttackPotion"},{"floor":14,"key":"Milkshake"}],"is_trial":false,"path_per_floor":["M","$","$","M","M","R","M","R","T","M","M","$","?","M","R","B"],"character_chosen":"THE_SILENT","items_purchased":[],"campfire_rested":1,"item_purchase_floors":[],"current_hp_per_floor":[70,70,70,70,70,70,51,51,51,39,30,30,30,26,47,0,0],"gold":392,"neow_bonus":"THREE_ENEMY_KILL","is_daily":false,"chose_seed":false,"campfire_upgraded":2,"win_rate":0.0,"timestamp":1614284658,"path_taken":["M","?","$","M","M","R","?","R","T","M","M","$","?","M","R","BOSS"],"items_purchased_type":[],"build_version":"2020-12-22","purchased_purges":1,"victory":false,"max_hp_per_floor":[70,70,70,70,70,70,70,70,70,70,70,70,70,70,70,70,70],"card_choices":[{"not_picked":["Acrobatics","Dagger Spray"],"picked":"Infinite Blades","floor":1},{"not_picked":["Deadly Poison","Tactician"],"picked":"Blade Dance","floor":4},{"not_picked":["Sucker Punch","PiercingWail","Deflect"],"picked":"SKIP","floor":5},{"not_picked":["Underhanded Strike","Dagger Throw"],"picked":"Slice","floor":7},{"not_picked":["Slice","Catalyst"],"picked":"Blade Dance","floor":10},{"not_picked":["Blur","Outmaneuver"],"picked":"Envenom","floor":11},{"not_picked":["Deadly Poison","Replay:Poison Smokescreen"],"picked":"Dagger Spray","floor":14}],"player_experience":118578,"relics_obtained":[{"floor":9,"key":"Replay:Bandana"}],"event_choices":[{"damage_healed":0,"gold_gain":175,"player_choice":"AGREE","damage_taken":0,"max_hp_gain":0,"max_hp_loss":0,"event_name":"Liars Game","floor":13,"gold_loss":0,"cards_obtained":["Doubt"]}],"is_beta":false,"boss_relics":[],"items_purged_floors":[12],"is_endless":false,"potions_floor_spawned":[5,7,11,14],"killed_by":"The Guardian","ascension_level":0}}