{"host":"m0bekkrd201b63ug","time":1614295542,"event":{"mods":["AchievementEnabler","BaseMod","Colored Powertips","Highlight Path","Minty Spire (QoL Compilation)","Rare Cards Sparkle","StSLib","SuperFastMode","everything is the same but u backflip on backflip","slay the spire mod where everything is the same but ironclad has a cowboy hat"],"gold_per_floor":[118,130,16,32,43,78,90,131,143,185,197,209,221,265,277,385,397,426,438,450,480,507,519,557,569,581,626,55,55,55,68,68,164,164,174,174,189,205,205,234,234,248,248,46,77,92,103,123,123,123,123,123,23,57,57],"floor_reached":56,"language":"ENG","playtime":3458,"items_purged":["Zap","Dualcast","Defend_B"],"score":2044,"play_id":"5211b6cf-c688-4906-8fb3-80c051a02c7e","local_time":"20210225202542","is_ascension_mode":true,"campfire_choices":[{"data":"Hyperbeam","floor":7.0,"key":"SMITH"},{"floor":12.0,"key":"REST"},{"data":"Hyperbeam","floor":15.0,"key":"SMITH"},{"data":"Buffer","floor":23.0,"key":"SMITH"},{"floor":25.0,"key":"REST"},{"data":"Hologram","floor":29.0,"key":"SMITH"},{"data":"Hologram","floor":32.0,"key":"SMITH"},{"floor":41.0,"key":"RECALL"},{"data":"Conserve Battery","floor":49,"key":"SMITH"},{"data":"Conserve Battery","floor":52,"key":"SMITH"}],"circlet_count":0,"master_deck":["AscendersBane","Defend_B","Defend_B","Defend_B","Conserve Battery+1","Sunder+1","Hyperbeam+1","Hologram+1","Hyperbeam+1","Leap+1","Conserve Battery+1","Buffer+1","Hyperbeam+1","Hologram+1","Hyperbeam+1","Sweeping Beam+1","FTL+1","Sunder+1","Meteor Strike+1","Echo Form+1"],"relics":["Snecko Eye","MawBank","Orichalcum","Cables","Girya","Lizard Tail","Philosopher\u0027s Stone","Enchiridion","Bag of Preparation","Pantograph","Molten Egg 2","Frozen Egg 2","White Beast Statue","Astrolabe","Ancient Tea Set","The Courier","Toy Ornithopter","Singing Bowl","Incense Burner"],"acts_visited":["Exordium","TheCity","TheBeyond","TheEnding"],"potions_floor_usage":[47,47,50,55,55],"damage_taken":[{"damage":0.0,"enemies":"Cultist","floor":1.0,"turns":4.0},{"damage":3.0,"enemies":"Jaw Worm","floor":2.0,"turns":6.0},{"damage":0.0,"enemies":"2 Louse","floor":4.0,"turns":2.0},{"damage":4.0,"enemies":"Red Slaver","floor":5.0,"turns":2.0},{"damage":0.0,"enemies":"3 Sentries","floor":6.0,"turns":1.0},{"damage":7.0,"enemies":"Gremlin Nob","floor":8.0,"turns":3.0},{"damage":14.0,"enemies":"Lagavulin","floor":10.0,"turns":4.0},{"damage":0.0,"enemies":"3 Sentries","floor":14.0,"turns":2.0},{"damage":12.0,"enemies":"The Guardian","floor":16.0,"turns":6.0},{"damage":0.0,"enemies":"2 Thieves","floor":18.0,"turns":1.0},{"damage":0.0,"enemies":"Spheric Guardian","floor":21.0,"turns":2.0},{"damage":0.0,"enemies":"Shelled Parasite and Fungi","floor":22.0,"turns":2.0},{"damage":7.0,"enemies":"Book of Stabbing","floor":24.0,"turns":4.0},{"damage":0.0,"enemies":"Slavers","floor":27.0,"turns":2.0},{"damage":0.0,"enemies":"Snecko","floor":31.0,"turns":2.0},{"damage":0.0,"enemies":"Collector","floor":33.0,"turns":6.0},{"damage":7.0,"enemies":"Orb Walker","floor":35.0,"turns":2.0},{"damage":10.0,"enemies":"3 Shapes","floor":37.0,"turns":2.0},{"damage":0.0,"enemies":"Sphere and 2 Shapes","floor":38.0,"turns":1.0},{"damage":0.0,"enemies":"Nemesis","floor":40.0,"turns":7.0},{"damage":0.0,"enemies":"3 Darklings","floor":42.0,"turns":2.0},{"damage":0,"enemies":"Reptomancer","floor":45,"turns":3},{"damage":0,"enemies":"Transient","floor":46,"turns":5},{"damage":5,"enemies":"Writhing Mass","floor":47,"turns":2},{"damage":0,"enemies":"Jaw Worm Horde","floor":48,"turns":1},{"damage":57,"enemies":"Time Eater","floor":50,"turns":7},{"damage":5,"enemies":"Shield and Spear","floor":54,"turns":2},{"damage":127,"enemies":"The Heart","floor":55,"turns":8}],"seed_played":"6544154529402390730","potions_obtained":[{"floor":2.0,"key":"LiquidBronze"},{"floor":10.0,"key":"LiquidMemories"},{"floor":14.0,"key":"Energy Potion"},{"floor":16.0,"key":"LiquidMemories"},{"floor":31.0,"key":"AttackPotion"},{"floor":33.0,"key":"Fruit Juice"},{"floor":35.0,"key":"PowerPotion"},{"floor":37.0,"key":"Fire Potion"},{"floor":40.0,"key":"Fire Potion"},{"floor":47,"key":"DistilledChaos"},{"floor":48,"key":"SpeedPotion"},{"floor":54,"key":"Explosive Potion"}],"is_trial":false,"path_per_floor":["M","M","$","M","M","E","R","E","T","E","?","R","?","E","R","B",null,"M","?","?","M","M","R","E","R","T","E","$","R","$","M","R","B",null,"M","?","M","M","?","E","R","M","T","$","E","M","M","M","R","B",null,"R","$","E","B",null],"character_chosen":"DEFECT","items_purchased":["Hyperbeam","Hologram","Frozen Egg 2","White Beast Statue","Toy Ornithopter"],"campfire_rested":2,"item_purchase_floors":[3,3,28,28,44],"current_hp_per_floor":[68,65,65,65,61,61,61,54,54,40,25,47,47,47,47,35,65,65,49,49,49,49,49,42,64,64,64,64,64,64,64,64,80,80,73,80,70,70,70,70,70,70,70,70,70,72,79,81,81,29,72,72,72,69,12],"gold":57,"neow_bonus":"BOSS_RELIC","is_daily":false,"chose_seed":false,"campfire_upgraded":7,"win_rate":0.0,"timestamp":1614295542,"path_taken":["M","M","$","?","?","E","R","E","T","E","?","R","?","E","R","BOSS","M","?","?","?","M","R","E","R","T","E","$","R","$","M","R","BOSS","M","?","M","?","?","E","R","M","T","?","E","M","M","M","R","BOSS","R","$","E","BOSS"],"items_purchased_type":["Card","Card","Relic","Relic","Relic"],"build_version":"2020-12-22","purchased_purges":3,"victory":true,"max_hp_per_floor":[75,75,75,75,75,75,75,75,75,75,75,75,75,75,75,75,75,75,75,75,75,75,75,75,75,75,75,75,75,75,75,75,80,80,80,80,80,80,80,80,80,80,80,80,80,82,84,86,86,86,86,86,86,88,88],"card_choices":[{"not_picked":["Go for the Eyes","Coolheaded"],"picked":"Conserve Battery","floor":1.0},{"not_picked":["Steam Power","Redo"],"picked":"Sunder","floor":2.0},{"not_picked":["Auto Shields","Steam"],"picked":"Undo","floor":4.0},{"not_picked":["Undo","Steam"],"picked":"Hyperbeam","floor":5.0},{"not_picked":["Gash","Sweeping Beam"],"picked":"Leap","floor":6.0},{"not_picked":["Compile Driver","Tempest","Chill"],"picked":"SKIP","floor":8.0},{"not_picked":["Streamline","Self Repair","Rainbow"],"picked":"SKIP","floor":10.0},{"not_picked":["Beam Cell","Aggregate"],"picked":"Conserve Battery","floor":14.0},{"not_picked":["All For One","Seek"],"picked":"Buffer","floor":16.0},{"not_picked":["Streamline","Consume","Redo"],"picked":"SKIP","floor":18.0},{"not_picked":["Double Energy+1","Stack+1","Chaos"],"picked":"SKIP","floor":21.0},{"not_picked":["Turbo+1","Steam","Rebound"],"picked":"SKIP","floor":22.0},{"not_picked":["Turbo","BootSequence","Steam+1"],"picked":"SKIP","floor":24.0},{"not_picked":["Leap","Streamline+1","Compile Driver+1"],"picked":"SKIP","floor":27.0},{"not_picked":["Consume","Sweeping Beam+1"],"picked":"Hologram","floor":31.0},{"not_picked":["Meteor Strike+1","Buffer+1"],"picked":"Hyperbeam+1","floor":33.0},{"not_picked":["Undo","Stack","Conserve Battery"],"picked":"SKIP","floor":35.0},{"not_picked":["Conserve Battery","Beam Cell+1"],"picked":"Sunder+1","floor":37.0},{"not_picked":["Sweeping Beam+1","Aggregate+1","Static Discharge+1"],"picked":"SKIP","floor":38.0},{"not_picked":["Streamline+1","Storm+1"],"picked":"Meteor Strike+1","floor":40.0},{"not_picked":["Steam Power+1","Steam+1","Storm+1"],"picked":"SKIP","floor":42.0},{"not_picked":["Undo","Beam Cell+1"],"picked":"Echo Form+1","floor":45},{"not_picked":["Force Field+1","Streamline+1","Coolheaded"],"picked":"Singing Bowl","floor":46},{"not_picked":["Auto Shields+1","Genetic Algorithm+1","Stack"],"picked":"Singing Bowl","floor":47},{"not_picked":["Aggregate","Turbo+1","Compile Driver+1"],"picked":"Singing Bowl","floor":48},{"not_picked":["Turbo+1","Heatsinks+1","Aggregate+1"],"picked":"Singing Bowl","floor":54}],"player_experience":305692,"relics_obtained":[{"floor":6.0,"key":"MawBank"},{"floor":8.0,"key":"Orichalcum"},{"floor":9.0,"key":"Cables"},{"floor":10.0,"key":"Girya"},{"floor":14.0,"key":"Lizard Tail"},{"floor":19.0,"key":"Enchiridion"},{"floor":24.0,"key":"Bag of Preparation"},{"floor":26.0,"key":"Pantograph"},{"floor":27.0,"key":"Molten Egg 2"},{"floor":40.0,"key":"The Courier"},{"floor":45,"key":"Singing Bowl"},{"floor":54,"key":"Incense Burner"}],"event_choices":[{"damage_healed":0.0,"max_hp_gain":0.0,"max_hp_loss":0.0,"gold_gain":0.0,"event_name":"Shining Light","player_choice":"Entered Light","floor":11.0,"gold_loss":0.0,"damage_taken":15.0,"cards_upgraded":["Leap","Sunder"]},{"cards_removed":["Strike_B"],"damage_healed":0.0,"max_hp_gain":0.0,"max_hp_loss":0.0,"gold_gain":0.0,"event_name":"Purifier","player_choice":"Purged","floor":13.0,"gold_loss":0.0,"damage_taken":0.0},{"damage_healed":0.0,"max_hp_gain":0.0,"max_hp_loss":0.0,"gold_gain":0.0,"event_name":"Cursed Tome","player_choice":"Obtained Book","floor":19.0,"gold_loss":0.0,"damage_taken":16.0},{"damage_healed":0.0,"max_hp_gain":0.0,"max_hp_loss":0.0,"gold_gain":0.0,"event_name":"Duplicator","player_choice":"Copied","floor":20.0,"gold_loss":0.0,"damage_taken":0.0,"cards_obtained":["Hyperbeam"]},{"cards_removed":["Steam Power"],"damage_healed":7.0,"max_hp_gain":0.0,"max_hp_loss":0.0,"gold_gain":0.0,"event_name":"Bonfire Elementals","player_choice":"Offered Uncommon","floor":36.0,"gold_loss":0.0,"damage_taken":0.0},{"cards_removed":["Undo"],"damage_healed":0.0,"max_hp_gain":0.0,"max_hp_loss":0.0,"gold_gain":0.0,"event_name":"WeMeetAgain","player_choice":"Gave Card","floor":39.0,"gold_loss":0.0,"damage_taken":0.0,"relics_obtained":["Ancient Tea Set"]}],"is_beta":false,"boss_relics":[{"not_picked":["Runic Dome","Fusion Hammer"],"picked":"Philosopher\u0027s Stone"},{"not_picked":["Cursed Key","SlaversCollar"],"picked":"Astrolabe"}],"items_purged_floors":[28,44,53],"is_endless":false,"potions_floor_spawned":[2,10,14,16,21,31,33,35,37,38,40,42,45,46,47,48,54],"ascension_level":11}}