{"host":"h3ogdo6no3ehk88q","time":1614275391,"event":{"mods":["AchievementEnabler","BaseMod","Minty Spire (QoL Compilation)","StSLib","SuperFastMode"],"gold_per_floor":[110,128,142,142,94,113,138,138,138,138,138,138,194,194,194,39,367,416,416,513,513,557,575,426,467,467,467],"floor_reached":26,"language":"ENG","playtime":728,"items_purged":[],"score":389,"play_id":"d068e4f1-4948-4d21-be8d-dcd6e4bc69c1","local_time":"20210225124951","is_ascension_mode":true,"campfire_choices":[{"floor":8,"key":"REST"},{"data":"Wish","floor":10,"key":"SMITH"},{"floor":15,"key":"REST"},{"floor":19,"key":"REST"}],"circlet_count":0,"master_deck":["AscendersBane","Strike_P","Strike_P","Strike_P","Defend_P","Defend_P","Defend_P","Defend_P","Eruption","Vigilance","EmptyFist","Tantrum","ThirdEye","ConjureBlade","Wish+1","Consecrate","Establishment","CurseOfTheBell","Protect"],"relics":["PureWater","Toy Ornithopter","Yang","Gremlin Horn","Darkstone Periapt","Medical Kit","Old Coin","Calling Bell","Lantern","Pear","Shovel","Lee\u0027s Waffle"],"acts_visited":["Exordium","TheCity"],"potions_floor_usage":[7,18,20,20],"damage_taken":[{"damage":8,"enemies":"2 Louse","floor":1,"turns":4},{"damage":0,"enemies":"Cultist","floor":2,"turns":3},{"damage":0,"enemies":"Jaw Worm","floor":3,"turns":3},{"damage":2,"enemies":"2 Fungi Beasts","floor":6,"turns":4},{"damage":51,"enemies":"Gremlin Nob","floor":7,"turns":4},{"damage":38,"enemies":"3 Sentries","floor":13,"turns":10},{"damage":32,"enemies":"Lagavulin","floor":17,"turns":5},{"damage":21,"enemies":"3 Louse","floor":18,"turns":3},{"damage":11,"enemies":"Hexaghost","floor":20,"turns":6},{"damage":4,"enemies":"Chosen","floor":22,"turns":4},{"damage":26,"enemies":"Shell Parasite","floor":23,"turns":4},{"damage":54,"enemies":"Centurion and Healer","floor":25,"turns":9},{"damage":57,"enemies":"Snake Plant","floor":26,"turns":5}],"seed_played":"1765023455848517540","potions_obtained":[{"floor":3,"key":"BottledMiracle"},{"floor":13,"key":"Ancient Potion"},{"floor":17,"key":"ColorlessPotion"},{"floor":18,"key":"AttackPotion"},{"floor":22,"key":"BlessingOfTheForge"}],"is_trial":false,"path_per_floor":["M","M","M","?","$","M","E","R","?","R","T","?","E","?","R","$","E","M","R","B",null,"M","M","$","M","M"],"character_chosen":"WATCHER","items_purchased":["AttackPotion","Medical Kit","Lee\u0027s Waffle"],"campfire_rested":3,"item_purchase_floors":[5,16,24],"current_hp_per_floor":[57,57,57,82,82,80,29,53,80,80,80,73,35,35,59,59,27,11,35,34,86,82,56,105,51,0,0],"gold":467,"neow_bonus":"ONE_RANDOM_RARE_CARD","is_daily":false,"chose_seed":false,"campfire_upgraded":1,"win_rate":0.0,"timestamp":1614275391,"path_taken":["M","M","M","?","$","?","E","R","?","R","T","?","E","?","R","$","E","?","R","BOSS","M","M","$","M","M"],"items_purchased_type":["Potion","Relic","Relic"],"build_version":"2020-12-22","purchased_purges":0,"victory":false,"max_hp_per_floor":[72,72,72,82,82,82,82,82,82,82,82,82,82,82,82,82,82,82,82,82,98,98,98,105,105,105,105],"card_choices":[{"not_picked":["LikeWater","JustLucky"],"picked":"EmptyFist","floor":1},{"not_picked":["SashWhip","ThirdEye"],"picked":"Tantrum","floor":2},{"not_picked":["Prostrate","SashWhip"],"picked":"ThirdEye","floor":3},{"not_picked":["MentalFortress","Sanctity"],"picked":"ConjureBlade","floor":6},{"not_picked":["BowlingBash","Blasphemy"],"picked":"Wish","floor":7},{"not_picked":["Nirvana","Tantrum"],"picked":"Consecrate","floor":13},{"not_picked":["Weave","Halt"],"picked":"Establishment","floor":17},{"not_picked":["ReachHeaven","LikeWater","Nirvana"],"picked":"SKIP","floor":18},{"not_picked":["SashWhip","PathToVictory"],"picked":"Protect","floor":22},{"not_picked":["MentalFortress","Indignation","FlurryOfBlows+1"],"picked":"SKIP","floor":23},{"not_picked":["EmptyFist","Weave","Pray+1"],"picked":"SKIP","floor":25}],"player_experience":889420,"relics_obtained":[{"floor":7,"key":"Toy Ornithopter"},{"floor":11,"key":"Yang"},{"floor":13,"key":"Darkstone Periapt"},{"floor":17,"key":"Old Coin"},{"floor":21,"key":"Lantern"},{"floor":21,"key":"Pear"},{"floor":21,"key":"Shovel"}],"event_choices":[{"cards_removed":["SpiritShield"],"damage_healed":15,"gold_gain":0,"player_choice":"Offered Rare","damage_taken":0,"max_hp_gain":10,"max_hp_loss":0,"event_name":"Bonfire Elementals","floor":4,"gold_loss":0},{"damage_healed":27,"gold_gain":0,"player_choice":"Banana","damage_taken":0,"max_hp_gain":0,"max_hp_loss":0,"event_name":"Big Fish","floor":9,"gold_loss":0},{"damage_healed":0,"gold_gain":0,"player_choice":"Success","damage_taken":7,"relics_obtained":["Gremlin Horn"],"max_hp_gain":0,"max_hp_loss":0,"event_name":"Scrap Ooze","floor":12,"gold_loss":0},{"cards_removed":["Strike_P"],"damage_healed":0,"gold_gain":0,"player_choice":"Purged","damage_taken":0,"max_hp_gain":0,"max_hp_loss":0,"event_name":"Purifier","floor":14,"gold_loss":0}],"is_beta":false,"boss_relics":[{"not_picked":["Empty Cage","Pandora\u0027s Box"],"picked":"Calling Bell"}],"items_purged_floors":[],"is_endless":false,"potions_floor_spawned":[3,13,17,18,22],"killed_by":"Snake Plant","ascension_level":10}}