{"host":"kvo7eymyd21g9abd","time":1614212540,"event":{"mods":["AchievementEnabler","BaseMod","Bestiary","Colored Map","Minty Spire (QoL Compilation)","StSLib"],"gold_per_floor":[115,115,47,64,64,97,97,123,172,192,192,192],"floor_reached":11,"language":"ENG","playtime":888,"items_purged":[],"score":101,"play_id":"4081457e-8cd2-4c9e-b3a6-247da7d7dee1","local_time":"20210224192220","is_ascension_mode":true,"campfire_choices":[{"floor":7,"key":"REST"}],"circlet_count":0,"master_deck":["Strike_G","Strike_G","Strike_G","Strike_G","Strike_G+1","Defend_G","Defend_G","Defend_G","Defend_G","Defend_G","Survivor","Neutralize","Slice","Leg Sweep","Endless Agony","Finisher+1","Skewer","Backflip"],"relics":["WristBlade","NlothsMask","MealTicket","Whetstone"],"acts_visited":["Exordium"],"potions_floor_usage":[8],"damage_taken":[{"damage":3,"enemies":"2 Louse","floor":1,"turns":3},{"damage":4,"enemies":"Cultist","floor":4,"turns":5},{"damage":30,"enemies":"3 Sentries","floor":6,"turns":10},{"damage":40,"enemies":"Lagavulin","floor":8,"turns":7},{"damage":0,"enemies":"Jaw Worm","floor":10,"turns":2},{"damage":22,"enemies":"3 Sentries","floor":11,"turns":9}],"seed_played":"-5109606526636614156","potions_obtained":[{"floor":1,"key":"LiquidBronze"}],"is_trial":false,"path_per_floor":["M","?","$","M","$","E","R","E","T","M","E"],"character_chosen":"THE_SILENT","items_purchased":["Leg Sweep"],"campfire_rested":1,"item_purchase_floors":[3],"current_hp_per_floor":[67,67,67,63,63,33,54,14,14,14,0,0],"gold":192,"neow_bonus":"BOSS_RELIC","is_daily":false,"chose_seed":false,"campfire_upgraded":0,"win_rate":0.0,"timestamp":1614212540,"path_taken":["M","?","$","?","$","E","R","E","T","M","E"],"items_purchased_type":["Card"],"build_version":"2020-12-22","purchased_purges":0,"victory":false,"max_hp_per_floor":[70,70,70,70,70,70,70,70,70,70,70,70],"card_choices":[{"not_picked":["Calculated Gamble","Bane"],"picked":"Slice","floor":1},{"not_picked":["Acrobatics","Dodge and Roll"],"picked":"Endless Agony","floor":4},{"not_picked":["Bane","Escape Plan"],"picked":"Finisher","floor":6},{"not_picked":["Outmaneuver","Escape Plan"],"picked":"Skewer","floor":8},{"not_picked":["Dagger Spray","Leg Sweep"],"picked":"Backflip","floor":10}],"player_experience":478330,"relics_obtained":[{"floor":6,"key":"MealTicket"},{"floor":8,"key":"Whetstone"}],"event_choices":[{"damage_healed":0,"gold_gain":0,"player_choice":"Trade","damage_taken":0,"relics_obtained":["NlothsMask"],"max_hp_gain":0,"max_hp_loss":0,"event_name":"FaceTrader","floor":2,"gold_loss":0}],"is_beta":false,"boss_relics":[],"items_purged_floors":[],"is_endless":false,"potions_floor_spawned":[1],"killed_by":"3 Sentries","ascension_level":5}}