{"host":"d52brwsy6af8zvaq","time":1614217018,"event":{"mods":["AchievementEnabler","BaseMod","Bestiary","Highlight Path","Minty Spire (QoL Compilation)","Quick Restart","Relic Stats","ojb\u0027s Better Paths Mod"],"gold_per_floor":[112,131,206,223,223,44,44,64,87,97,107,107,107],"floor_reached":12,"language":"ENG","playtime":317,"items_purged":[],"score":144,"play_id":"ba8da594-a910-4e48-a2d6-744435998c5e","local_time":"20210224183658","is_ascension_mode":true,"campfire_choices":[],"circlet_count":0,"master_deck":["AscendersBane","Strike_B","Strike_B","Strike_B","Strike_B","Defend_B","Defend_B","Defend_B","Defend_B","Zap","Dualcast","Sweeping Beam+1","Cold Snap","Coolheaded","Apotheosis","Machine Learning","Genetic Algorithm","Fusion","Leap"],"relics":["Cracked Core","Regal Pillow"],"acts_visited":["Exordium"],"potions_floor_usage":[],"damage_taken":[{"damage":0.0,"enemies":"Small Slimes","floor":1.0,"turns":2.0},{"damage":2.0,"enemies":"Jaw Worm","floor":2.0,"turns":4.0},{"damage":0.0,"enemies":"Cultist","floor":4.0,"turns":3.0},{"damage":4.0,"enemies":"Exordium Thugs","floor":8.0,"turns":4.0},{"damage":1,"enemies":"Blue Slaver","floor":10,"turns":4},{"damage":25,"enemies":"Gremlin Gang","floor":11,"turns":5},{"damage":33,"enemies":"Gremlin Nob","floor":12,"turns":3}],"seed_played":"-6239275790465360516","potions_obtained":[{"floor":11,"key":"LiquidMemories"}],"is_trial":false,"path_per_floor":["M","M","?","M","?","$","?","M","T","M","M","E"],"character_chosen":"DEFECT","items_purchased":["Apotheosis"],"campfire_rested":0,"item_purchase_floors":[6],"current_hp_per_floor":[71,69,58,58,58,58,58,54,54,53,28,0,0],"gold":107,"neow_bonus":"TEN_PERCENT_HP_BONUS","is_daily":false,"chose_seed":false,"campfire_upgraded":0,"win_rate":0.0,"timestamp":1614217018,"path_taken":["M","M","?","M","?","$","?","?","T","M","M","E"],"items_purchased_type":["Card"],"build_version":"2020-12-22","purchased_purges":0,"victory":false,"max_hp_per_floor":[78,78,78,78,78,78,78,78,78,78,78,78,78],"relic_stats":{"Regal Pillow":0,"counters":[7,25],"obtain_stats":[{"Regal Pillow":9,"Cracked Core":0},{"Regal Pillow":4,"Cracked Core":0},{"Regal Pillow":13,"Cracked Core":0}]},"card_choices":[{"not_picked":["Compile Driver","Hello World"],"picked":"Sweeping Beam","floor":1.0},{"not_picked":["Go for the Eyes","Steam"],"picked":"Cold Snap","floor":2.0},{"not_picked":["Compile Driver","Beam Cell"],"picked":"Coolheaded","floor":4.0},{"not_picked":["Tempest","Steam"],"picked":"Genetic Algorithm","floor":8.0},{"not_picked":["Heatsinks","Reprogram"],"picked":"Fusion","floor":10},{"not_picked":["Hologram","Steam"],"picked":"Leap","floor":11}],"player_experience":2363488,"relics_obtained":[{"floor":9.0,"key":"Regal Pillow"}],"event_choices":[{"damage_healed":0.0,"max_hp_gain":0.0,"max_hp_loss":0.0,"gold_gain":75.0,"event_name":"World of Goop","player_choice":"Gather Gold","floor":3.0,"gold_loss":0.0,"damage_taken":11.0},{"damage_healed":0.0,"max_hp_gain":0.0,"max_hp_loss":0.0,"gold_gain":0.0,"event_name":"Living Wall","player_choice":"Grow","floor":5.0,"gold_loss":0.0,"damage_taken":0.0,"cards_upgraded":["Sweeping Beam"]},{"damage_healed":0.0,"max_hp_gain":0.0,"max_hp_loss":0.0,"gold_gain":0.0,"event_name":"Match and Keep!","player_choice":"1 cards matched","floor":7.0,"gold_loss":0.0,"damage_taken":0.0,"cards_obtained":["Machine Learning"]}],"is_beta":false,"boss_relics":[],"items_purged_floors":[],"is_endless":false,"potions_floor_spawned":[11],"killed_by":"Gremlin Nob","ascension_level":20}}