{"host":"ve9aztkoyqeblvav","time":1614260636,"event":{"mods":["Act Like it!","Aspiration","BaseMod","Colored Map","Colored Powertips","Highlight Path","Marked Mod","Minty Spire (QoL Compilation)","Pale of the Ancients","Quick Restart","Reorder Act Four","StSLib","The Hierophant","Waifu the Spire","[IsaacMod]ÒÔÈö¼âËþ"],"gold_per_floor":[364,49,59,59,15,15,25,45,45,45,74,149,162,174,174,174,174],"floor_reached":16,"language":"ZHS","playtime":588,"items_purged":["Strike_B"],"score":204,"play_id":"40f9eb62-4650-46ba-9a7d-a6f91264b5cc","local_time":"20210225214356","is_ascension_mode":true,"campfire_choices":[{"floor":6.0,"key":"REST"},{"data":"Chaos","floor":15.0,"key":"SMITH"}],"circlet_count":0,"master_deck":["AscendersBane","Strike_B","Defend_B","Defend_B","Defend_B","Zap","Dualcast","Tempest","Coolheaded","Skim","Chaos+1","Unload","Well Laid Plans","Tactician","Coolheaded","Heatsinks"],"relics":["Cracked Core","Membership Card","Bag of Preparation","Orichalcum"],"acts_visited":[],"potions_floor_usage":[16],"damage_taken":[{"damage":0.0,"enemies":"Small Slimes","floor":1.0,"turns":3.0},{"damage":1.0,"enemies":"Cultist","floor":3.0,"turns":4.0},{"damage":0.0,"enemies":"Jaw Worm","floor":7.0,"turns":6.0},{"damage":9.0,"enemies":"Red Slaver","floor":8.0,"turns":5.0},{"damage":9.0,"enemies":"Gremlin Nob","floor":11.0,"turns":3.0},{"damage":7.0,"enemies":"Large Slime","floor":13.0,"turns":5.0},{"damage":2.0,"enemies":"2 Fungi Beasts","floor":14.0,"turns":4.0},{"damage":16,"enemies":"Slime Boss","floor":16,"turns":6}],"seed_played":"1721287808105044434","potions_obtained":[{"floor":3.0,"key":"SpeedPotion"},{"floor":8.0,"key":"AttackPotion"},{"floor":13.0,"key":"Energy Potion"}],"is_trial":false,"path_per_floor":["M","$","M","?","$","R","M","M","T","?","E","?","M","M","R","B"],"character_chosen":"DEFECT","items_purchased":["Membership Card","Bag of Preparation","Capacitor","Skim"],"campfire_rested":1,"item_purchase_floors":[2,2,2,5],"current_hp_per_floor":[46,46,45,38,38,59,59,50,50,50,41,30,23,21,21,5,5],"gold":174,"neow_bonus":"TWO_FIFTY_GOLD","is_daily":false,"chose_seed":false,"campfire_upgraded":1,"win_rate":0.0,"timestamp":1614260636,"path_taken":["M","$","M","?","$","R","M","M","T","?","E","?","?","M","R","BOSS"],"items_purchased_type":["Relic","Relic","Card","Card"],"build_version":"2020-12-22","purchased_purges":1,"victory":false,"max_hp_per_floor":[71,71,71,71,71,71,71,71,71,71,71,71,71,71,71,71,71],"card_choices":[{"not_picked":["Conserve Battery","Auto Shields"],"picked":"Tempest","floor":1.0},{"not_picked":["Leap","Gash"],"picked":"Coolheaded","floor":3.0},{"not_picked":["Undo","Compile Driver"],"picked":"Chaos","floor":7.0},{"not_picked":["Undo","Beam Cell","Rip and Tear"],"picked":"SKIP","floor":8.0},{"not_picked":["Cold Snap","Storm"],"picked":"Coolheaded","floor":11.0},{"not_picked":["Melter","Compile Driver","Genetic Algorithm"],"picked":"SKIP","floor":13.0},{"not_picked":["Reboot","Streamline"],"picked":"Heatsinks","floor":14.0}],"player_experience":1683462,"relics_obtained":[{"floor":11.0,"key":"Orichalcum"}],"event_choices":[{"cards_removed":["Strike_B"],"damage_healed":0.0,"max_hp_gain":0.0,"max_hp_loss":0.0,"gold_gain":0.0,"event_name":"Golden Wing","player_choice":"Card Removal","floor":4.0,"gold_loss":0.0,"damage_taken":7.0},{"damage_healed":0.0,"max_hp_gain":0.0,"max_hp_loss":0.0,"gold_gain":75.0,"event_name":"World of Goop","player_choice":"Gather Gold","floor":12.0,"gold_loss":0.0,"damage_taken":11.0}],"is_beta":false,"boss_relics":[],"items_purged_floors":[2],"is_endless":false,"potions_floor_spawned":[3,8,13,14],"killed_by":"Slime Boss","ascension_level":20}}