{"host":"8piv3t5bmy3h6dgk","time":1614297198,"event":{"mods":["AchievementEnabler","Astrologer","Bard","BaseMod","Better Altar","Better Match","BetterRewards","Colored Map","Colored Powertips","Faster Ascension Climbing","Gold Saver","Hermit","Minty Spire (QoL Compilation)","Remove Card Discount Mod","StSLib","The Disciple","The Hierophant","The Marked","The Necromancer","The Problem Sleuth","The Valiant","The Wild Card"],"gold_per_floor":[1044,842,857,857,867,892,892,906,906,925,951,951,976,992,992,1088,1138,1154,1174,599,619,636,636,636,661,688,702,702,736,836,326,326,431,431,442,442,459,477,477,477,477,454,504,517,365,365,400,400,400,400],"floor_reached":51,"language":"ENG","playtime":1731,"items_purged":["Defend_R","Defend_R","Defend_R","Defend_R"],"score":1065,"play_id":"b56613ed-4f51-468c-a5c2-831c85e76659","local_time":"20210225185318","is_ascension_mode":false,"campfire_choices":[{"data":"Flex","floor":15,"key":"SMITH"},{"floor":23,"key":"REST"},{"floor":28,"key":"REST"},{"floor":32,"key":"REST"},{"data":"Demon Form","floor":40,"key":"SMITH"},{"data":"1","floor":46,"key":"LIFT"},{"data":"2","floor":49,"key":"LIFT"}],"circlet_count":0,"master_deck":["Bash","Whirlwind","Flex","Flex+1","Heavy Blade","Heavy Blade+1","Double Tap","Demon Form+1","Flex","Inflame","Cleave","Inflame","Bite","Bite","Bite","Bite","Bite","Clash","Mayhem","Feed","Heavy Blade","Blind","Sadistic Nature"],"relics":["Burning Blood","Juzu Bracelet","Pear","Tiny Chest","Bag of Marbles","Matryoshka","Strawberry","Tiny House","Lizard Tail","Toy Ornithopter","Mummified Hand","Lantern","Bag of Preparation","Pen Nib","Nunchaku","Gambling Chip","Self Forming Clay","Membership Card","Ice Cream","Regal Pillow","Busted Crown","Girya","PreservedInsect","OrangePellets","Winged Necklace","Oddly Smooth Stone"],"acts_visited":["Exordium","TheCity","TheBeyond"],"potions_floor_usage":[11,16,30,50],"damage_taken":[{"damage":5,"enemies":"2 Louse","floor":1,"turns":2},{"damage":11,"enemies":"Jaw Worm","floor":3,"turns":2},{"damage":7,"enemies":"Small Slimes","floor":5,"turns":2},{"damage":8,"enemies":"Gremlin Nob","floor":6,"turns":3},{"damage":10,"enemies":"Looter","floor":8,"turns":2},{"damage":13,"enemies":"Red Slaver","floor":10,"turns":2},{"damage":11,"enemies":"3 Sentries","floor":11,"turns":2},{"damage":18,"enemies":"Lagavulin","floor":13,"turns":3},{"damage":0,"enemies":"2 Fungi Beasts","floor":14,"turns":2},{"damage":14,"enemies":"Slime Boss","floor":16,"turns":6},{"damage":10,"enemies":"Chosen","floor":18,"turns":3},{"damage":30,"enemies":"2 Thieves","floor":19,"turns":3},{"damage":36,"enemies":"3 Cultists","floor":21,"turns":4},{"damage":42,"enemies":"Centurion and Healer","floor":22,"turns":4},{"damage":8,"enemies":"Snecko","floor":27,"turns":3},{"damage":40,"enemies":"Slavers","floor":29,"turns":3},{"damage":13,"enemies":"Colosseum Slavers","floor":30,"turns":2},{"damage":8,"enemies":"Colosseum Nobs","floor":30,"turns":2},{"damage":46,"enemies":"Champ","floor":33,"turns":5},{"damage":10,"enemies":"3 Darklings","floor":35,"turns":2},{"damage":10,"enemies":"Orb Walker","floor":37,"turns":2},{"damage":24,"enemies":"4 Shapes","floor":38,"turns":2},{"damage":0,"enemies":"Jaw Worm Horde","floor":44,"turns":1},{"damage":18,"enemies":"Nemesis","floor":47,"turns":3},{"damage":18,"enemies":"Time Eater","floor":50,"turns":3}],"seed_played":"6279894934063315114","potions_obtained":[{"floor":3,"key":"SteroidPotion"},{"floor":5,"key":"SpeedPotion"},{"floor":11,"key":"BlessingOfTheForge"},{"floor":16,"key":"DistilledChaos"},{"floor":17,"key":"PowerPotion"},{"floor":30,"key":"LiquidMemories"}],"is_trial":false,"path_per_floor":["M","$","M","$","M","E","?","M","T","M","E","?","E","M","R","B",null,"M","M","$","M","M","R","?","T","T","M","R","E","?","$","R","B",null,"M","?","M","M","?","R","T","$","T","M","$","R","E","?","R","B",null],"character_chosen":"IRONCLAD","items_purchased":["Juzu Bracelet","Whirlwind","Pear","Flex","Clash","Tiny Chest","Inflame","Lizard Tail","Toy Ornithopter","Cleave","Membership Card","Ice Cream","Regal Pillow","FairyPotion","Mayhem","Heavy Blade","OrangePellets","Winged Necklace"],"campfire_rested":3,"item_purchase_floors":[0,0,0,0,2,2,20,20,20,20,31,31,31,31,31,42,45,45],"current_hp_per_floor":[90,90,85,85,84,82,82,80,80,75,72,77,74,82,82,76,107,103,81,81,53,19,51,51,51,51,51,83,51,57,57,104,78,107,105,105,105,92,92,92,92,92,92,98,98,98,88,78,78,78],"gold":400,"neow_bonus":"","is_daily":false,"chose_seed":false,"campfire_upgraded":2,"win_rate":0.0,"timestamp":1614297198,"path_taken":["M","$","M","$","M","E","?","M","T","M","E","?","E","M","R","BOSS","M","M","$","M","M","R","?","?","T","M","R","E","?","$","R","BOSS","M","?","M","M","?","R","?","$","T","M","$","R","E","?","R","BOSS"],"items_purchased_type":["Relic","Card","Relic","Card","Card","Relic","Card","Relic","Relic","Card","Relic","Relic","Relic","Potion","Card","Card","Relic","Relic"],"build_version":"2020-12-22","purchased_purges":4,"victory":true,"max_hp_per_floor":[90,90,90,90,90,90,90,90,90,90,90,95,102,102,102,102,107,107,107,107,107,107,107,107,107,107,107,107,107,107,107,107,107,107,107,107,107,110,110,110,110,110,110,110,110,110,110,110,110,113],"card_choices":[{"not_picked":["Dark Embrace","Headbutt"],"picked":"Flex","floor":1},{"not_picked":["Anger","Pommel Strike"],"picked":"Heavy Blade","floor":3},{"not_picked":["Sentinel","Headbutt","True Grit"],"picked":"SKIP","floor":5},{"not_picked":["Sentinel","Warcry","Dual Wield"],"picked":"SKIP","floor":6},{"not_picked":["True Grit","Body Slam","Shrug It Off"],"picked":"SKIP","floor":8},{"not_picked":["Wild Strike","Exhume"],"picked":"Heavy Blade","floor":10},{"not_picked":["Cleave","Thunderclap"],"picked":"Double Tap","floor":11},{"not_picked":["Battle Trance","Shrug It Off","Sword Boomerang"],"picked":"SKIP","floor":13},{"not_picked":["Power Through","Metallicize","Feel No Pain"],"picked":"SKIP","floor":14},{"not_picked":["Immolate","Double Tap"],"picked":"Demon Form","floor":16},{"not_picked":["Seeing Red","Havoc","Intimidate"],"picked":"SKIP","floor":18},{"not_picked":["Clothesline","Havoc+1"],"picked":"Flex","floor":19},{"not_picked":["True Grit","Seeing Red","Ghostly Armor+1"],"picked":"SKIP","floor":21},{"not_picked":["Dual Wield+1","Armaments"],"picked":"Inflame","floor":22},{"not_picked":["Heavy Blade","Seeing Red","Twin Strike"],"picked":"SKIP","floor":27},{"not_picked":["Flame Barrier","Uppercut"],"picked":"Clash","floor":29},{"not_picked":["Barricade","Berserk"],"picked":"Feed","floor":33},{"not_picked":["Havoc"],"picked":"SKIP","floor":35},{"not_picked":["Body Slam"],"picked":"SKIP","floor":37},{"not_picked":["Entrench"],"picked":"SKIP","floor":38},{"not_picked":["Sword Boomerang+1"],"picked":"SKIP","floor":44},{"not_picked":["Dropkick"],"picked":"SKIP","floor":47},{"not_picked":[],"picked":"Blind","floor":48},{"not_picked":[],"picked":"Sadistic Nature","floor":48}],"player_experience":159821,"relics_obtained":[{"floor":6,"key":"Blood Vial"},{"floor":9,"key":"Bag of Marbles"},{"floor":11,"key":"Matryoshka"},{"floor":13,"key":"Strawberry"},{"floor":25,"key":"Mummified Hand"},{"floor":25,"key":"Lantern"},{"floor":26,"key":"Bag of Preparation"},{"floor":26,"key":"Pen Nib"},{"floor":29,"key":"Nunchaku"},{"floor":30,"key":"Gambling Chip"},{"floor":30,"key":"Self Forming Clay"},{"floor":41,"key":"Girya"},{"floor":43,"key":"PreservedInsect"},{"floor":47,"key":"Oddly Smooth Stone"}],"event_choices":[{"damage_healed":0,"gold_gain":0,"player_choice":"Leave","damage_taken":0,"max_hp_gain":0,"max_hp_loss":0,"event_name":"The Cleric","floor":7,"gold_loss":0},{"damage_healed":0,"gold_gain":0,"player_choice":"Donut","damage_taken":0,"max_hp_gain":5,"max_hp_loss":0,"event_name":"Big Fish","floor":12,"gold_loss":0},{"damage_healed":0,"gold_gain":0,"player_choice":"Became a vampire (Vial)","damage_taken":0,"max_hp_gain":0,"max_hp_loss":0,"event_name":"Vampires","floor":24,"relics_lost":["Blood Vial"],"gold_loss":0,"cards_obtained":["Bite","Bite","Bite","Bite","Bite"]},{"damage_healed":0,"gold_gain":0,"player_choice":"Fight","damage_taken":0,"max_hp_gain":0,"max_hp_loss":0,"event_name":"Colosseum","floor":30,"gold_loss":0},{"damage_healed":0,"gold_gain":0,"player_choice":"Fought Nobs","damage_taken":0,"max_hp_gain":0,"max_hp_loss":0,"event_name":"Colosseum","floor":30,"gold_loss":0},{"cards_removed":["Clash"],"damage_healed":0,"gold_gain":0,"player_choice":"Removed Attack","damage_taken":0,"max_hp_gain":0,"max_hp_loss":0,"event_name":"Falling","floor":36,"gold_loss":0},{"damage_healed":0,"gold_gain":0,"player_choice":"Ignored","damage_taken":0,"max_hp_gain":0,"max_hp_loss":0,"event_name":"NoteForYourself","floor":39,"gold_loss":0},{"damage_healed":0,"gold_gain":0,"player_choice":"Memory 3","damage_taken":10,"max_hp_gain":0,"max_hp_loss":0,"event_name":"SensoryStone","floor":48,"gold_loss":0}],"is_beta":false,"boss_relics":[{"not_picked":["Fusion Hammer","Empty Cage"],"picked":"Tiny House"},{"not_picked":["Calling Bell","Runic Cube"],"picked":"Busted Crown"}],"items_purged_floors":[0,0,0,0],"is_endless":false,"potions_floor_spawned":[3,5,11,16,27,29,30,30,33,35,47],"ascension_level":0}}