{"host":"5ueuk67tsx07ylcu","time":1614281385,"event":{"mods":["BaseMod","Colored Map","Colored Powertips","Downfall","Duelist Mod","GifTheSpireLib","Hermit","Infinite Spire","Lobotomy","Minty Spire (QoL Compilation)","StSLib","The Animator"],"gold_per_floor":[112,112,126,106,124,159,159,194,194,210,242,252,252,309,309,411,411,428,428,444,444,456,456,469,469,495,82,99,27,44,63,63,63,63],"floor_reached":33,"language":"ENG","playtime":1945,"items_purged":["Strike_R"],"score":296,"play_id":"18adcb66-ebc1-4963-897a-53958f0c39ca","local_time":"20210225142945","is_ascension_mode":true,"campfire_choices":[{"data":"infinitespire:OneForAll","floor":7,"key":"SMITH"},{"floor":13,"key":"REST"},{"data":"Barricade","floor":15,"key":"SMITH"},{"floor":23,"key":"RECALL"},{"data":"Metallicize","floor":25,"key":"SMITH"},{"data":"Metallicize","floor":32,"key":"SMITH"}],"circlet_count":0,"master_deck":["Strike_R","Strike_R","Strike_R","Strike_R","Defend_R","Defend_R","Defend_R","Bash+1","Thunderclap","Spot Weakness","infinitespire:OneForAll+1","Feel No Pain","Uppercut","Metallicize+1","Barricade+1","Iron Wave","Feed","Shrug It Off","Metallicize+1","Bloodletting+1","Clash","Warcry","Uppercut+1","Flame Barrier"],"relics":["Burning Blood","Champion Belt","infinitespire:ShieldingShard","Paper Frog","infinitespire:Burning Sword","Toy Ornithopter","MealTicket","Membership Card","Ancient Tea Set","infinitespire:Joker Card","Sling"],"acts_visited":["Exordium","TheCity"],"potions_floor_usage":[6,10,12,28,31,33,33],"damage_taken":[{"damage":5,"enemies":"Small Slimes","floor":1,"turns":3},{"damage":6,"enemies":"Cultist","floor":3,"turns":3},{"damage":7,"enemies":"Jaw Worm","floor":5,"turns":2},{"damage":45,"enemies":"3 Sentries","floor":6,"turns":6},{"damage":52,"enemies":"Lagavulin","floor":8,"turns":7},{"damage":27,"enemies":"Lots of Slimes","floor":10,"turns":4},{"damage":11,"enemies":"Gremlin Nob","floor":11,"turns":5},{"damage":6,"enemies":"Blue Slaver","floor":12,"turns":2},{"damage":33,"enemies":"The Guardian","floor":16,"turns":11},{"damage":9,"enemies":"Spheric Guardian","floor":18,"turns":3},{"damage":14,"enemies":"3 Byrds","floor":20,"turns":4},{"damage":19,"enemies":"Shelled Parasite and Fungi","floor":22,"turns":3},{"damage":16,"enemies":"Snake Plant","floor":24,"turns":3},{"damage":5,"enemies":"Chosen and Byrds","floor":28,"turns":5},{"damage":0,"enemies":"Snecko","floor":30,"turns":2},{"damage":50,"enemies":"Shelled Parasite and Fungi","floor":31,"turns":6},{"damage":82,"enemies":"Collector","floor":33,"turns":11}],"seed_played":"-7260185262884668672","potions_obtained":[{"floor":4,"key":"FearPotion"},{"floor":6,"key":"FairyPotion"},{"floor":8,"key":"BloodPotion"},{"floor":11,"key":"champ:CounterPotion"},{"floor":16,"key":"AttackPotion"},{"floor":20,"key":"LiquidMemories"},{"floor":22,"key":"Guardian:BlockOnCardUsePotion"},{"floor":30,"key":"Regen Potion"}],"is_trial":false,"path_per_floor":["M","?","M","?","M","E","R","E","T","M","E","M","R","?","R","B",null,"M","?","M","?","M","R","M","R","T","$","M","$","M","M","R","B"],"character_chosen":"IRONCLAD","items_purchased":["Membership Card","Ancient Tea Set","infinitespire:Joker Card","Sling"],"campfire_rested":1,"item_purchase_floors":[27,27,27,29],"current_hp_per_floor":[80,80,80,80,79,40,40,30,30,25,20,20,44,44,44,17,80,77,77,72,72,62,62,52,52,52,67,73,86,86,59,59,0,0],"gold":63,"neow_bonus":"UPGRADE_CARD","is_daily":false,"chose_seed":false,"campfire_upgraded":4,"win_rate":0.0,"timestamp":1614281385,"path_taken":["M","?","?","?","?","E","R","E","T","M","E","M","R","?","R","BOSS","M","?","M","?","M","R","M","R","T","$","M","?","M","M","R","BOSS"],"items_purchased_type":["Relic","Relic","Relic","Relic"],"build_version":"2020-12-22","purchased_purges":1,"victory":false,"max_hp_per_floor":[80,80,80,80,80,80,80,80,80,80,80,80,80,80,80,80,80,80,80,83,83,86,86,86,86,86,86,86,86,86,86,86,86,86],"card_choices":[{"not_picked":["Anger","Twin Strike"],"picked":"Thunderclap","floor":1},{"not_picked":["Burning Pact","Second Wind"],"picked":"Spot Weakness","floor":3},{"not_picked":["Thunderclap","Perfected Strike"],"picked":"infinitespire:OneForAll","floor":5},{"not_picked":["Cleave","True Grit"],"picked":"Feel No Pain","floor":6},{"not_picked":["Perfected Strike","Thunderclap"],"picked":"Uppercut","floor":8},{"not_picked":["Immolate","Pommel Strike"],"picked":"Metallicize","floor":10},{"not_picked":["Sentinel","Wild Strike"],"picked":"Barricade","floor":11},{"not_picked":["Clash","Havoc"],"picked":"Iron Wave","floor":12},{"not_picked":["Corruption","Immolate"],"picked":"Feed","floor":16},{"not_picked":["Anger+1","Clothesline"],"picked":"Shrug It Off","floor":18},{"not_picked":["Pommel Strike","Ghostly Armor"],"picked":"Metallicize","floor":20},{"not_picked":["Perfected Strike","Armaments"],"picked":"Bloodletting+1","floor":22},{"not_picked":["Sever Soul","Brutality"],"picked":"Clash","floor":24},{"not_picked":["Sword Boomerang","Uppercut"],"picked":"Warcry","floor":28},{"not_picked":["Pommel Strike","Feel No Pain"],"picked":"Uppercut+1","floor":30},{"not_picked":["Heavy Blade","Headbutt+1"],"picked":"Flame Barrier","floor":31}],"player_experience":321396,"relics_obtained":[{"floor":6,"key":"Champion Belt"},{"floor":8,"key":"infinitespire:ShieldingShard"},{"floor":11,"key":"Paper Frog"},{"floor":26,"key":"MealTicket"}],"event_choices":[{"cards_removed":["Defend_R"],"damage_healed":0,"gold_gain":0,"player_choice":"Purged","damage_taken":0,"max_hp_gain":0,"max_hp_loss":0,"event_name":"Purifier","floor":2,"gold_loss":0},{"damage_healed":0,"gold_gain":0,"player_choice":"Bought 1 Potion","damage_taken":0,"max_hp_gain":0,"max_hp_loss":0,"event_name":"The Woman in Blue","floor":4,"gold_loss":0},{"damage_healed":0,"gold_gain":57,"player_choice":"Gained Gold","damage_taken":0,"max_hp_gain":0,"max_hp_loss":0,"event_name":"Golden Wing","floor":14,"gold_loss":0},{"damage_healed":0,"gold_gain":0,"player_choice":"Opened","damage_taken":0,"relics_obtained":["Toy Ornithopter"],"max_hp_gain":0,"max_hp_loss":0,"event_name":"The Mausoleum","floor":19,"gold_loss":0},{"damage_healed":0,"gold_gain":0,"player_choice":"Ignored","damage_taken":0,"max_hp_gain":0,"max_hp_loss":0,"event_name":"Ghosts","floor":21,"gold_loss":0}],"is_beta":false,"boss_relics":[{"not_picked":["Black Star","Tiny House"],"picked":"infinitespire:Burning Sword"}],"items_purged_floors":[27],"is_endless":false,"potions_floor_spawned":[6,8,11,16,20,22,30],"killed_by":"Collector","ascension_level":2}}