{"host":"sr8h12zimc8zi8zs","time":1614242458,"event":{"mods":["2.2 Compatiblity","AchievementEnabler","Act Like it!","Arknights","BaseMod","CapriCore","Colored Map","GifTheSpireLib","Minty Spire (QoL Compilation)","Permanent Neow","StSLib"],"gold_per_floor":[364,378,378,145,160,160,198,216,239,239,239,239,259,297,297,421,421,445,465,465,465,485,485,499,537,537,537,562,83,117,137,137,256,256,269,269,284,284,129,142,173,173,200,223,238,261,100,120,120,120,120,120,4,37,37,37],"floor_reached":55,"language":"KOR","playtime":7584,"items_purged":["Normality","ats:Strike V","Parasite"],"score":716,"play_id":"e20f3b2a-7e4d-4e47-8fc2-eac052e6d9b5","local_time":"20210225174058","is_ascension_mode":false,"campfire_choices":[{"data":"ats:Emotion Absorption","floor":6.0,"key":"SMITH"},{"data":"ats:Soul Absorption","floor":10.0,"key":"SMITH"},{"floor":12.0,"key":"RECALL"},{"data":"ats:Revitalization","floor":15.0,"key":"SMITH"},{"data":"ats:Magnetic Hammer","floor":23.0,"key":"SMITH"},{"data":"J.A.X.","floor":27.0,"key":"SMITH"},{"data":"ats:Cat Scratch","floor":32.0,"key":"SMITH"},{"data":"ats:Healing Strengthening","floor":42.0,"key":"SMITH"},{"data":"ats:Wolf Pack","floor":49.0,"key":"SMITH"},{"data":"ats:Neurotoxin","floor":52.0,"key":"SMITH"}],"circlet_count":0,"master_deck":["ats:Armor Crushing Shot","ats:Emotion Absorption+1","ats:Powerful Strike","ats:Automatic Cover","ats:Calcification","ats:Chain Hook","ats:Soul Absorption+1","ats:Magnetic Hammer+1","ats:Revitalization+1","ats:Phantom","ats:Wolf Pack","ats:Sword Rain+1","ats:Sashimi Platter","J.A.X.+1","ats:Rat Pack","ats:Healing Strengthening+1","ats:Cat Scratch+1","ats:Wolf Pack+1","ats:Dogmatic Field+1","ats:Calcification","ats:Very Hot Blade","ats:Healing Drone","ats:Curse Doll","ats:Apocalypse+1","ats:Directed Diagnosis+1","ats:Neurotoxin+1","ats:Explosion Area Strengthen","ats:Soul Absorption","ats:Shadow Raid+1"],"relics":["ats:Sanity","Golden Idol","ats:Originium","MealTicket","Odd Mushroom","Busted Crown","Toy Ornithopter","Meat on the Bone","Happy Flower","Mercury Hourglass","Pandora\u0027s Box","ats:Special","Bottled Flame","Bag of Marbles","Bronze Scales"],"acts_visited":["Exordium","TheCity","TheBeyond","TheEnding"],"potions_floor_usage":[55],"damage_taken":[{"damage":2.0,"enemies":"Jaw Worm","floor":1.0,"turns":5.0},{"damage":0.0,"enemies":"2 Louse","floor":2.0,"turns":2.0},{"damage":0.0,"enemies":"Cultist","floor":5.0,"turns":4.0},{"damage":20.0,"enemies":"Gremlin Nob","floor":7.0,"turns":5.0},{"damage":5.0,"enemies":"3 Louse","floor":8.0,"turns":3.0},{"damage":0.0,"enemies":"Exordium Thugs","floor":13.0,"turns":4.0},{"damage":0.0,"enemies":"The Mushroom Lair","floor":14.0,"turns":9.0},{"damage":49.0,"enemies":"The Guardian","floor":16.0,"turns":19.0},{"damage":12.0,"enemies":"Chosen","floor":18.0,"turns":7.0},{"damage":4.0,"enemies":"3 Byrds","floor":19.0,"turns":9.0},{"damage":10.0,"enemies":"Centurion and Healer","floor":22.0,"turns":6.0},{"damage":24.0,"enemies":"Sentry and Sphere","floor":24.0,"turns":6.0},{"damage":71.0,"enemies":"Slavers","floor":25.0,"turns":8.0},{"damage":29.0,"enemies":"Snake Plant","floor":28.0,"turns":5.0},{"damage":17.0,"enemies":"Gremlin Leader","floor":30.0,"turns":10.0},{"damage":7.0,"enemies":"3 Cultists","floor":31.0,"turns":5.0},{"damage":40.0,"enemies":"Automaton","floor":33.0,"turns":11.0},{"damage":42.0,"enemies":"3 Shapes","floor":35.0,"turns":5.0},{"damage":29.0,"enemies":"3 Darklings","floor":37.0,"turns":4.0},{"damage":11.0,"enemies":"Transient","floor":40.0,"turns":5.0},{"damage":105.0,"enemies":"Reptomancer","floor":41.0,"turns":9.0},{"damage":67.0,"enemies":"Sphere and 2 Shapes","floor":44.0,"turns":5.0},{"damage":33.0,"enemies":"4 Shapes","floor":45.0,"turns":3.0},{"damage":47.0,"enemies":"Writhing Mass","floor":46.0,"turns":8.0},{"damage":85.0,"enemies":"Sphere and 2 Shapes","floor":48.0,"turns":7.0},{"damage":203.0,"enemies":"Awakened One","floor":50.0,"turns":15.0},{"damage":132.0,"enemies":"Shield and Spear","floor":54.0,"turns":10.0},{"damage":173,"enemies":"The Heart","floor":55,"turns":10}],"seed_played":"-720948255465747484","potions_obtained":[{"floor":5.0,"key":"Weak Potion"},{"floor":13.0,"key":"EntropicBrew"},{"floor":14.0,"key":"ColorlessPotion"},{"floor":16.0,"key":"Ancient Potion"},{"floor":24.0,"key":"PowerPotion"},{"floor":28.0,"key":"Dexterity Potion"},{"floor":30.0,"key":"Dexterity Potion"},{"floor":46.0,"key":"CultistPotion"}],"is_trial":false,"path_per_floor":["M","M","?","$","M","R","E","M","T","R","?","R","M","?","R","B",null,"M","M","?","?","M","R","M","E","T","R","M","$","E","M","R","B",null,"M","?","M","?","$","M","E","R","T","M","M","M","$","M","R","B",null,"R","$","E","B"],"character_chosen":"DOCTOR_CLASS","items_purchased":["ats:Calcification","ats:Rat Pack","ats:Healing Strengthening","ats:Cat Scratch","Happy Flower","ats:Special","ats:Neurotoxin","ats:Explosion Area Strengthen","ats:Soul Absorption"],"campfire_rested":0,"item_purchase_floors":[4,29,29,29,29,39,47,53,53],"current_hp_per_floor":[70,70,52,52,54,54,34,30,30,30,30,30,31,38,38,32,72,63,72,72,72,71,71,67,53,53,53,42,57,72,68,68,72,72,68,72,72,72,72,72,72,72,72,66,45,72,69,69,69,48,69,69,69,69,0,0],"gold":37,"neow_bonus":"TWO_FIFTY_GOLD","is_daily":false,"chose_seed":false,"campfire_upgraded":9,"win_rate":0.0,"timestamp":1614242458,"path_taken":["M","M","?","$","M","R","E","M","T","R","?","R","?","?","R","BOSS","M","M","?","?","M","R","M","E","T","R","M","$","E","M","R","BOSS","M","?","?","?","$","M","E","R","T","M","M","M","$","?","R","BOSS","R","$","E","BOSS"],"items_purchased_type":["Card","Card","Card","Card","Relic","Relic","Card","Card","Card"],"build_version":"2020-12-22","purchased_purges":3,"victory":false,"max_hp_per_floor":[72,72,72,72,72,72,72,72,72,72,72,72,72,72,72,72,72,72,72,72,72,72,72,72,72,72,72,72,72,72,72,72,72,72,72,72,72,72,72,72,72,72,72,72,72,72,69,69,69,69,69,69,69,69,69,69],"card_choices":[{"not_picked":["ats:Flame Of Heaven","ats:Guard Mode"],"picked":"ats:Powerful Strike","floor":1.0},{"not_picked":["ats:Defend Order","ats:Closed Bolt Burst Fire"],"picked":"ats:Automatic Cover","floor":2.0},{"not_picked":["ats:Shadow Raid","ats:Powerful Strike"],"picked":"ats:Chain Hook","floor":5.0},{"not_picked":["ats:Song Of Battle","ats:Leaping Hammer"],"picked":"ats:Soul Absorption","floor":7.0},{"not_picked":["ats:Thorns","ats:Powerful Strike"],"picked":"ats:Magnetic Hammer","floor":8.0},{"not_picked":["ats:Leaping Hammer","ats:Powerful Strike"],"picked":"ats:Revitalization","floor":13.0},{"not_picked":["ats:Healing Drone","ats:Hammer On"],"picked":"ats:Phantom","floor":14.0},{"not_picked":["ats:Volcano","ats:Nebulous Foxfire"],"picked":"ats:Wolf Pack","floor":16.0},{"not_picked":["ats:Consecutive Shot Auto"],"picked":"SKIP","floor":18.0},{"not_picked":[],"picked":"ats:Sword Rain+1","floor":19.0},{"not_picked":["ats:Defend Order"],"picked":"SKIP","floor":22.0},{"not_picked":["ats:Leaping Hammer"],"picked":"SKIP","floor":24.0},{"not_picked":["ats:Poison Spread"],"picked":"SKIP","floor":25.0},{"not_picked":["ats:Very Hot Blade"],"picked":"SKIP","floor":28.0},{"not_picked":["ats:Flexible Camouflage+1"],"picked":"SKIP","floor":30.0},{"not_picked":["ats:Hammer On"],"picked":"SKIP","floor":31.0},{"not_picked":[],"picked":"ats:Wolf Pack","floor":33.0},{"not_picked":[],"picked":"ats:Apocalypse+1","floor":35.0},{"not_picked":["ats:Apocalypse"],"picked":"SKIP","floor":37.0},{"not_picked":[],"picked":"ats:Directed Diagnosis+1","floor":40.0},{"not_picked":["ats:Song Of Battle"],"picked":"SKIP","floor":41.0},{"not_picked":["ats:Consecutive Shot Auto"],"picked":"SKIP","floor":44.0},{"not_picked":["ats:Consecutive Shot Auto"],"picked":"SKIP","floor":44.0},{"not_picked":["ats:Leaping Hammer+1"],"picked":"SKIP","floor":45.0},{"not_picked":["ats:Closed Bolt Burst Fire"],"picked":"SKIP","floor":46.0},{"not_picked":["ats:Poison Spread"],"picked":"SKIP","floor":48.0},{"not_picked":[],"picked":"ats:Shadow Raid+1","floor":54.0}],"player_experience":163231,"relics_obtained":[{"floor":7.0,"key":"ats:Originium"},{"floor":7.0,"key":"MealTicket"},{"floor":14.0,"key":"Odd Mushroom"},{"floor":25.0,"key":"ats:Originium"},{"floor":25.0,"key":"Toy Ornithopter"},{"floor":26.0,"key":"Meat on the Bone"},{"floor":30.0,"key":"ats:Originium"},{"floor":30.0,"key":"Mercury Hourglass"},{"floor":41.0,"key":"ats:Originium"},{"floor":41.0,"key":"Bottled Flame"},{"floor":43.0,"key":"Bag of Marbles"},{"floor":54.0,"key":"Bronze Scales"}],"event_choices":[{"damage_healed":0.0,"max_hp_gain":0.0,"max_hp_loss":0.0,"gold_gain":0.0,"event_name":"Golden Idol","player_choice":"Take Damage","floor":3.0,"gold_loss":0.0,"damage_taken":18.0,"relics_obtained":["Golden Idol"]},{"cards_removed":["ats:Strike C"],"damage_healed":0.0,"max_hp_gain":0.0,"max_hp_loss":0.0,"gold_gain":0.0,"event_name":"Purifier","player_choice":"Purged","floor":11.0,"gold_loss":0.0,"damage_taken":0.0},{"damage_healed":0.0,"max_hp_gain":0.0,"max_hp_loss":0.0,"gold_gain":0.0,"event_name":"Mushrooms","player_choice":"Fought Mushrooms","floor":14.0,"gold_loss":0.0,"damage_taken":0.0},{"damage_healed":0.0,"max_hp_gain":0.0,"max_hp_loss":0.0,"gold_gain":0.0,"event_name":"The Library","player_choice":"Read","floor":20.0,"gold_loss":0.0,"damage_taken":0.0,"cards_obtained":["ats:Sashimi Platter"]},{"damage_healed":0.0,"max_hp_gain":0.0,"max_hp_loss":0.0,"gold_gain":0.0,"event_name":"Drug Dealer","player_choice":"Obtain J.A.X.","floor":21.0,"gold_loss":0.0,"damage_taken":0.0,"cards_obtained":["J.A.X."]},{"cards_removed":["ats:Song Of Battle"],"damage_healed":4.0,"max_hp_gain":0.0,"max_hp_loss":0.0,"gold_gain":0.0,"event_name":"Bonfire Elementals","player_choice":"Offered Uncommon","floor":36.0,"gold_loss":0.0,"damage_taken":0.0},{"damage_healed":0.0,"max_hp_gain":0.0,"max_hp_loss":0.0,"gold_gain":0.0,"event_name":"Upgrade Shrine","player_choice":"Upgraded","floor":38.0,"gold_loss":0.0,"damage_taken":0.0,"cards_upgraded":["ats:Dogmatic Field"]}],"is_beta":false,"boss_relics":[{"not_picked":["Fusion Hammer","Ectoplasm"],"picked":"Busted Crown"},{"not_picked":["Empty Cage","SacredBark"],"picked":"Pandora\u0027s Box"}],"items_purged_floors":[4,29,47],"is_endless":false,"potions_floor_spawned":[5,13,14,16,19,24,28,30,33,40,46,48],"killed_by":"The Heart","ascension_level":0}}