{"host":"g907ck67u7c3hrs6","time":1614215864,"event":{"mods":["BaseMod","Colored Map","DeckTracker","Force Act Four","Highlight Path","Keyboard Shortcuts","Minty Spire (QoL Compilation)","Permanent Neow","Say the Spire","SuperFastMode"],"gold_per_floor":[114,129,304,304,254,292,142,142,142,142,180,199,218,237,237,362,362,381,381,381,480,387,425,444,482,494,525,445,464,464,314,314,439,439,458,521,521,540,559,559,597,397,397,397,397,322,341,360,360,360,360,360,10,48,48],"floor_reached":56,"language":"KOR","playtime":1190,"items_purged":[],"score":1623,"play_id":"eeea4749-46a7-45f7-92b2-37af3c0d0855","local_time":"20210225101744","daily_mods":["Insanity","Colorless Cards","Night Terrors"],"is_ascension_mode":false,"campfire_choices":[{"data":"Mind Blast","floor":8.0,"key":"SMITH"},{"data":"1","floor":10.0,"key":"LIFT"},{"data":"2","floor":15.0,"key":"LIFT"},{"data":"Creative AI","floor":30.0,"key":"SMITH"},{"data":"3","floor":32.0,"key":"LIFT"},{"data":"BootSequence","floor":40,"key":"SMITH"},{"data":"Magnetism","floor":44,"key":"SMITH"},{"floor":49,"key":"RECALL"},{"data":"Hologram","floor":52,"key":"SMITH"}],"circlet_count":0,"master_deck":["Streamline","Hologram","Redo","Ball Lightning","Leap","Gash","Barrage","Hello World+1","Blizzard","Undo","Turbo","Undo","Bandage Up","Streamline","BootSequence+1","Glacier","Stack","Gash","Ball Lightning","Turbo","Gash","Turbo","Beam Cell","Trip","Redo","Jack Of All Trades","Ball Lightning","Coolheaded","Hologram","Leap","Doom and Gloom","Hologram","Coolheaded","Ball Lightning","Rebound","Self Repair","Streamline","Skim","Loop","Blizzard","Mind Blast+1","Barrage","Beam Cell","Rebound","Streamline","Static Discharge","FTL","Scrape","Loop","Streamline","Undo","Hologram","Coolheaded","Stack","Go for the Eyes","Loop","Coolheaded","Creative AI+1","CurseOfTheBell","Dark Shackles","Defragment","Stack","Stack","Hologram","Coolheaded","Panacea","Loop","Undo","All For One","Ball Lightning+1","Secret Technique","Steam Power","Mind Blast+1","Hyperbeam","Hologram+1","Double Energy+1","Rebound","Compile Driver","Magnetism+1","Coolheaded+1","Finesse","FTL+1"],"relics":["Cracked Core","Golden Idol","Girya","Membership Card","Pantograph","MealTicket","Calling Bell","Centennial Puzzle","Matryoshka","TungstenRod","MutagenicStrength","Orrery","Oddly Smooth Stone","MawBank","Pear","Question Card","DollysMirror","Lantern","Nuclear Battery","Lizard Tail","Mummified Hand","Bottled Lightning","Medical Kit","Potion Belt","Bag of Marbles","Toolbox","Unceasing Top","Shuriken","Lee\u0027s Waffle","Pen Nib"],"acts_visited":["Exordium","TheCity","TheBeyond","TheEnding"],"potions_floor_usage":[55,55,55],"damage_taken":[{"damage":0.0,"enemies":"2 Louse","floor":1.0,"turns":1.0},{"damage":0.0,"enemies":"Small Slimes","floor":2.0,"turns":1.0},{"damage":9.0,"enemies":"3 Sentries","floor":6.0,"turns":5.0},{"damage":0.0,"enemies":"Lagavulin","floor":11.0,"turns":5.0},{"damage":0.0,"enemies":"Jaw Worm","floor":12.0,"turns":1.0},{"damage":0.0,"enemies":"Large Slime","floor":13.0,"turns":2.0},{"damage":0.0,"enemies":"2 Fungi Beasts","floor":14.0,"turns":2.0},{"damage":29.0,"enemies":"Hexaghost","floor":16.0,"turns":4.0},{"damage":0.0,"enemies":"Chosen","floor":18.0,"turns":3.0},{"damage":0.0,"enemies":"Gremlin Leader","floor":23.0,"turns":2.0},{"damage":0.0,"enemies":"2 Thieves","floor":24.0,"turns":2.0},{"damage":10.0,"enemies":"Slavers","floor":25.0,"turns":4.0},{"damage":0.0,"enemies":"Sentry and Sphere","floor":27.0,"turns":2.0},{"damage":0.0,"enemies":"Shelled Parasite and Fungi","floor":29.0,"turns":2.0},{"damage":22.0,"enemies":"Automaton","floor":33.0,"turns":4.0},{"damage":0.0,"enemies":"3 Darklings","floor":35.0,"turns":2.0},{"damage":5,"enemies":"Mind Bloom Boss Battle","floor":36,"turns":2},{"damage":0,"enemies":"3 Shapes","floor":38,"turns":2},{"damage":0,"enemies":"Jaw Worm Horde","floor":39,"turns":2},{"damage":3,"enemies":"Reptomancer","floor":41,"turns":2},{"damage":0,"enemies":"Writhing Mass","floor":47,"turns":1},{"damage":0,"enemies":"4 Shapes","floor":48,"turns":2},{"damage":40,"enemies":"Donu and Deca","floor":50,"turns":6},{"damage":0,"enemies":"Shield and Spear","floor":54,"turns":2},{"damage":118,"enemies":"The Heart","floor":55,"turns":7}],"seed_played":"3523290589944034342","potions_obtained":[{"floor":2.0,"key":"LiquidBronze"},{"floor":6.0,"key":"Block Potion"},{"floor":11.0,"key":"DuplicationPotion"},{"floor":18.0,"key":"LiquidMemories"},{"floor":47,"key":"PotionOfCapacity"},{"floor":48,"key":"SneckoOil"},{"floor":54,"key":"Energy Potion"}],"is_trial":false,"path_per_floor":["M","M","?","?","?","E","$","R","T","R","E","M","M","M","R","B",null,"M","?","?","?","$","E","M","E","T","M","$","M","R","$","R","B",null,"M","?","?","M","M","R","E","$","T","R","?","$","M","M","R","B",null,"R","$","E","B",null],"character_chosen":"DEFECT","items_purchased":["Membership Card","Defragment","Orrery","Secret Technique","DollysMirror","Lantern","Bottled Lightning","Medical Kit","Toolbox","Unceasing Top","Shuriken","Lee\u0027s Waffle"],"campfire_rested":0,"item_purchase_floors":[7,22,22,28,31,31,42,42,46,53,53,53],"current_hp_per_floor":[75,75,75,57,57,48,48,48,48,48,59,59,59,63,63,46,75,75,75,75,75,75,75,75,65,75,82,85,85,85,85,85,63,85,85,80,80,80,80,80,77,85,85,85,85,85,85,85,85,52,85,85,92,92,46],"gold":48,"neow_bonus":"","is_daily":true,"chose_seed":false,"campfire_upgraded":5,"win_rate":0.0,"timestamp":1614215864,"path_taken":["M","M","?","?","?","E","?","R","T","R","E","M","M","M","R","BOSS","M","?","?","?","$","E","M","E","T","M","$","M","R","?","R","BOSS","M","?","?","?","M","R","E","$","T","R","?","$","?","M","R","BOSS","R","$","E","BOSS"],"items_purchased_type":["Relic","Card","Relic","Card","Relic","Relic","Relic","Relic","Relic","Relic","Relic","Relic"],"build_version":"2020-12-22","purchased_purges":0,"victory":true,"max_hp_per_floor":[75,75,75,75,75,75,75,75,75,75,75,75,75,75,75,75,75,75,75,75,75,75,75,75,75,85,85,85,85,85,85,85,85,85,85,85,85,85,85,85,85,85,85,85,85,85,85,85,85,85,85,85,92,92,92],"card_choices":[{"not_picked":["Redo","Conserve Battery"],"picked":"Undo","floor":1.0},{"not_picked":["Gash","Barrage"],"picked":"Hologram","floor":2.0},{"not_picked":["Beam Cell","Recycle"],"picked":"Coolheaded","floor":6.0},{"not_picked":["Hello World","Compile Driver"],"picked":"Stack","floor":11.0},{"not_picked":["Redo","Steam"],"picked":"Go for the Eyes","floor":12.0},{"not_picked":["Multi-Cast","Force Field"],"picked":"Loop","floor":13.0},{"not_picked":["Streamline","Barrage"],"picked":"Coolheaded","floor":14.0},{"not_picked":["Violence","Mayhem"],"picked":"Creative AI","floor":16.0},{"not_picked":["Streamline","Barrage"],"picked":"Dark Shackles","floor":18.0},{"not_picked":["Streamline+1","Violence"],"picked":"Stack","floor":22.0},{"not_picked":["Undo","BootSequence"],"picked":"Stack","floor":22.0},{"not_picked":["Ball Lightning","Coolheaded"],"picked":"Hologram","floor":22.0},{"not_picked":["Sweeping Beam","Stack"],"picked":"Coolheaded","floor":22.0},{"not_picked":["Good Instincts","Barrage"],"picked":"Panacea","floor":22.0},{"not_picked":["Impatience","Cold Snap+1"],"picked":"Loop","floor":23.0},{"not_picked":["Turbo","Beam Cell"],"picked":"Undo","floor":24.0},{"not_picked":["Purity+1","Hologram"],"picked":"All For One","floor":25.0},{"not_picked":["Turbo","Purity+1","Genetic Algorithm"],"picked":"Ball Lightning+1","floor":27.0},{"not_picked":["Conserve Battery+1","Steam","Barrage+1"],"picked":"Steam Power","floor":29.0},{"not_picked":["Sadistic Nature","Panache","Metamorphosis"],"picked":"Hyperbeam","floor":33.0},{"not_picked":["Redo+1","Impatience+1","Sweeping Beam+1"],"picked":"Hologram","floor":35.0},{"not_picked":["Sunder+1","Barrage+1","Fusion"],"picked":"Double Energy+1","floor":36},{"not_picked":["Steam","Conserve Battery","Leap"],"picked":"Rebound","floor":38},{"not_picked":["Sweeping Beam","Streamline","Redo"],"picked":"Compile Driver","floor":39},{"not_picked":["Turbo","Self Repair+1","Leap+1"],"picked":"Magnetism","floor":41},{"not_picked":["Go for the Eyes+1","Madness","BootSequence+1"],"picked":"Coolheaded+1","floor":47},{"not_picked":["Conserve Battery+1","Beam Cell","Leap"],"picked":"Finesse","floor":48},{"not_picked":["Chill+1","PanicButton","Compile Driver"],"picked":"FTL+1","floor":54}],"player_experience":359808,"relics_obtained":[{"floor":6.0,"key":"Girya"},{"floor":9.0,"key":"Pantograph"},{"floor":11.0,"key":"MealTicket"},{"floor":17.0,"key":"Centennial Puzzle"},{"floor":17.0,"key":"Matryoshka"},{"floor":17.0,"key":"TungstenRod"},{"floor":23.0,"key":"Oddly Smooth Stone"},{"floor":25.0,"key":"MawBank"},{"floor":26.0,"key":"Pear"},{"floor":26.0,"key":"Question Card"},{"floor":36,"key":"Lizard Tail"},{"floor":41,"key":"Mummified Hand"},{"floor":43,"key":"Potion Belt"},{"floor":54,"key":"Pen Nib"}],"event_choices":[{"damage_healed":0.0,"max_hp_gain":0.0,"max_hp_loss":0.0,"gold_gain":175.0,"event_name":"Liars Game","player_choice":"AGREE","floor":3.0,"gold_loss":0.0,"damage_taken":0.0,"cards_obtained":["Doubt"]},{"damage_healed":0.0,"max_hp_gain":0.0,"max_hp_loss":0.0,"gold_gain":0.0,"event_name":"Golden Idol","player_choice":"Take Damage","floor":4.0,"gold_loss":0.0,"damage_taken":18.0,"relics_obtained":["Golden Idol"]},{"cards_removed":["Doubt"],"damage_healed":0.0,"max_hp_gain":0.0,"max_hp_loss":0.0,"gold_gain":0.0,"event_name":"The Cleric","player_choice":"Card Removal","floor":5.0,"gold_loss":50.0,"damage_taken":0.0},{"damage_healed":0.0,"max_hp_gain":0.0,"max_hp_loss":0.0,"gold_gain":0.0,"event_name":"Ghosts","player_choice":"Ignored","floor":19.0,"gold_loss":0.0,"damage_taken":0.0},{"damage_healed":0.0,"max_hp_gain":0.0,"max_hp_loss":0.0,"gold_gain":0.0,"event_name":"Drug Dealer","player_choice":"Inject Mutagens","floor":20.0,"gold_loss":0.0,"damage_taken":0.0,"relics_obtained":["MutagenicStrength"]},{"damage_healed":0.0,"max_hp_gain":0.0,"max_hp_loss":0.0,"gold_gain":99.0,"event_name":"Nest","player_choice":"Stole From Cult","floor":21.0,"gold_loss":0.0,"damage_taken":0.0},{"damage_healed":0,"gold_gain":0,"player_choice":"Fight","damage_taken":0,"max_hp_gain":0,"max_hp_loss":0,"event_name":"MindBloom","floor":36,"gold_loss":0},{"damage_healed":0,"gold_gain":0,"player_choice":"Upgraded","damage_taken":0,"max_hp_gain":0,"max_hp_loss":0,"event_name":"Upgrade Shrine","floor":37,"gold_loss":0,"cards_upgraded":["Hello World"]},{"damage_healed":0,"gold_gain":0,"player_choice":"Gave Potion","damage_taken":0,"relics_obtained":["Bag of Marbles"],"max_hp_gain":0,"max_hp_loss":0,"event_name":"WeMeetAgain","floor":45,"gold_loss":0}],"is_beta":false,"boss_relics":[{"not_picked":["Busted Crown","Tiny House"],"picked":"Calling Bell"},{"not_picked":["Runic Pyramid","Astrolabe"],"picked":"Nuclear Battery"}],"items_purged_floors":[],"is_endless":false,"potions_floor_spawned":[2,6,11,14,18,27,36,47,48,54],"ascension_level":0}}