{"host":"d73an99q9oevilk5","time":1614229034,"event":{"mods":["2.2 Compatiblity","AchievementEnabler","Act Like it!","Aspiration","BaseMod","Beaked The Cultist","Better Third Choice","BetterRewards","Colored Map","Colored Powertips","Conspire","Downfall","GifTheSpireLib","Halation","Hubris","Infinite Spire","Marisa????????","Mimic Mod","Minty Spire (QoL Compilation)","MostiFishMod","Quick Restart","Relic Sorter","Reliquary","Replay The Spire","Shop Mod","Spikes Relics","StSLib","Stuff the Spire","The Cursed","The Jungle","The Necromancer","The Saiyan","Waifu the Spire","egg","slay the spire mod where everything is the same but ironclad has a cowboy hat"],"gold_per_floor":[109,138,152,227,227,260,292,257,283,127,141,160,194,209,209,312,312,323,335,335,181,181,214,214,246,246,265,265,265,49,75,75,185,185,217,245,157,0,0,31,60,60,87,103,122,122,143,170,170,170],"floor_reached":51,"language":"ENG","playtime":1671,"items_purged":[],"score":1583,"play_id":"f43e345d-f880-4cec-ba3a-0b951b5048ec","local_time":"20210224215714","is_ascension_mode":false,"campfire_choices":[{"data":"Defragment","floor":15,"key":"SMITH"},{"data":"BasicCrystalCard","floor":24,"key":"SMITH"},{"data":"BasicCrystalCard","floor":29,"key":"SMITH"},{"data":"BasicCrystalCard","floor":32,"key":"SMITH"},{"data":"StuffTheSpire:Synthwave","floor":46,"key":"SMITH"},{"data":"MostiFishMod:GatherIntelligence","floor":49,"key":"SMITH"}],"circlet_count":0,"master_deck":["Strike_B","Strike_B","Strike_B","Defend_B","Defend_B","Defend_B","Defend_B","Zap","Dualcast","BasicCrystalCard+1","MostiFishMod:GatherIntelligence","Ball Lightning","Capacitor","Redo","Conserve Battery","Defragment+1","Leap","Seek","BasicCrystalCard+1","Consume+1","MostiFishMod:GatherIntelligence+1","Glacier","Glacier","hubris:PowerSurge","BasicCrystalCard+1","Pot Of Greed+1","Pot Of Greed","Pot Of Greed","MostiFishMod:Exploitation+1","Panacea","StuffTheSpire:Synthwave+1","hubris:PowerSurge"],"relics":["Cracked Core","Civilization","HollowDreamFlower","DaveBox","WingedGreaves","infinitespire:Lychee Nut","SynthV:TestCard","Smiling Mask","reliquary:ShortFuse","GiantMaggot","conspire:TopHat","reliquary:SharkskinSheath","Sandwich","hubris:Towel","conspire:TreasureMap","SynthV:C4","halation:LettersToHer","SpikesRelics:DaevaFist","ThornShield","hubris:BottledHeart","Orrery","Grinning Jar","infinitespire:EvilPickle","Busted Crown","Red Mask","CaptainsWheel","Cables","White Beast Statue","War Paint"],"acts_visited":["Exordium","TheCity","TheBeyond"],"potions_floor_usage":[7,33,44,50,50],"damage_taken":[{"damage":4,"enemies":"Jaw Worm","floor":1,"turns":4},{"damage":0,"enemies":"conspire:MimicChest","floor":2,"turns":4},{"damage":5,"enemies":"2 Louse","floor":3,"turns":2},{"damage":6,"enemies":"Replay:BlueRogue","floor":6,"turns":7},{"damage":23,"enemies":"Gremlin Nob","floor":7,"turns":4},{"damage":0,"enemies":"conspire:RoseBush","floor":11,"turns":2},{"damage":8,"enemies":"Blue Slaver","floor":12,"turns":2},{"damage":3,"enemies":"Replay:BlueRogue","floor":13,"turns":4},{"damage":0,"enemies":"Looter","floor":14,"turns":2},{"damage":0,"enemies":"The Guardian","floor":16,"turns":7},{"damage":10,"enemies":"Chosen","floor":18,"turns":3},{"damage":4,"enemies":"Shell Parasite","floor":19,"turns":3},{"damage":9,"enemies":"Gremlin Leader","floor":23,"turns":5},{"damage":5,"enemies":"Slavers","floor":25,"turns":3},{"damage":0,"enemies":"Snecko","floor":27,"turns":3},{"damage":0,"enemies":"conspire:SneckoGhost","floor":31,"turns":5},{"damage":0,"enemies":"Pondfish","floor":33,"turns":6},{"damage":0,"enemies":"3 Darklings","floor":35,"turns":5},{"damage":0,"enemies":"Orb Walker","floor":36,"turns":4},{"damage":0,"enemies":"Reptomancer","floor":40,"turns":4},{"damage":0,"enemies":"R_Hoarder","floor":41,"turns":4},{"damage":0,"enemies":"Spire Growth","floor":44,"turns":2},{"damage":0,"enemies":"Jaw Worm Horde","floor":45,"turns":4},{"damage":0,"enemies":"Maw","floor":47,"turns":3},{"damage":0,"enemies":"Transient","floor":48,"turns":5},{"damage":0,"enemies":"Donu and Deca","floor":50,"turns":4}],"seed_played":"-6467840385113660267","potions_obtained":[{"floor":3,"key":"Energy Potion"},{"floor":6,"key":"LiquidBronze"},{"floor":11,"key":"FearPotion"},{"floor":13,"key":"FairyPotion"},{"floor":40,"key":"SkillPotion"},{"floor":44,"key":"BlessingOfTheForge"},{"floor":47,"key":"Ancient Potion"}],"is_trial":false,"path_per_floor":["M","?","M","?","?","E","E","?","T","$","M","M","E","M","R","B",null,"M","M","?","$","?","E","R","E","T","M","?","R","$","E","R","B",null,"M","M","$","?","?","E","E","AVR","T","M","M","R","M","M","R_BF","B",null],"character_chosen":"DEFECT","items_purchased":["BasicCrystalCard","Civilization","conspire:TreasureMap","MostiFishMod:GatherIntelligence","Orrery","Panacea"],"campfire_rested":0,"item_purchase_floors":[0,10,21,30,30,37],"current_hp_per_floor":[53,56,51,40,40,44,31,45,45,45,53,51,60,66,66,71,71,68,79,79,79,79,80,80,86,86,96,1,1,1,1,1,1,1,1,1,1,1,1,1,1,1,1,1,1,1,1,1,1,1],"gold":170,"neow_bonus":"","is_daily":false,"chose_seed":false,"campfire_upgraded":6,"win_rate":0.0,"timestamp":1614229034,"path_taken":["M","?","M","?","?","E","E","?","T","$","M","M","E","M","R","BOSS","M","M","?","$","?","E","R","E","T","M","?","R","?","E","R","BOSS","M","M","?","?","?","E","E","AVR","T","M","M","R","?","M","R_BF","BOSS"],"items_purchased_type":["Card","Relic","Relic","Card","Relic","Card"],"build_version":"2020-12-22","purchased_purges":0,"victory":true,"max_hp_per_floor":[56,56,56,56,56,56,56,56,56,56,57,59,62,66,66,71,71,76,81,81,81,81,86,86,91,91,96,1,1,1,1,1,1,1,1,1,1,1,1,1,1,1,1,1,1,1,1,1,1,1],"card_choices":[{"not_picked":["StuffTheSpire:SnapShoot","Static Discharge"],"picked":"Ball Lightning","floor":1},{"not_picked":["Leap","Cold Snap","Blizzard","StuffTheSpire:Plugnplay"],"picked":"Capacitor","floor":3},{"not_picked":["Scrape","Go for the Eyes","Ball Lightning","Panic Button"],"picked":"Redo","floor":6},{"not_picked":["MostiFishMod:IceShield","Fusion","Storm","Turbo","MostiFishMod:Impulse"],"picked":"SKIP","floor":7},{"not_picked":["Barrage","Compile Driver","Leap","MostiFishMod:Prepare"],"picked":"Conserve Battery","floor":11},{"not_picked":["conspire:SharedLibrary","Sweeping Beam","Aggregate","Barrage","StuffTheSpire:Plugnplay"],"picked":"SKIP","floor":12},{"not_picked":["Static Discharge","MostiFishMod:Impulse","RefreshScreen","Redo"],"picked":"Defragment","floor":13},{"not_picked":["Redo","Static Discharge","Barrage","MostiFishMod:PushDownKick"],"picked":"Leap","floor":14},{"not_picked":["Multi-Cast","ReplayTheSpireMod:Omega Cannon","MostiFishMod:Culaccino","MostiFishMod:DawningShadow"],"picked":"Seek","floor":16},{"not_picked":["Hologram","Auto Shields","MostiFishMod:PushDownKick+1","Undo+1","Conserve Battery"],"picked":"SKIP","floor":18},{"not_picked":["Rebound","Panic Button","Force Field+1","Turbo+1"],"picked":"BasicCrystalCard","floor":19},{"not_picked":["Hologram","StuffTheSpire:SnapShoot","ReplayTheSpireMod:Repulse","Leap","Sweeping Beam"],"picked":"SKIP","floor":23},{"not_picked":["MostiFishMod:GatherIntelligence","Sunder","Buffer","ReplayGash"],"picked":"Consume+1","floor":25},{"not_picked":["Conserve Battery+1","Steam+1","Gash+1","Rip and Tear+1","Panic Button"],"picked":"SKIP","floor":27},{"not_picked":["conspire:SharedLibrary","Cold Snap","Recycle","Force Field"],"picked":"Glacier","floor":30},{"not_picked":["Double Energy","Ball Lightning+1","Barrage","StuffTheSpire:Plugnplay"],"picked":"Glacier","floor":30},{"not_picked":["StuffTheSpire:GlassShard","Streamline+1","BootSequence+1","Doom and Gloom"],"picked":"hubris:PowerSurge","floor":30},{"not_picked":["Creative AI","StuffTheSpire:SnapShoot","StuffTheSpire:Plugnplay","Ball Lightning+1"],"picked":"BasicCrystalCard","floor":30},{"not_picked":["StuffTheSpire:Purify","conspire:Rain","Sweeping Beam+1","StuffTheSpire:LoadUp","Genetic Algorithm"],"picked":"SKIP","floor":31},{"not_picked":["Reboot","MostiFishMod:TalkingToTheRain","MostiFishMod:DawningShadow","Hyperbeam"],"picked":"MostiFishMod:Exploitation","floor":33},{"not_picked":["Capacitor+1","Steam","MostiFishMod:Prepare"],"picked":"SKIP","floor":35},{"not_picked":["Genetic Algorithm+1","ReplaySolidLightProjector","Hologram+1"],"picked":"SKIP","floor":36},{"not_picked":["Darkness","Compile Driver+1","Melter"],"picked":"SKIP","floor":40},{"not_picked":["ReplayTheSpireMod:Reroute Power+1","MostiFishMod:Hijack","DiskWipe+1"],"picked":"SKIP","floor":41},{"not_picked":["Cold Snap+1","Doom and Gloom"],"picked":"StuffTheSpire:Synthwave","floor":44},{"not_picked":["Chill","Turbo+1"],"picked":"hubris:PowerSurge","floor":45},{"not_picked":["MostiFishMod:IceShield","Panic Button","Melter+1"],"picked":"SKIP","floor":47},{"not_picked":["Barrage","Stack+1","Doom and Gloom"],"picked":"SKIP","floor":48}],"player_experience":1994664,"relics_obtained":[{"floor":1,"key":"SynthV:TestCard"},{"floor":2,"key":"Smiling Mask"},{"floor":6,"key":"reliquary:ShortFuse"},{"floor":7,"key":"GiantMaggot"},{"floor":9,"key":"conspire:TopHat"},{"floor":13,"key":"reliquary:SharkskinSheath"},{"floor":23,"key":"SynthV:C4"},{"floor":25,"key":"halation:LettersToHer"},{"floor":26,"key":"SpikesRelics:DaevaFist"},{"floor":26,"key":"ThornShield"},{"floor":31,"key":"Grinning Jar"},{"floor":40,"key":"CaptainsWheel"},{"floor":41,"key":"Cables"},{"floor":43,"key":"halation:LettersToHer"},{"floor":43,"key":"War Paint"}],"event_choices":[{"damage_healed":0,"gold_gain":75,"player_choice":"Gold","damage_taken":11,"max_hp_gain":0,"max_hp_loss":0,"event_name":"betterThird:BetterGoop","floor":4,"gold_loss":0},{"damage_healed":0,"gold_gain":0,"player_choice":"Ignored","damage_taken":0,"max_hp_gain":0,"max_hp_loss":0,"event_name":"Golden Wing","floor":5,"gold_loss":0},{"damage_healed":14,"gold_gain":0,"player_choice":"Healed","damage_taken":0,"max_hp_gain":0,"max_hp_loss":0,"event_name":"The Cleric","floor":8,"gold_loss":35},{"damage_healed":0,"gold_gain":0,"player_choice":"Leave","damage_taken":0,"max_hp_gain":0,"max_hp_loss":0,"event_name":"conspire:Investor","floor":22,"gold_loss":0},{"damage_healed":0,"gold_gain":0,"player_choice":"Paid","damage_taken":0,"relics_obtained":["Red Mask"],"max_hp_gain":0,"max_hp_loss":0,"event_name":"Tomb of Lord Red Mask","floor":38,"gold_loss":157},{"cards_removed":["Strike_B"],"damage_healed":0,"gold_gain":0,"player_choice":"Purged","damage_taken":0,"max_hp_gain":0,"max_hp_loss":0,"event_name":"Purifier","floor":39,"gold_loss":0}],"is_beta":false,"boss_relics":[{"not_picked":["TimeKeys","Fusion Hammer"],"picked":"Sandwich"},{"not_picked":["Replay:Drink Me","hubris:BlackHole"],"picked":"Busted Crown"}],"items_purged_floors":[],"is_endless":false,"potions_floor_spawned":[3,6,11,13,14,23,25,40,41,44,45,47,48],"ascension_level":0}}