{"host":"czzthkrvfe6r7fjf","time":1614269360,"event":{"mods":["ATMod(∞¢Ë™Mod)","Act Like it!","BaseMod","Downfall","GungeonMod","Marisa£®ÏF”Í°°ƒß¿Ì…≥£©","Minty Spire (QoL Compilation)","Quick Restart","StSLib","The Servant 0.9.4","Waifu the Spire","°æπ¶ƒ‹Mod°øªÏ„Á÷Æª∑–ﬁ∏¥≤π∂°"],"gold_per_floor":[114,114,133,133,133,133,165,178,178,211,161,178,243,270,270,369,369,386,386,401,35,45,74,74,101,124,159,192,204,204,219,219,324,324,341,356,356,405,305,305,331,347,371,415,437,449,421,533,545,557],"floor_reached":51,"language":"ZHS","playtime":1317,"items_purged":["Slimebound:Tackle+1","Wild Strike+1"],"score":1307,"play_id":"711f0f65-ce7c-43d5-b48e-019412a99fa2","local_time":"20210226000920","is_ascension_mode":true,"campfire_choices":[{"data":"Fiend Fire","floor":6.0,"key":"SMITH"},{"data":"Rampage","floor":15.0,"key":"SMITH"},{"data":"Limit Break","floor":30.0,"key":"SMITH"},{"floor":32.0,"key":"REST"},{"data":"Battle Trance","floor":40,"key":"SMITH"},{"data":"Offering","floor":49,"key":"SMITH"}],"circlet_count":0,"master_deck":["Defend_R","Defend_R","Defend_R","Bash","AT_LightSaberMaster+1","Inflame","Fiend Fire+1","Battle Trance+1","Rampage+1","Feel No Pain","Limit Break+1","Slimebound:Tackle+1","AT_DrawKnifeCut+1","Sword Boomerang","Seeing Red+1","Battle Trance+1","downfall:Haunted","downfall:Haunted","Injury","Offering+1","downfall:Bewildered","downfall:Aged"],"relics":["Burning Blood","AT_ATBox","NeowsBlessing","Lantern","DemoMod:Relodestone","Juzu Bracelet","Red Skull","Torii","Busted Crown","Ginger","AT_GoldPhoenixTree","DemoMod:JetPack","Potion Belt","Boot","Red Mask","AT_TrinityForce","DemoMod:Antibody","AT_BellowingDragoncrestRing","MawBank","Regal Pillow","Du-Vu Doll"],"acts_visited":["Exordium","TheCity","TheBeyond"],"potions_floor_usage":[50,50,50,50],"damage_taken":[{"damage":0.0,"enemies":"Small Slimes","floor":1.0,"turns":1.0},{"damage":0.0,"enemies":"Cultist","floor":3.0,"turns":1.0},{"damage":0.0,"enemies":"3 Sentries","floor":7.0,"turns":2.0},{"damage":0.0,"enemies":"2 Louse","floor":8.0,"turns":2.0},{"damage":10.0,"enemies":"Gremlin Nob","floor":10.0,"turns":3.0},{"damage":15.0,"enemies":"Lots of Slimes","floor":12.0,"turns":2.0},{"damage":20.0,"enemies":"3 Sentries","floor":13.0,"turns":5.0},{"damage":20.0,"enemies":"3 Sentries","floor":14.0,"turns":4.0},{"damage":18.0,"enemies":"Hexaghost","floor":16.0,"turns":5.0},{"damage":13.0,"enemies":"Shell Parasite","floor":18.0,"turns":2.0},{"damage":33.0,"enemies":"3 Byrds","floor":20.0,"turns":4.0},{"damage":1.0,"enemies":"Shelled Parasite and Fungi","floor":22.0,"turns":2.0},{"damage":19.0,"enemies":"Book of Stabbing","floor":23.0,"turns":3.0},{"damage":5.0,"enemies":"Gremlin Leader","floor":25.0,"turns":2.0},{"damage":32.0,"enemies":"Slavers","floor":27.0,"turns":3.0},{"damage":0.0,"enemies":"Masked Bandits","floor":28.0,"turns":2.0},{"damage":8.0,"enemies":"Cultist and Chosen","floor":29.0,"turns":3.0},{"damage":3.0,"enemies":"Sentry and Sphere","floor":31.0,"turns":3.0},{"damage":29.0,"enemies":"Champ","floor":33.0,"turns":5.0},{"damage":0.0,"enemies":"Orb Walker","floor":35.0,"turns":1.0},{"damage":0,"enemies":"3 Shapes","floor":36,"turns":3},{"damage":13,"enemies":"2 Orb Walkers","floor":38,"turns":3},{"damage":8,"enemies":"Giant Head","floor":41,"turns":4},{"damage":16,"enemies":"Spire Growth","floor":42,"turns":2},{"damage":12,"enemies":"Nemesis","floor":44,"turns":3},{"damage":19,"enemies":"Maw","floor":45,"turns":3},{"damage":44,"enemies":"Donu and Deca","floor":50,"turns":5}],"seed_played":"4516044225504923778","potions_obtained":[{"floor":1.0,"key":"BloodPotion"},{"floor":7.0,"key":"ElixirPotion"},{"floor":8.0,"key":"AttackPotion"},{"floor":25.0,"key":"Dexterity Potion"},{"floor":27.0,"key":"Strength Potion"},{"floor":28.0,"key":"Swift Potion"},{"floor":33.0,"key":"SpeedPotion"},{"floor":35.0,"key":"DistilledChaos"},{"floor":36,"key":"ColorlessPotion"},{"floor":47,"key":"DemoMod:LeadSkinPotion"}],"is_trial":false,"path_per_floor":["M","?","M","?","?","R","E","M","T","E","?","M","?","E","R","B",null,"M","?","M","$","M","E","?","E","T","E","?","M","R","M","R","B",null,"M","M","?","?","$","R","E","M","T","E","M","?","?","?","R","B",null],"character_chosen":"IRONCLAD","items_purchased":["Ginger"],"campfire_rested":1,"item_purchase_floors":[21],"current_hp_per_floor":[78,62,68,68,68,68,74,80,80,76,76,67,53,39,39,27,67,60,60,33,33,38,25,25,26,26,16,22,20,20,23,47,24,66,72,78,78,71,71,71,69,65,65,65,52,52,52,62,62,24],"gold":569,"neow_bonus":"THREE_ENEMY_KILL","is_daily":false,"chose_seed":false,"campfire_upgraded":5,"win_rate":0.0,"timestamp":1614269360,"path_taken":["M","?","M","?","?","R","E","M","T","E","?","M","?","E","R","BOSS","M","?","M","$","M","E","?","E","T","E","?","M","R","M","R","BOSS","M","M","?","?","$","R","E","M","T","E","M","?","?","?","R","BOSS"],"items_purchased_type":["Relic"],"build_version":"2020-12-22","purchased_purges":2,"victory":true,"max_hp_per_floor":[80,80,80,80,80,80,80,80,80,80,80,80,80,80,80,80,80,80,80,80,80,80,80,80,80,80,80,80,80,80,80,80,80,80,80,80,80,80,80,80,80,80,80,80,80,76,76,81,81,81],"card_choices":[{"not_picked":["Thunderclap","Rupture"],"picked":"Wild Strike","floor":1.0},{"not_picked":["Sword Boomerang","Clothesline"],"picked":"Inflame","floor":3.0},{"not_picked":["Carnage","Pommel Strike"],"picked":"Battle Trance","floor":7.0},{"not_picked":["AT_IchimonjiDouble","AT_BodySlamDance"],"picked":"Perfected Strike","floor":8.0},{"not_picked":["Clash","Shrug It Off","Berserk"],"picked":"SKIP","floor":10.0},{"not_picked":["Anger","Body Slam","Cleave"],"picked":"SKIP","floor":12.0},{"not_picked":["AT_IchimonjiDouble","Heavy Blade"],"picked":"Rampage","floor":13.0},{"not_picked":["Impervious","Twin Strike"],"picked":"Feel No Pain","floor":14.0},{"not_picked":["Reaper","Corruption"],"picked":"Limit Break","floor":16.0},{"not_picked":["Sword Boomerang"],"picked":"SKIP","floor":18.0},{"not_picked":["Carnage"],"picked":"SKIP","floor":20.0},{"not_picked":[],"picked":"AT_DrawKnifeCut+1","floor":22.0},{"not_picked":["AT_BodySlamDance"],"picked":"SKIP","floor":23.0},{"not_picked":["Bludgeon"],"picked":"SKIP","floor":25.0},{"not_picked":["Evolve+1"],"picked":"SKIP","floor":27.0},{"not_picked":["Sword Boomerang"],"picked":"SKIP","floor":29.0},{"not_picked":[],"picked":"Sword Boomerang","floor":29.0},{"not_picked":["Rage"],"picked":"SKIP","floor":31.0},{"not_picked":["Reckless Charge+1"],"picked":"SKIP","floor":35.0},{"not_picked":[],"picked":"Seeing Red+1","floor":36},{"not_picked":["Clash"],"picked":"SKIP","floor":41},{"not_picked":[],"picked":"Battle Trance+1","floor":42},{"not_picked":["Hemokinesis+1"],"picked":"SKIP","floor":44},{"not_picked":["True Grit+1"],"picked":"SKIP","floor":45}],"player_experience":157758,"relics_obtained":[{"floor":7.0,"key":"Lantern"},{"floor":9.0,"key":"DemoMod:Relodestone"},{"floor":10.0,"key":"Juzu Bracelet"},{"floor":13.0,"key":"Red Skull"},{"floor":14.0,"key":"Torii"},{"floor":23.0,"key":"AT_GoldPhoenixTree"},{"floor":25.0,"key":"DemoMod:JetPack"},{"floor":26.0,"key":"Potion Belt"},{"floor":27.0,"key":"Boot"},{"floor":28.0,"key":"Red Mask"},{"floor":38,"key":"DemoMod:Antibody"},{"floor":41,"key":"AT_BellowingDragoncrestRing"},{"floor":43,"key":"MawBank"},{"floor":44,"key":"Regal Pillow"}],"event_choices":[{"damage_healed":0.0,"max_hp_gain":0.0,"max_hp_loss":0.0,"gold_gain":0.0,"event_name":"Shining Light","player_choice":"Entered Light","floor":2.0,"gold_loss":0.0,"damage_taken":16.0,"cards_upgraded":["Wild Strike","Strike_R"]},{"damage_healed":0.0,"max_hp_gain":0.0,"max_hp_loss":0.0,"gold_gain":0.0,"event_name":"Living Wall","player_choice":"Grow","floor":4.0,"gold_loss":0.0,"damage_taken":0.0,"cards_upgraded":["AT_LightSaberMaster"]},{"damage_healed":0.0,"max_hp_gain":0.0,"max_hp_loss":0.0,"gold_gain":0.0,"cards_transformed":["Strike_R"],"event_name":"Transmorgrifier","player_choice":"Transformed","floor":5.0,"gold_loss":0.0,"damage_taken":0.0,"cards_obtained":["Fiend Fire"]},{"cards_removed":["Defend_R"],"damage_healed":0.0,"max_hp_gain":0.0,"max_hp_loss":0.0,"gold_gain":0.0,"event_name":"The Cleric","player_choice":"Card Removal","floor":11.0,"gold_loss":50.0,"damage_taken":0.0},{"damage_healed":0.0,"max_hp_gain":0.0,"max_hp_loss":0.0,"gold_gain":30.0,"event_name":"Dead Adventurer","player_choice":"Searched \u00272\u0027 times","floor":13.0,"gold_loss":0.0,"damage_taken":0.0},{"cards_removed":["Slimebound:Tackle"],"damage_healed":0.0,"max_hp_gain":0.0,"max_hp_loss":0.0,"gold_gain":0.0,"event_name":"Purifier","player_choice":"Purged","floor":24.0,"gold_loss":0.0,"damage_taken":0.0},{"damage_healed":0.0,"max_hp_gain":0.0,"max_hp_loss":0.0,"gold_gain":0.0,"event_name":"Masked Bandits","player_choice":"Fought Bandits","floor":28.0,"gold_loss":0.0,"damage_taken":0.0},{"cards_removed":["Perfected Strike"],"damage_healed":0,"gold_gain":0,"player_choice":"Purged","damage_taken":0,"max_hp_gain":0,"max_hp_loss":0,"event_name":"Purifier","floor":37,"gold_loss":0},{"damage_healed":0,"gold_gain":0,"player_choice":"Fight","damage_taken":0,"max_hp_gain":0,"max_hp_loss":0,"event_name":"Mysterious Sphere","floor":38,"gold_loss":0},{"damage_healed":0,"gold_gain":0,"player_choice":"Max HP","damage_taken":0,"max_hp_gain":0,"max_hp_loss":4,"event_name":"Winding Halls","floor":46,"gold_loss":0},{"damage_healed":0,"gold_gain":0,"player_choice":"Bought 3 Potions","damage_taken":0,"max_hp_gain":0,"max_hp_loss":0,"event_name":"The Woman in Blue","floor":47,"gold_loss":0}],"is_beta":false,"boss_relics":[{"not_picked":["Philosopher\u0027s Stone","Runic Cube"],"picked":"Busted Crown"},{"not_picked":["Snecko Eye","bronze:MakeshiftBattery"],"picked":"AT_TrinityForce"}],"items_purged_floors":[21,39],"is_endless":false,"potions_floor_spawned":[1,7,8,16,18,25,27,28,33,35,36,42],"ascension_level":9}}