{"host":"41yb08u5hvoqx9xd","time":1614285582,"event":{"mods":["BaseMod","Minty Spire (QoL Compilation)","Relic Stats"],"gold_per_floor":[18,35,35,55,75,107,107,125,125,125,0,0,32,62,62,137,137,152,152,162,173,185,185,185,185,209,209,231,331,366,416,416,498,498,524,553,562,65,91,91,125,125,197,197,237,297,334,334,334,334],"floor_reached":51,"language":"ENG","playtime":1769,"items_purged":["Writhe"],"score":1610,"play_id":"4b0e1ba0-5137-4cb5-b8ae-e918f869ff80","local_time":"20210225153942","is_ascension_mode":true,"campfire_choices":[{"floor":7.0,"key":"DIG"},{"floor":10.0,"key":"DIG"},{"floor":12.0,"key":"DIG"},{"floor":15.0,"key":"DIG"},{"floor":23.0,"key":"REST"},{"floor":24.0,"key":"DIG"},{"floor":25.0,"key":"DIG"},{"floor":27.0,"key":"DIG"},{"floor":32.0,"key":"REST"},{"data":"1","floor":40.0,"key":"LIFT"},{"data":"2","floor":42.0,"key":"LIFT"},{"data":"3","floor":44.0,"key":"LIFT"},{"floor":49,"key":"DIG"}],"circlet_count":0,"master_deck":["AscendersBane","Strike_P","Strike_P","Strike_P","Defend_P+1","Defend_P+1","Defend_P+1","Defend_P","Eruption","Vigilance","TalkToTheHand","CutThroughFate+1","Consecrate","Crescendo","BattleHymn","Brilliance+1","Adaptation+1","CutThroughFate","EmptyMind","LessonLearned+1","FlurryOfBlows+1","FlurryOfBlows+1","Halt","Tantrum+1","SashWhip+1","MasterReality+1","JustLucky+1","Evaluate+1","FlurryOfBlows+1","FearNoEvil+1","Parasite","Tantrum+1","Wallop+1","Conclude+1","CutThroughFate+1"],"relics":["PureWater","Shovel","Bronze Scales","Bottled Flame","Art of War","Frozen Egg 2","Akabeko","Molten Egg 2","Pear","Question Card","WingedGreaves","VioletLotus","CeramicFish","Centennial Puzzle","Pen Nib","Happy Flower","Girya","Darkstone Periapt","Blue Candle","Fusion Hammer","Lee\u0027s Waffle","Oddly Smooth Stone","Boot","TeardropLocket","Letter Opener","Dead Branch","Lantern","Mango"],"acts_visited":["Exordium","TheCity","TheBeyond"],"potions_floor_usage":[50,50],"damage_taken":[{"damage":1.0,"enemies":"Small Slimes","floor":1.0,"turns":5.0},{"damage":0.0,"enemies":"Cultist","floor":2.0,"turns":3.0},{"damage":2.0,"enemies":"2 Louse","floor":4.0,"turns":3.0},{"damage":4.0,"enemies":"Blue Slaver","floor":5.0,"turns":5.0},{"damage":14.0,"enemies":"Lagavulin","floor":6.0,"turns":6.0},{"damage":1.0,"enemies":"Gremlin Gang","floor":8.0,"turns":3.0},{"damage":4.0,"enemies":"Gremlin Nob","floor":13.0,"turns":3.0},{"damage":24.0,"enemies":"Hexaghost","floor":16.0,"turns":6.0},{"damage":34.0,"enemies":"Shell Parasite","floor":18.0,"turns":5.0},{"damage":4.0,"enemies":"3 Byrds","floor":20.0,"turns":2.0},{"damage":20.0,"enemies":"Centurion and Healer","floor":21.0,"turns":5.0},{"damage":0.0,"enemies":"Cultist and Chosen","floor":22.0,"turns":3.0},{"damage":9.0,"enemies":"Sentry and Sphere","floor":28.0,"turns":3.0},{"damage":0.0,"enemies":"Colosseum Slavers","floor":29.0,"turns":1.0},{"damage":0.0,"enemies":"Colosseum Nobs","floor":29.0,"turns":2.0},{"damage":0.0,"enemies":"Slavers","floor":30.0,"turns":2.0},{"damage":19.0,"enemies":"Champ","floor":33.0,"turns":8.0},{"damage":8.0,"enemies":"Orb Walker","floor":35.0,"turns":2.0},{"damage":11.0,"enemies":"3 Shapes","floor":36.0,"turns":8.0},{"damage":15.0,"enemies":"Writhing Mass","floor":39.0,"turns":7.0},{"damage":58.0,"enemies":"Reptomancer","floor":41.0,"turns":5.0},{"damage":11.0,"enemies":"Nemesis","floor":45.0,"turns":3.0},{"damage":0,"enemies":"2 Orb Walkers","floor":46,"turns":2},{"damage":4,"enemies":"Giant Head","floor":47,"turns":4},{"damage":68,"enemies":"Time Eater","floor":50,"turns":5}],"seed_played":"-2663509413802075257","potions_obtained":[{"floor":1.0,"key":"LiquidBronze"},{"floor":2.0,"key":"Strength Potion"},{"floor":6.0,"key":"BottledMiracle"},{"floor":13.0,"key":"CultistPotion"},{"floor":21.0,"key":"BottledMiracle"},{"floor":22.0,"key":"EntropicBrew"},{"floor":30.0,"key":"Explosive Potion"},{"floor":35.0,"key":"Dexterity Potion"},{"floor":41.0,"key":"Explosive Potion"},{"floor":47,"key":"GamblersBrew"}],"is_trial":false,"path_per_floor":["M","M","?","M","M","E","R","M","T","R","$","R","E","?","R","B",null,"M","?","M","M","M","R","R","R","T","R","M","?","E","?","R","B",null,"M","M","?","$","M","R","E","R","T","R","E","?","E","?","R","B",null],"character_chosen":"WATCHER","items_purchased":["Adaptation+1","CutThroughFate","Lee\u0027s Waffle","Oddly Smooth Stone","FlurryOfBlows+1","FearNoEvil+1"],"campfire_rested":2,"item_purchase_floors":[11,11,38,38,38,38],"current_hp_per_floor":[60,60,60,58,54,40,40,39,39,39,39,39,45,45,45,21,64,30,30,26,6,6,29,29,29,29,29,20,20,20,20,43,24,65,57,46,68,91,82,82,24,24,24,24,13,13,9,80,94,26],"gold":334,"neow_bonus":"ONE_RARE_RELIC","is_daily":false,"chose_seed":false,"campfire_upgraded":0,"win_rate":0.0,"timestamp":1614285582,"path_taken":["M","M","?","?","M","E","R","M","T","R","$","R","E","?","R","BOSS","M","?","?","M","M","R","R","R","T","R","M","?","E","?","R","BOSS","M","M","?","$","M","R","E","R","T","R","E","?","E","?","R","BOSS"],"items_purchased_type":["Card","Card","Relic","Relic","Card","Card"],"build_version":"2020-12-22","purchased_purges":1,"victory":true,"max_hp_per_floor":[68,68,68,68,68,68,68,68,68,68,68,68,78,78,78,78,78,78,78,78,78,78,78,78,78,78,78,78,78,78,78,78,78,78,78,78,84,91,97,97,97,97,97,97,97,97,97,80,94,94],"relic_stats":{"Darkstone Periapt":12,"Lee\u0027s Waffle":23,"Happy Flower":[17],"counters":[25,101],"CeramicFish":108,"Blue Candle":[0],"Dead Branch":[8],"Pen Nib":[19],"Letter Opener":[5],"Question Card":16,"Boot":[13],"Centennial Puzzle":[27],"Shovel":8,"Bronze Scales":[212],"VioletLotus":[19],"Art of War":[6],"obtain_stats":[{"Darkstone Periapt":29,"Lantern":47,"CeramicFish":24,"Mango":49,"TeardropLocket":43,"Boot":41,"Centennial Puzzle":25,"Shovel":0,"WingedGreaves":15,"VioletLotus":17,"Fusion Hammer":34,"Girya":29,"Lee\u0027s Waffle":38,"Pear":13,"Happy Flower":27,"Blue Candle":30,"Dead Branch":46,"Oddly Smooth Stone":38,"Pen Nib":26,"Letter Opener":45,"Frozen Egg 2":9,"Question Card":14,"Akabeko":10,"Bottled Flame":6,"Bronze Scales":3,"Molten Egg 2":12,"Art of War":7,"PureWater":0},{"Darkstone Periapt":15,"Lantern":24,"CeramicFish":12,"Mango":24,"TeardropLocket":21,"Boot":21,"Centennial Puzzle":12,"Shovel":0,"WingedGreaves":7,"VioletLotus":8,"Fusion Hammer":17,"Girya":15,"Lee\u0027s Waffle":19,"Pear":7,"Happy Flower":12,"Blue Candle":16,"Dead Branch":23,"Oddly Smooth Stone":19,"Pen Nib":12,"Letter Opener":22,"Frozen Egg 2":6,"Question Card":7,"Akabeko":6,"Bottled Flame":5,"Bronze Scales":2,"Molten Egg 2":6,"Art of War":5,"PureWater":0},{"Darkstone Periapt":55,"Lantern":96,"CeramicFish":49,"Mango":96,"TeardropLocket":87,"Boot":87,"Centennial Puzzle":49,"Shovel":0,"WingedGreaves":28,"VioletLotus":34,"Fusion Hammer":65,"Girya":55,"Lee\u0027s Waffle":75,"Pear":28,"Happy Flower":49,"Blue Candle":57,"Dead Branch":92,"Oddly Smooth Stone":75,"Pen Nib":49,"Letter Opener":90,"Frozen Egg 2":25,"Question Card":28,"Akabeko":25,"Bottled Flame":22,"Bronze Scales":8,"Molten Egg 2":25,"Art of War":22,"PureWater":0}]},"card_choices":[{"not_picked":["SashWhip","WindmillStrike"],"picked":"TalkToTheHand","floor":1.0},{"not_picked":["CrushJoints","BowlingBash"],"picked":"CutThroughFate","floor":2.0},{"not_picked":["Prostrate","FlurryOfBlows"],"picked":"Consecrate","floor":4.0},{"not_picked":["FollowUp","PathToVictory"],"picked":"Crescendo","floor":5.0},{"not_picked":["Evaluate","Meditate"],"picked":"BattleHymn","floor":6.0},{"not_picked":["CrushJoints","ForeignInfluence"],"picked":"Brilliance","floor":8.0},{"not_picked":["Prostrate","Fasting2+1"],"picked":"EmptyMind","floor":13.0},{"not_picked":["Judgement","Establishment+1","Blasphemy"],"picked":"LessonLearned+1","floor":16.0},{"not_picked":["LikeWater+1","SashWhip+1","Meditate"],"picked":"FlurryOfBlows+1","floor":18.0},{"not_picked":["Fasting2+1","CrushJoints+1","Pray"],"picked":"FlurryOfBlows+1","floor":20.0},{"not_picked":["Meditate","Indignation","SashWhip+1"],"picked":"Halt","floor":21.0},{"not_picked":["Wish","JustLucky+1","SignatureMove+1"],"picked":"Tantrum+1","floor":22.0},{"not_picked":["Protect","FollowUp+1","Prostrate"],"picked":"SashWhip+1","floor":28.0},{"not_picked":["CrushJoints+1","Evaluate","Alpha","WindmillStrike+1"],"picked":"SKIP","floor":30.0},{"not_picked":["ConjureBlade","Blasphemy","DeusExMachina"],"picked":"MasterReality+1","floor":33.0},{"not_picked":["EmptyBody","CutThroughFate+1","FollowUp+1"],"picked":"JustLucky+1","floor":35.0},{"not_picked":["Consecrate+1","FlyingSleeves+1","Protect"],"picked":"Evaluate+1","floor":36.0},{"not_picked":["Nirvana+1","SashWhip+1","Consecrate+1","Pray"],"picked":"SKIP","floor":39.0},{"not_picked":["Protect","FlurryOfBlows+1","Consecrate+1"],"picked":"Tantrum+1","floor":41.0},{"not_picked":["Crescendo","LessonLearned+1","Prostrate"],"picked":"Wallop+1","floor":45.0},{"not_picked":["FearNoEvil+1","CutThroughFate+1","FlurryOfBlows+1"],"picked":"Conclude+1","floor":46},{"not_picked":["SashWhip+1","WreathOfFlame","Conclude+1"],"picked":"CutThroughFate+1","floor":47}],"player_experience":654468,"relics_obtained":[{"floor":6.0,"key":"Bottled Flame"},{"floor":7.0,"key":"Art of War"},{"floor":9.0,"key":"Frozen Egg 2"},{"floor":10.0,"key":"Akabeko"},{"floor":12.0,"key":"Molten Egg 2"},{"floor":13.0,"key":"Pear"},{"floor":15.0,"key":"WingedGreaves"},{"floor":24.0,"key":"CeramicFish"},{"floor":25.0,"key":"Centennial Puzzle"},{"floor":26.0,"key":"Pen Nib"},{"floor":27.0,"key":"Happy Flower"},{"floor":29.0,"key":"Girya"},{"floor":29.0,"key":"Darkstone Periapt"},{"floor":30.0,"key":"Blue Candle"},{"floor":41.0,"key":"Boot"},{"floor":43.0,"key":"TeardropLocket"},{"floor":45.0,"key":"Letter Opener"},{"floor":46,"key":"Dead Branch"},{"floor":47,"key":"Lantern"},{"floor":49,"key":"Mango"}],"event_choices":[{"damage_healed":0.0,"max_hp_gain":0.0,"max_hp_loss":0.0,"gold_gain":0.0,"event_name":"WeMeetAgain","player_choice":"Gave Potion","floor":3.0,"gold_loss":0.0,"damage_taken":0.0,"relics_obtained":["Bronze Scales"]},{"damage_healed":0.0,"max_hp_gain":0.0,"max_hp_loss":0.0,"gold_gain":30.0,"event_name":"Dead Adventurer","player_choice":"Searched \u00272\u0027 times","floor":14.0,"gold_loss":0.0,"damage_taken":0.0,"relics_obtained":["Question Card"]},{"cards_removed":["Strike_P"],"damage_healed":0.0,"max_hp_gain":0.0,"max_hp_loss":0.0,"gold_gain":0.0,"event_name":"Purifier","player_choice":"Purged","floor":19.0,"gold_loss":0.0,"damage_taken":0.0},{"damage_healed":0.0,"max_hp_gain":0.0,"max_hp_loss":0.0,"gold_gain":0.0,"event_name":"Colosseum","player_choice":"Fight","floor":29.0,"gold_loss":0.0,"damage_taken":0.0},{"damage_healed":0.0,"max_hp_gain":0.0,"max_hp_loss":0.0,"gold_gain":0.0,"event_name":"Colosseum","player_choice":"Fought Nobs","floor":29.0,"gold_loss":0.0,"damage_taken":0.0},{"damage_healed":0.0,"max_hp_gain":0.0,"max_hp_loss":0.0,"gold_gain":100.0,"event_name":"The Joust","player_choice":"Bet on Murderer","floor":31.0,"gold_loss":50.0,"damage_taken":0.0},{"damage_healed":16.0,"max_hp_gain":0.0,"max_hp_loss":0.0,"gold_gain":0.0,"event_name":"Winding Halls","player_choice":"Writhe","floor":37.0,"gold_loss":0.0,"damage_taken":0.0,"cards_obtained":["Writhe"]},{"damage_healed":0,"gold_gain":0,"player_choice":"Fight","damage_taken":0,"max_hp_gain":0,"max_hp_loss":0,"event_name":"Mysterious Sphere","floor":46,"gold_loss":0},{"damage_healed":80,"gold_gain":0,"player_choice":"Heal","damage_taken":0,"max_hp_gain":0,"max_hp_loss":17,"event_name":"The Moai Head","floor":48,"gold_loss":0}],"is_beta":false,"boss_relics":[{"not_picked":["SlaversCollar","Busted Crown"],"picked":"VioletLotus"},{"not_picked":["Empty Cage","Coffee Dripper"],"picked":"Fusion Hammer"}],"items_purged_floors":[38],"is_endless":false,"potions_floor_spawned":[1,2,6,13,21,22,28,30,35,41,45,47],"ascension_level":19}}