{"host":"5lv0icc8l08nkbqt","time":1614238913,"event":{"mods":["Act Like it!","Aspiration","BaseMod","Colored Map","Conspire","Elementarium","Energized Spire","Gensokyo","Hallownest","Hubris","JesterMod","Jorbs\u0027s Wanderer Trilogy","Marisa????????","Menagerie","Minty Spire (QoL Compilation)","Pale of the Ancients","Reliquary","Replay The Spire","Ruina","Shade Mod","Spicy Shops","StSLib","The Blue Laboratory","The Disciple","The Hierophant","The Marked","Wandering Minibosses"],"gold_per_floor":[116,116,116,178,196,227,227,253,280,280,65,96,96,96,96,192,192,211,211,211,211],"floor_reached":20,"language":"ENG","playtime":813,"items_purged":[],"score":345,"play_id":"157dc3ed-86c1-4f40-ab1d-73d436938aa4","local_time":"20210225114153","is_ascension_mode":true,"campfire_choices":[{"data":"theMarked:EmpowerWeapon","floor":7,"key":"SMITH"},{"data":"theMarked:DispelDoubt","floor":10,"key":"SMITH"},{"data":"theMarked:MuscleMemory","floor":15,"key":"SMITH"}],"circlet_count":0,"master_deck":["theMarked:Strike","theMarked:Strike","theMarked:Strike","theMarked:Strike","theMarked:Strike","theMarked:Defend","theMarked:Defend","theMarked:Defend+1","theMarked:Defend","theMarked:SoldierOfQuellstein+1","theMarked:ResourceFulStrike","Menagerie:BeastSpirit","theMarked:HeightenedSenses","theMarked:EmpowerWeapon+1","theMarked:EmpowerWeapon+1","theMarked:DispelDoubt+1","ReplayTheSpireMod:IOU","ReplayTheSpireMod:IOU","ReplayTheSpireMod:IOU","ReplayTheSpireMod:IOU","ReplayTheSpireMod:IOU","ReplayTheSpireMod:IOU","theMarked:MuscleMemory+1","theMarked:StartUp","theMarked:TakeOffHeels","theMarked:TwofoldDefense"],"relics":["theMarked:ArtifactOfAir","NeowsBlessing","Replay:Bottled Flurry","Akabeko","Replay:Bottled Steam","Replay:Wax Seal","Torii","Oddly Smooth Stone","Juzu Bracelet","reliquary:TuningFork","hubris:Icosahedron","energizedSpire:MagnifyingGlass","reliquary:Buckler"],"acts_visited":["Exordium","Menagerie:Menagerie"],"potions_floor_usage":[16,16],"damage_taken":[{"damage":0,"enemies":"Menagerie:WhisperingWraith","floor":1,"turns":1},{"damage":0,"enemies":"Menagerie:StygianBoar","floor":5,"turns":1},{"damage":0,"enemies":"Menagerie:MaskedSummoner","floor":6,"turns":1},{"damage":30,"enemies":"Menagerie:Hydra","floor":8,"turns":5},{"damage":14,"enemies":"Menagerie:MaskedSummoner","floor":12,"turns":6},{"damage":23,"enemies":"Menagerie:AVATARS","floor":16,"turns":7},{"damage":37,"enemies":"ruina:Nosferatu","floor":18,"turns":4},{"damage":35,"enemies":"ruina:3_Bats","floor":20,"turns":5}],"seed_played":"4119725173440291872","potions_obtained":[{"floor":4,"key":"blueLaboratory:RememoryPotion"},{"floor":6,"key":"Weak Potion"},{"floor":8,"key":"blueLaboratory:BubblePotion"},{"floor":18,"key":"Explosive Potion"}],"is_trial":false,"path_per_floor":["M","?","?","?","M","E","R","E","T","R","$","E","?","?","R","B",null,"M","T","M"],"character_chosen":"THE_DEFAULT","items_purchased":["Torii","Oddly Smooth Stone","Juzu Bracelet","theMarked:MuscleMemory"],"campfire_rested":0,"item_purchase_floors":[11,11,11,11],"current_hp_per_floor":[72,72,69,69,69,69,69,39,39,39,39,25,25,24,24,1,69,32,32,0,0],"gold":211,"neow_bonus":"THREE_ENEMY_KILL","is_daily":false,"chose_seed":false,"campfire_upgraded":3,"win_rate":0.0,"timestamp":1614238913,"path_taken":["M","?","?","?","M","E","R","E","T","R","$","E","?","?","R","BOSS","M","?","M"],"items_purchased_type":["Relic","Relic","Relic","Card"],"build_version":"2020-12-22","purchased_purges":0,"victory":false,"max_hp_per_floor":[72,72,69,69,69,69,69,69,69,69,69,69,69,69,69,69,69,69,69,69,69],"card_choices":[{"not_picked":["theMarked:TakeCover","theMarked:BanishingStrike"],"picked":"theMarked:ResourceFulStrike","floor":1},{"not_picked":["theMarked:Frustration","theMarked:Heritage"],"picked":"theMarked:HeightenedSenses","floor":4},{"not_picked":["theMarked:SwordAndMagic","theMarked:Memento"],"picked":"theMarked:EmpowerWeapon","floor":5},{"not_picked":["theMarked:RepellingDischarge","theMarked:Seal"],"picked":"theMarked:EmpowerWeapon","floor":6},{"not_picked":["theMarked:RepellingDischarge","theMarked:Electrify"],"picked":"theMarked:DispelDoubt","floor":8},{"not_picked":["theMarked:Aftermath","theMarked:ParalyzingBlade"],"picked":"theMarked:StartUp","floor":12},{"not_picked":["theMarked:Toughness","theMarked:ThrowWeapon"],"picked":"theMarked:TakeOffHeels","floor":16},{"not_picked":["theMarked:Polarize+1","theMarked:HeightenedSenses"],"picked":"theMarked:TwofoldDefense","floor":18}],"player_experience":1764243,"relics_obtained":[{"floor":4,"key":"Replay:Bottled Flurry"},{"floor":6,"key":"Akabeko"},{"floor":8,"key":"Replay:Bottled Steam"},{"floor":9,"key":"Replay:Wax Seal"},{"floor":12,"key":"reliquary:TuningFork"},{"floor":19,"key":"reliquary:Buckler"}],"event_choices":[{"damage_healed":0,"gold_gain":0,"player_choice":"Ignored","damage_taken":0,"max_hp_gain":0,"max_hp_loss":0,"event_name":"Menagerie:CorruptingLight","floor":2,"gold_loss":0},{"damage_healed":0,"gold_gain":0,"player_choice":"Knelt","damage_taken":0,"max_hp_gain":0,"max_hp_loss":3,"event_name":"Menagerie:BeastSpiritShrine","floor":3,"gold_loss":0,"cards_obtained":["Menagerie:BeastSpirit"]},{"damage_healed":0,"gold_gain":0,"player_choice":"Accept","damage_taken":0,"max_hp_gain":0,"max_hp_loss":5,"event_name":"Menagerie:HarrowingRitual","floor":14,"gold_loss":0,"cards_upgraded":["theMarked:EmpowerWeapon"]}],"is_beta":false,"boss_relics":[{"not_picked":["aspiration:RitualDagger","Runic Dome"],"picked":"energizedSpire:MagnifyingGlass"}],"items_purged_floors":[],"is_endless":false,"potions_floor_spawned":[6,8,18],"killed_by":"ruina:3_Bats","ascension_level":1}}