{"host":"w97dq1whmpm6b2tc","time":1614280783,"event":{"mods":["BaseMod","Challenge The Spire","Downfall","Minty Spire (QoL Compilation)","StSLib"],"gold_per_floor":[99,99,99,99,199,199,199,99,127,27,27,56,71,84,95,194,194,194,204,216,416,83,83,83,95,130,150,164,164,249,278,291,395,395,395,409,409,427,447,332,332,362,428,462,362,377,227,246,260,260,260,289,114,114,114,114,114,114],"floor_reached":56,"language":"ENG","playtime":4432,"items_purged":["hexamod:Defend","Writhe","hexamod:Strike","hexamod:Strike","hexamod:Strike"],"score":988,"play_id":"0d858556-4bc7-4c52-a1ca-2ee26e61b4ad","local_time":"20210225211943","is_ascension_mode":true,"campfire_choices":[{"floor":1.0,"key":"RECALL"},{"data":"hexamod:Float","floor":8.0,"key":"SMITH"},{"floor":10.0,"key":"REST"},{"data":"hexamod:WildfireWeapon","floor":18,"key":"SMITH"},{"data":"hexamod:TimeWarp","floor":29,"key":"SMITH"},{"data":"hexamod:Haunt","floor":35,"key":"SMITH"},{"data":"hexamod:VolcanoVisage","floor":45,"key":"SMITH"},{"floor":54,"key":"REST"}],"circlet_count":0,"master_deck":["hexamod:Defend","hexamod:Defend","hexamod:Sear+1","hexamod:Float+1","hexamod:Incineration+1","hexamod:ExtraCrispy","hexamod:StepThrough","hexamod:WildfireWeapon+1","hexamod:AdvancingGuard","hexamod:BurningTouch+1","hexamod:GhostflameBarrier","hexamod:VolcanoVisage+1","hexamod:SoulSteal+1","hexamod:Incineration+1","hexamod:Float+1","hexamod:GhostOfSpireFuture+1","hexamod:TimeWarp+1","hexamod:Haunt+1"],"relics":["hexamod:SpiritBrand","downfall:HeartsMalice","Lantern","Slimebound:PreparedRelic","downfall:HeartBlessingRed","Incense Burner","downfall:HeartBlessingGreen","hexamod:CandleOfCauterizing","Gremlin Horn","sneckomod:SneckoTalon","Eternal Feather","Singing Bowl","hexamod:SoulConsumer","Ancient Tea Set","Busted Crown","MawBank","War Paint","hexamod:MatchstickCase","downfall:HeartBlessingBlue","Mango"],"acts_visited":["Exordium","TheCity","TheBeyond","TheEnding"],"potions_floor_usage":[16,16,16,31,39,39,49,52,52],"damage_taken":[{"damage":0.0,"enemies":"Cultist","floor":2.0,"turns":1.0},{"damage":0.0,"enemies":"2 Louse","floor":3.0,"turns":1.0},{"damage":0.0,"enemies":"Small Slimes","floor":4.0,"turns":1.0},{"damage":16.0,"enemies":"downfall:Heads","floor":5.0,"turns":4.0},{"damage":18.0,"enemies":"3 Sentries","floor":9.0,"turns":4.0},{"damage":7.0,"enemies":"Lagavulin","floor":12.0,"turns":3.0},{"damage":2.0,"enemies":"Blue Slaver","floor":13.0,"turns":3.0},{"damage":0.0,"enemies":"Exordium Wildlife","floor":14.0,"turns":3.0},{"damage":7.0,"enemies":"Exordium Thugs","floor":15.0,"turns":4.0},{"damage":16,"enemies":"DF_ARCHETYPE_STREAMLINE","floor":16,"turns":6},{"damage":0,"enemies":"3 Byrds","floor":19,"turns":3},{"damage":0,"enemies":"Shell Parasite","floor":20,"turns":4},{"damage":10,"enemies":"downfall:FleeingMerchant","floor":22,"turns":4},{"damage":0,"enemies":"3 Cultists","floor":25,"turns":3},{"damage":29,"enemies":"Slavers","floor":26,"turns":4},{"damage":4,"enemies":"Cultist and Chosen","floor":27,"turns":3},{"damage":0,"enemies":"Sentry and Sphere","floor":28,"turns":3},{"damage":1,"enemies":"Book of Stabbing","floor":31,"turns":3},{"damage":1,"enemies":"Centurion and Healer","floor":32,"turns":3},{"damage":30,"enemies":"IC_MUSHROOM_ARCHETYPE","floor":33,"turns":6},{"damage":0,"enemies":"3 Darklings","floor":36,"turns":3},{"damage":34,"enemies":"3 Shapes","floor":38,"turns":3},{"damage":2,"enemies":"Spire Growth","floor":39,"turns":3},{"damage":0,"enemies":"downfall:FleeingMerchant","floor":40,"turns":4},{"damage":0,"enemies":"Nemesis","floor":42,"turns":5},{"damage":2,"enemies":"downfall:FleeingMerchant","floor":43,"turns":3},{"damage":30,"enemies":"Reptomancer","floor":44,"turns":5},{"damage":2,"enemies":"3 Darklings","floor":46,"turns":3},{"damage":14,"enemies":"Sphere and 2 Shapes","floor":48,"turns":4},{"damage":0,"enemies":"Jaw Worm Horde","floor":49,"turns":3},{"damage":37,"enemies":"SI_POISON_ARCHETYPE","floor":50,"turns":7},{"damage":64,"enemies":"downfall:CharBossMerchant","floor":52,"turns":6},{"damage":40,"enemies":"downfall:NeowBoss","floor":55,"turns":15},{"damage":67,"enemies":"downfall:NeowBossFinal","floor":56,"turns":5}],"seed_played":"-59709898247373406","potions_obtained":[{"floor":5.0,"key":"GamblersBrew"},{"floor":9.0,"key":"GamblersBrew"},{"floor":12.0,"key":"champ:CounterPotion"},{"floor":14.0,"key":"champ:CounterPotion"},{"floor":15.0,"key":"EssenceOfSteel"},{"floor":26,"key":"Dexterity Potion"},{"floor":27,"key":"Swift Potion"},{"floor":28,"key":"Block Potion"},{"floor":32,"key":"Block Potion"},{"floor":42,"key":"champ:CounterPotion"},{"floor":44,"key":"Guardian:BlockOnCardUsePotion"},{"floor":49,"key":"Fruit Juice"}],"is_trial":false,"path_per_floor":["R","M","M","M","?","?","T","R","E","R","T","E","M","M","M","B",null,"R","M","M","?","$","?","T","M","E","M","M","R","?","E","M","B",null,"R","M","?","M","M","?","T","E","$","E","R","M","$","M","M","B",null,"E","$","R","B","B"],"character_chosen":"THE_SPIRIT","items_purchased":["Eternal Feather","War Paint"],"campfire_rested":2,"item_purchase_floors":[22,43],"current_hp_per_floor":[70,70,70,70,54,36,36,36,18,39,39,32,30,30,23,7,70,70,70,70,70,60,60,60,62,33,35,39,51,37,42,45,21,78,78,80,82,54,58,64,64,70,74,50,72,76,76,64,75,42,115,71,71,119,83,16,16,16],"gold":114,"neow_bonus":"THREE_ENEMY_KILL","is_daily":false,"chose_seed":false,"campfire_upgraded":5,"win_rate":0.0,"timestamp":1614280783,"path_taken":["R","?","?","M","?","?","T","R","E","R","?","E","M","M","M","BOSS","R","M","M","?","?","?","T","M","E","?","M","R","?","E","M","BOSS","R","M","?","M","M","?","T","E","$","E","R","M","?","M","M","BOSS","E","$","R","BOSS","BOSS"],"items_purchased_type":["Relic","Relic"],"build_version":"2020-12-22","purchased_purges":5,"victory":false,"max_hp_per_floor":[70,70,70,70,70,70,70,70,70,70,70,70,70,70,70,70,70,70,70,70,70,70,70,70,72,72,74,74,74,74,76,76,78,78,78,80,82,84,86,88,88,90,92,94,104,106,106,108,115,115,115,131,131,131,131,131,131,131],"card_choices":[{"not_picked":["hexamod:HeatMetal","hexamod:NecessarySacrifice","hexamod:ShieldOfDarkness"],"picked":"SKIP","floor":2.0},{"not_picked":["hexamod:GhostLash","hexamod:ThirdSeal"],"picked":"hexamod:Incineration","floor":3.0},{"not_picked":["hexamod:NightmareGuise","hexamod:FastForward","hexamod:RadiantFlame"],"picked":"SKIP","floor":4.0},{"not_picked":["hexamod:Again","hexamod:NightmareGuise"],"picked":"hexamod:ExtraCrispy","floor":5.0},{"not_picked":["hexamod:Firestarter","hexamod:SwordOfDarkness"],"picked":"hexamod:WildfireWeapon","floor":9.0},{"not_picked":["hexamod:FifthSeal","hexamod:ThermalTransfer"],"picked":"hexamod:AdvancingGuard","floor":12.0},{"not_picked":["hexamod:GhostShield","hexamod:SuperheatedStrike"],"picked":"hexamod:BurningTouch","floor":13.0},{"not_picked":["hexamod:NightmareGuise","hexamod:EmpoweredFlame","hexamod:HexaLevel"],"picked":"SKIP","floor":14.0},{"not_picked":["hexamod:ShieldOfDarkness","hexamod:BurningTouch"],"picked":"hexamod:GhostflameBarrier","floor":15.0},{"not_picked":["hexamod:ApocalypticArmor","hexamod:GiftsFromTheDead"],"picked":"hexamod:VolcanoVisage","floor":16},{"not_picked":["hexamod:GhostflameBarrier","hexamod:Haunt"],"picked":"hexamod:SoulSteal+1","floor":19},{"not_picked":["hexamod:HauntingEcho","hexamod:GhostShield","hexamod:Rewind+1"],"picked":"SKIP","floor":20},{"not_picked":["hexamod:PhantomCloak+1","hexamod:Rewind","hexamod:Again"],"picked":"SKIP","floor":22},{"not_picked":["hexamod:Hexaguard","hexamod:SkipABeat","hexamod:HauntingEcho"],"picked":"Singing Bowl","floor":25},{"not_picked":["hexamod:ShieldOfDarkness","hexamod:HeatMetal"],"picked":"hexamod:GhostOfSpireFuture+1","floor":26},{"not_picked":["hexamod:NightmareGuise","hexamod:NightmareStrike","hexamod:HeatCrush+1"],"picked":"Singing Bowl","floor":27},{"not_picked":["hexamod:SpectralSpark","hexamod:BurningTouch"],"picked":"hexamod:TimeWarp","floor":28},{"not_picked":["hexamod:ThermalTransfer","hexamod:CatchUp","hexamod:RetreatToShadows+1"],"picked":"Singing Bowl","floor":31},{"not_picked":["hexamod:BacktrackSmack","hexamod:StepThrough"],"picked":"hexamod:Haunt","floor":32},{"not_picked":["hexamod:UnleashSpirits","hexamod:VolcanoVisage","hexamod:Toasty"],"picked":"Singing Bowl","floor":33},{"not_picked":["hexamod:AdvancingGuard"],"picked":"Singing Bowl","floor":36},{"not_picked":["expansioncontent:LastStand","expansioncontent:PrepareCrush","expansioncontent:PolyBeam"],"picked":"Singing Bowl","floor":37},{"not_picked":["hexamod:NightmareGuise+1"],"picked":"Singing Bowl","floor":38},{"not_picked":["hexamod:Hexaguard+1"],"picked":"Singing Bowl","floor":39},{"not_picked":["hexamod:HeatCrush"],"picked":"Singing Bowl","floor":40},{"not_picked":["hexamod:BurningTouch+1"],"picked":"Singing Bowl","floor":42},{"not_picked":["hexamod:Again+1"],"picked":"Singing Bowl","floor":43},{"not_picked":["hexamod:HeatMetal+1"],"picked":"Singing Bowl","floor":44},{"not_picked":["hexamod:BacktrackSmack+1"],"picked":"Singing Bowl","floor":46},{"not_picked":["hexamod:AdvancingGuard+1"],"picked":"Singing Bowl","floor":48},{"not_picked":["hexamod:BurningTouch+1"],"picked":"Singing Bowl","floor":49},{"not_picked":["hexamod:FifthSeal"],"picked":"Singing Bowl","floor":52}],"player_experience":3845939,"relics_obtained":[{"floor":7.0,"key":"Slimebound:PreparedRelic"},{"floor":9.0,"key":"Incense Burner"},{"floor":11.0,"key":"hexamod:CandleOfCauterizing"},{"floor":12.0,"key":"Gremlin Horn"},{"floor":24,"key":"Singing Bowl"},{"floor":26,"key":"hexamod:SoulConsumer"},{"floor":31,"key":"Ancient Tea Set"},{"floor":42,"key":"MawBank"},{"floor":44,"key":"hexamod:MatchstickCase"},{"floor":52,"key":"Mango"}],"event_choices":[{"damage_healed":0.0,"max_hp_gain":0.0,"max_hp_loss":0.0,"gold_gain":0.0,"event_name":"Scrap Ooze","player_choice":"Success","floor":6.0,"gold_loss":0.0,"damage_taken":18.0,"relics_obtained":["Lantern"]}],"is_beta":false,"boss_relics":[{"not_picked":["Snecko Eye","Empty Cage"],"picked":"sneckomod:SneckoTalon"},{"not_picked":["Astrolabe","Velvet Choker"],"picked":"Busted Crown"}],"items_purged_floors":[22,40,43,47,53],"is_endless":false,"potions_floor_spawned":[5,9,12,14,15,26,27,28,32,42,44,48,49],"killed_by":"downfall:NeowBossFinal","ascension_level":2}}