{"host":"flm17o2q7bfjyna6","time":1614285807,"event":{"mods":["2.2 Compatiblity","Act Like it!","BaseMod","Better Altar","Better Match","Better Note","Better Sensory Stone","Better Skull","Better Third Choice","Better Vampires","Colored Map","Colored Powertips","DeckTracker","Downfall","Fox Events","Minty Spire (QoL Compilation)","Quick Restart","Reworked Bosses","Spicy Shops","StSLib","TheSwordswoman","Wandering Minibosses"],"gold_per_floor":[99,114,130,130,130,147,174,193,193,3,3,23,55,75,89,189,189,89,105,90,106,106,106,106,116,145,350,350,360,360,379,390,494,494,494,544,19,29,48,73,73,73,73,87,87,113,113,138,38,38],"floor_reached":51,"language":"ENG","playtime":3373,"items_purged":["Regret","bronze:Strike","bronze:Defend","bronze:Strike"],"score":928,"play_id":"c7e0a0c7-42a7-4fc6-a64d-1135b6110b67","local_time":"20210225154327","is_ascension_mode":true,"campfire_choices":[{"floor":1,"key":"RECALL"},{"data":"bronze:WhirlingStrike","floor":11,"key":"SMITH"},{"data":"bronze:Constructor","floor":18,"key":"SMITH"},{"data":"bronze:CleanCode","floor":28,"key":"SMITH"},{"floor":30,"key":"REST"},{"data":"bronze:Verify","floor":35,"key":"SMITH"},{"floor":42,"key":"REST"},{"floor":45,"key":"REST"},{"data":"bronze:InfiniteBeams","floor":49,"key":"SMITH"}],"circlet_count":0,"master_deck":["bronze:Defend","bronze:Defend","bronze:Replicate","bronze:Goto","Trip","bronze:WildBeam","bronze:Separator+1","bronze:DigitalCarnage","bronze:Overheat","bronze:Return","Parasite","bronze:WhirlingStrike+1","bronze:Overheat","bronze:BronzeOrb+1","bronze:Refactor","bronze:Constructor+1","bronze:CleanCode+1","bronze:Deprecate+1","bronze:Constructor+1","bronze:DelayedSlice","Shame","bronze:Constructor+1","bronze:Safeguard","bronze:BronzeOrb","bronze:Boost+1","wanderingMiniBosses:FinaleOfPromise","bronze:InfiniteBeams+1","bronze:ForceShield+1","bronze:Verify+1","bronze:ChildClass+1","bronze:Invalidate+1","bronze:FollowUp","bronze:FollowUp+1","Parasite","bronze:DelayedGuard+1","bronze:MaxOutput+1","bronze:FineTuning+1"],"relics":["bronze:BronzeCore","Pen Nib","Art of War","bronze:Timepiece","Cursed Key","downfall:HeartBlessingRed","Akabeko","Whetstone","wanderingMiniBosses:Blackblade","Empty Cage","Gambling Chip","Strange Spoon","Sling","Lantern","Mercury Hourglass","CaptainsWheel","Shovel","Centennial Puzzle","downfall:HeartBlessingGreen"],"acts_visited":["Exordium","TheCity","TheBeyond"],"potions_floor_usage":[16,40,46,50,50,50,50,50],"damage_taken":[{"damage":3,"enemies":"Jaw Worm","floor":2,"turns":4},{"damage":0,"enemies":"2 Louse","floor":3,"turns":2},{"damage":0,"enemies":"Cultist","floor":6,"turns":2},{"damage":10,"enemies":"2 Fungi Beasts","floor":8,"turns":3},{"damage":6,"enemies":"downfall:FleeingMerchant","floor":10,"turns":4},{"damage":21,"enemies":"Exordium Thugs","floor":12,"turns":3},{"damage":10,"enemies":"3 Sentries","floor":13,"turns":3},{"damage":6,"enemies":"Large Slime","floor":14,"turns":2},{"damage":12,"enemies":"Blue Slaver","floor":15,"turns":5},{"damage":8,"enemies":"WA_ARCHETYPE_RETAIN","floor":16,"turns":3},{"damage":6,"enemies":"Spheric Guardian","floor":19,"turns":3},{"damage":10,"enemies":"downfall:FleeingMerchant","floor":20,"turns":4},{"damage":9,"enemies":"downfall:LooterAlt2","floor":21,"turns":3},{"damage":0,"enemies":"Snake Plant","floor":25,"turns":1},{"damage":12,"enemies":"Gremlin Leader","floor":26,"turns":4},{"damage":0,"enemies":"downfall:FleeingMerchant","floor":27,"turns":2},{"damage":3,"enemies":"Snecko","floor":29,"turns":3},{"damage":0,"enemies":"Centurion and Healer","floor":31,"turns":8},{"damage":0,"enemies":"Sentry and Sphere","floor":32,"turns":3},{"damage":16,"enemies":"SI_MIRROR_ARCHETYPE","floor":33,"turns":8},{"damage":30,"enemies":"SI_MIRROR_ARCHETYPE","floor":36,"turns":5},{"damage":0,"enemies":"Orb Walker","floor":38,"turns":2},{"damage":6,"enemies":"3 Shapes","floor":39,"turns":4},{"damage":14,"enemies":"Giant Head","floor":40,"turns":7},{"damage":12,"enemies":"Sphere and 2 Shapes","floor":44,"turns":3},{"damage":33,"enemies":"Reptomancer","floor":46,"turns":5},{"damage":0,"enemies":"Giant Head","floor":48,"turns":4},{"damage":37,"enemies":"DF_ARCHETYPE_ORBS","floor":50,"turns":6}],"seed_played":"-5121329021103696444","potions_obtained":[{"floor":3,"key":"bronze:CleanCodePotion"},{"floor":12,"key":"PowerPotion"},{"floor":13,"key":"Ancient Potion"},{"floor":16,"key":"bronze:BurnAndBuffPotion"},{"floor":19,"key":"bronze:CleanCodePotion"},{"floor":29,"key":"Energy Potion"},{"floor":44,"key":"SneckoOil"},{"floor":48,"key":"EntropicBrew"}],"is_trial":false,"path_per_floor":["R","M","M","?","?","M","T","M","?","$","R","M","E","M","M","B",null,"R","M","$","M","?","?","T","M","E","$","R","M","R","M","M","B",null,"R","?","$","M","M","E","T","R","?","M","R","E","?","E","R","B",null],"character_chosen":"THE_AUTOMATON","items_purchased":["Strange Spoon","Sling","Lantern"],"campfire_rested":3,"item_purchase_floors":[37,37,37],"current_hp_per_floor":[70,67,67,67,67,67,67,57,70,64,64,43,33,27,15,7,70,70,64,54,45,45,45,45,45,33,33,33,30,51,51,51,35,70,70,40,40,40,34,20,20,41,51,39,63,30,70,70,70,33],"gold":38,"neow_bonus":"RANDOM_COLORLESS","is_daily":false,"chose_seed":false,"campfire_upgraded":5,"win_rate":0.0,"timestamp":1614285807,"path_taken":["R","M","M","?","?","M","T","M","?","$","R","M","E","M","M","BOSS","R","M","$","M","?","?","T","M","E","$","R","M","R","M","M","BOSS","R","?","$","M","M","E","T","R","?","M","R","E","?","E","R","BOSS"],"items_purchased_type":["Relic","Relic","Relic"],"build_version":"2020-12-22","purchased_purges":4,"victory":true,"max_hp_per_floor":[70,70,70,70,70,70,70,70,70,70,70,70,70,70,70,70,70,70,70,70,70,70,70,70,70,70,70,70,70,70,70,70,70,70,70,70,70,70,70,70,70,70,80,80,80,80,70,70,70,70],"card_choices":[{"not_picked":["Deep Breath","Jack Of All Trades"],"picked":"Trip","floor":0},{"not_picked":["bronze:Allocate","bronze:Deprecate"],"picked":"bronze:WildBeam","floor":2},{"not_picked":["bronze:Branch","bronze:DelayedGuard"],"picked":"bronze:Separator","floor":3},{"not_picked":["bronze:Invalidate","bronze:Shield"],"picked":"bronze:Overheat","floor":6},{"not_picked":["bronze:ChildClass","bronze:Overload"],"picked":"bronze:Return","floor":8},{"not_picked":["bronze:GetLatest","bronze:Deprecate"],"picked":"bronze:WhirlingStrike","floor":10},{"not_picked":["bronze:DigitalCarnage","bronze:Branch"],"picked":"bronze:Overheat","floor":12},{"not_picked":["bronze:Iterate","bronze:Repair"],"picked":"bronze:BronzeOrb","floor":13},{"not_picked":["bronze:Shell","bronze:ForLoop"],"picked":"bronze:Refactor","floor":14},{"not_picked":["bronze:CloningBeam","bronze:ItsAFeature"],"picked":"bronze:Constructor","floor":15},{"not_picked":["bronze:SpaghettiCode","bronze:HardenedForm"],"picked":"bronze:CleanCode","floor":16},{"not_picked":["bronze:Frontload+1","bronze:ItsAFeature"],"picked":"bronze:Deprecate+1","floor":19},{"not_picked":["bronze:Overheat","bronze:OilSpill"],"picked":"bronze:Constructor+1","floor":20},{"not_picked":["bronze:DelayedGuard","bronze:Deprecate+1"],"picked":"bronze:DelayedSlice","floor":21},{"not_picked":["bronze:Fortify","bronze:NullPointer"],"picked":"bronze:Constructor+1","floor":25},{"not_picked":["bronze:OilSpill+1","bronze:Shield"],"picked":"bronze:Safeguard","floor":26},{"not_picked":["bronze:WhirlingStrike","bronze:Shield"],"picked":"bronze:BronzeOrb","floor":27},{"not_picked":["bronze:Terminator","bronze:Shield"],"picked":"bronze:Boost+1","floor":29},{"not_picked":[],"picked":"wanderingMiniBosses:FinaleOfPromise","floor":31},{"not_picked":["bronze:ForLoop","bronze:Constructor"],"picked":"bronze:InfiniteBeams","floor":31},{"not_picked":["bronze:BugBarrage","bronze:WhirlingStrike+1"],"picked":"bronze:ForceShield+1","floor":32},{"not_picked":["bronze:Format","bronze:HardenedForm"],"picked":"bronze:Verify","floor":33},{"not_picked":["bronze:OilSpill","bronze:Invalidate"],"picked":"bronze:ChildClass+1","floor":36},{"not_picked":["bronze:Overheat","bronze:CutThrough"],"picked":"bronze:Invalidate+1","floor":38},{"not_picked":["bronze:Invalidate+1","bronze:Frontload"],"picked":"bronze:FollowUp","floor":39},{"not_picked":["bronze:ClassDefault","bronze:NullPointer+1"],"picked":"bronze:FollowUp+1","floor":40},{"not_picked":["bronze:Constructor","bronze:OilSpill"],"picked":"bronze:DelayedGuard+1","floor":44},{"not_picked":["bronze:DelayedSlice","bronze:SpaghettiCode"],"picked":"bronze:MaxOutput+1","floor":46},{"not_picked":["bronze:Branch","bronze:OilSpill+1"],"picked":"bronze:FineTuning+1","floor":48}],"player_experience":2015184,"relics_obtained":[{"floor":7,"key":"Art of War"},{"floor":13,"key":"bronze:Timepiece"},{"floor":24,"key":"Akabeko"},{"floor":26,"key":"Whetstone"},{"floor":31,"key":"wanderingMiniBosses:Blackblade"},{"floor":36,"key":"Gambling Chip"},{"floor":40,"key":"Mercury Hourglass"},{"floor":41,"key":"CaptainsWheel"},{"floor":46,"key":"Shovel"},{"floor":48,"key":"Centennial Puzzle"}],"event_choices":[{"damage_healed":0,"gold_gain":0,"player_choice":"Box","damage_taken":0,"relics_obtained":["Pen Nib"],"max_hp_gain":0,"max_hp_loss":0,"event_name":"Big Fish","floor":5,"gold_loss":0,"cards_obtained":["Regret"]},{"damage_healed":17,"gold_gain":0,"player_choice":"Healed and dodged fight","damage_taken":0,"max_hp_gain":0,"max_hp_loss":0,"event_name":"Mushrooms","floor":9,"gold_loss":0,"cards_obtained":["Parasite"]},{"cards_removed":["bronze:Strike"],"damage_healed":0,"gold_gain":0,"player_choice":"Give","damage_taken":0,"max_hp_gain":0,"max_hp_loss":0,"event_name":"betterNote:BetterNote","floor":22,"gold_loss":0,"cards_obtained":["bronze:Strike"]}],"is_beta":false,"boss_relics":[{"not_picked":["SlaversCollar","Tiny House"],"picked":"Cursed Key"},{"not_picked":["Sozu","Snecko Eye"],"picked":"Empty Cage"}],"items_purged_floors":[10,10,27,37],"is_endless":false,"potions_floor_spawned":[3,12,13,15,16,19,25,29,31,33,36,39,44,48],"ascension_level":4}}