{"host":"d52brwsy6af8zvaq","time":1614272046,"event":{"mods":["AchievementEnabler","BaseMod","Bestiary","Highlight Path","Minty Spire (QoL Compilation)","Quick Restart","Relic Stats","ojb\u0027s Better Paths Mod"],"gold_per_floor":[114,129,143,62,62,93,93,133,160,29,53,87,87,30,30,128,128,147,160,160,176,176,215,99,99,99,99,118,118,118],"floor_reached":29,"language":"ENG","playtime":1258,"items_purged":["Strike_B"],"score":518,"play_id":"fafb980a-1066-4a53-b321-e19338c3657f","local_time":"20210225095406","is_ascension_mode":true,"campfire_choices":[{"floor":7.0,"key":"REST"},{"floor":13.0,"key":"REST"},{"data":"Static Discharge","floor":15.0,"key":"SMITH"},{"floor":25.0,"key":"REST"},{"data":"Defragment","floor":27.0,"key":"SMITH"}],"circlet_count":0,"master_deck":["AscendersBane","Zap","Dualcast","Cold Snap","Sweeping Beam","Ball Lightning","Static Discharge+1","Recycle","Seek","Skim","Capacitor","Leap","Echo Form","Redo","White Noise","Rebound","Defragment+1","Glacier","Aggregate","Double Energy+1","Coolheaded","Coolheaded","Conserve Battery+1","Meteor Strike","Fusion","Glacier","Auto Shields"],"relics":["Cracked Core","Golden Idol","Art of War","Smiling Mask","MealTicket","Anchor","Juzu Bracelet","Pandora\u0027s Box","MutagenicStrength","Ancient Tea Set","Ginger"],"acts_visited":["Exordium","TheCity"],"potions_floor_usage":[29],"damage_taken":[{"damage":1.0,"enemies":"Cultist","floor":1.0,"turns":3.0},{"damage":7.0,"enemies":"Jaw Worm","floor":2.0,"turns":4.0},{"damage":0.0,"enemies":"Small Slimes","floor":3.0,"turns":2.0},{"damage":30.0,"enemies":"Gremlin Nob","floor":6.0,"turns":4.0},{"damage":28.0,"enemies":"3 Sentries","floor":8.0,"turns":5.0},{"damage":28.0,"enemies":"Gremlin Nob","floor":12.0,"turns":4.0},{"damage":25.0,"enemies":"Hexaghost","floor":16.0,"turns":9.0},{"damage":2.0,"enemies":"3 Byrds","floor":18.0,"turns":1.0},{"damage":28.0,"enemies":"Shell Parasite","floor":19.0,"turns":5.0},{"damage":5.0,"enemies":"Snecko","floor":21.0,"turns":7.0},{"damage":22.0,"enemies":"Slavers","floor":23.0,"turns":5.0},{"damage":25,"enemies":"Sentry and Sphere","floor":28,"turns":16},{"damage":22,"enemies":"Gremlin Leader","floor":29,"turns":6}],"seed_played":"4514104901867922883","potions_obtained":[{"floor":2.0,"key":"SneckoOil"},{"floor":3.0,"key":"Energy Potion"},{"floor":8.0,"key":"SpeedPotion"},{"floor":16.0,"key":"BlessingOfTheForge"},{"floor":28,"key":"SkillPotion"}],"is_trial":false,"path_per_floor":["M","M","M","$","?","E","R","E","T","$","T","E","R","$","R","B",null,"M","M","?","M","?","E","$","R","T","R","M","E"],"character_chosen":"DEFECT","items_purchased":["Static Discharge","Skim","Leap","Fusion","Glacier"],"campfire_rested":3,"item_purchase_floors":[4,10,14,24,24],"current_hp_per_floor":[70,63,63,63,63,33,54,26,26,41,41,13,34,49,49,24,59,57,29,29,24,24,2,17,38,38,38,13,0,0],"gold":118,"neow_bonus":"TEN_PERCENT_HP_BONUS","is_daily":false,"chose_seed":false,"campfire_upgraded":2,"win_rate":0.0,"timestamp":1614272046,"path_taken":["M","?","M","?","?","E","R","E","T","$","?","E","R","?","R","BOSS","M","M","?","M","?","E","$","R","T","R","M","E"],"items_purchased_type":["Card","Card","Card","Card","Card"],"build_version":"2020-12-22","purchased_purges":1,"victory":false,"max_hp_per_floor":[78,78,78,78,71,71,71,71,71,71,71,71,71,71,71,71,71,71,71,71,71,71,71,71,71,71,71,71,71,71],"relic_stats":{"counters":[13,71],"Golden Idol":63,"MealTicket":45,"Pandora\u0027s Box":["Redo","White Noise","White Noise","Rebound","Defragment","Glacier","Aggregate"],"Art of War":[17],"Juzu Bracelet":1,"Ginger":[2],"Smiling Mask":25,"obtain_stats":[{"Anchor":11,"Golden Idol":5,"MutagenicStrength":22,"MealTicket":9,"Pandora\u0027s Box":17,"Art of War":6,"Juzu Bracelet":12,"Ginger":26,"Cracked Core":0,"Smiling Mask":8,"Ancient Tea Set":23},{"Anchor":5,"Golden Idol":3,"MutagenicStrength":10,"MealTicket":5,"Pandora\u0027s Box":7,"Art of War":4,"Juzu Bracelet":6,"Ginger":11,"Cracked Core":0,"Smiling Mask":5,"Ancient Tea Set":11},{"Anchor":18,"Golden Idol":9,"MutagenicStrength":44,"MealTicket":18,"Pandora\u0027s Box":31,"Art of War":13,"Juzu Bracelet":22,"Ginger":49,"Cracked Core":0,"Smiling Mask":18,"Ancient Tea Set":49}]},"card_choices":[{"not_picked":["Redo","Melter"],"picked":"Cold Snap","floor":1.0},{"not_picked":["Undo","Barrage"],"picked":"Sweeping Beam","floor":2.0},{"not_picked":["Amplify","Reprogram"],"picked":"Ball Lightning","floor":3.0},{"not_picked":["Blizzard","Reprogram"],"picked":"Recycle","floor":6.0},{"not_picked":["Consume","Steam Power"],"picked":"Seek","floor":8.0},{"not_picked":["Hyperbeam","Sunder"],"picked":"Capacitor","floor":12.0},{"not_picked":["Fission","Core Surge"],"picked":"Echo Form","floor":16.0},{"not_picked":["Heatsinks","Compile Driver"],"picked":"Double Energy+1","floor":18.0},{"not_picked":["Doom and Gloom","Turbo+1"],"picked":"Coolheaded","floor":19.0},{"not_picked":["Redo","Hello World"],"picked":"Conserve Battery+1","floor":21.0},{"not_picked":["Capacitor","Reprogram"],"picked":"Meteor Strike","floor":23.0},{"not_picked":["Heatsinks","Coolheaded"],"picked":"Auto Shields","floor":28}],"player_experience":2368042,"relics_obtained":[{"floor":6.0,"key":"Art of War"},{"floor":8.0,"key":"Smiling Mask"},{"floor":9.0,"key":"MealTicket"},{"floor":11.0,"key":"Anchor"},{"floor":12.0,"key":"Juzu Bracelet"},{"floor":23.0,"key":"Ancient Tea Set"},{"floor":26.0,"key":"Ginger"}],"event_choices":[{"damage_healed":0.0,"max_hp_gain":0.0,"max_hp_loss":7.0,"gold_gain":0.0,"event_name":"Golden Idol","player_choice":"Lose Max HP","floor":5.0,"gold_loss":0.0,"damage_taken":0.0,"relics_obtained":["Golden Idol"]},{"damage_healed":0.0,"max_hp_gain":0.0,"max_hp_loss":0.0,"gold_gain":0.0,"cards_transformed":["White Noise"],"event_name":"Transmorgrifier","player_choice":"Transformed","floor":20.0,"gold_loss":0.0,"damage_taken":0.0,"cards_obtained":["Coolheaded"]},{"damage_healed":0.0,"max_hp_gain":0.0,"max_hp_loss":0.0,"gold_gain":0.0,"event_name":"Drug Dealer","player_choice":"Inject Mutagens","floor":22.0,"gold_loss":0.0,"damage_taken":0.0,"relics_obtained":["MutagenicStrength"]}],"is_beta":false,"boss_relics":[{"not_picked":["Calling Bell","Inserter"],"picked":"Pandora\u0027s Box"}],"items_purged_floors":[10],"is_endless":false,"potions_floor_spawned":[2,3,8,16,19,21,28],"killed_by":"Gremlin Leader","ascension_level":20}}