{"host":"uyfpom4rlahfoee4","time":1614281825,"event":{"mods":["BaseMod","Downfall","Minty Spire (QoL Compilation)","StSLib"],"gold_per_floor":[99,119,130,140,156,156,156,156,174,174,174,191,191,206,226,329,329,329,344,111,111,111,111,111,128,143,156,176,9,9,20,36,131,131,31,48,62,72,91,91,91,110,110,110,143,155,155,205,222,222,222,222],"floor_reached":50,"language":"ENG","playtime":3393,"items_purged":[],"score":549,"play_id":"f5844036-42bf-4ccf-ac5c-cb4af1e60932","local_time":"20210225113705","is_ascension_mode":false,"campfire_choices":[{"data":"champ:Taunt","floor":1,"key":"SMITH"},{"data":"champ:ShieldThrow","floor":6,"key":"SMITH"},{"floor":11,"key":"REST"},{"data":"champ:PerfectedStrike","floor":13,"key":"SMITH"},{"data":"champ:FlashCut","floor":18,"key":"SMITH"},{"floor":30,"key":"REST"},{"data":"champ:EnchantSword","floor":35,"key":"SMITH"},{"floor":40,"key":"REST"},{"data":"champ:MurderStrike","floor":44,"key":"SMITH"},{"floor":47,"key":"REST"}],"circlet_count":0,"master_deck":["champ:Strike","champ:Strike","champ:Strike","champ:Strike","champ:Defend","champ:Defend","champ:Defend","champ:Defend","champ:Execute","champ:Taunt+1","champ:BringItOn","champ:GutPunch","champ:FlashCut","champ:Haymaker","champ:ShieldThrow+1","champ:PerfectedStrike+1","champ:FlashCut+1","champ:EnGarde","champ:StanceDance","champ:SteelEdge","champ:RisingSlash","champ:FocusedDefense","champ:HoldFirm","champ:SkillfulDodge","champ:FlashCut","champ:PreciseThrust+1","champ:BringItOn","champ:CrownThrow","champ:FlashCut","champ:Duel+1","champ:EnchantSword+1","champ:MurderStrike+1","champ:SwordSigil+1","champ:DefensiveShout+1","champ:EnGarde+1","champ:EnGarde+1","champ:RisingSlash"],"relics":["champ:ChampionCrown","Question Card","WingedGreaves","expansioncontent:StudyCardRelic","Art of War","Bronze Scales","downfall:HeartBlessingBlue","Nunchaku","Incense Burner","Unceasing Top"],"acts_visited":["Exordium","TheCity","TheBeyond"],"potions_floor_usage":[9,20,33,38,39,39,46,48],"damage_taken":[{"damage":21,"enemies":"Cultist","floor":2,"turns":4},{"damage":3,"enemies":"2 Louse","floor":3,"turns":3},{"damage":15,"enemies":"Small Slimes","floor":4,"turns":3},{"damage":0,"enemies":"Blue Slaver","floor":5,"turns":3},{"damage":0,"enemies":"2 Fungi Beasts","floor":9,"turns":3},{"damage":18,"enemies":"Gremlin Gang","floor":12,"turns":4},{"damage":10,"enemies":"Blue Slaver","floor":14,"turns":2},{"damage":4,"enemies":"3 Louse","floor":15,"turns":3},{"damage":29,"enemies":"DF_ARCHETYPE_STREAMLINE","floor":16,"turns":10},{"damage":0,"enemies":"Spheric Guardian","floor":19,"turns":3},{"damage":20,"enemies":"downfall:FleeingMerchant","floor":20,"turns":4},{"damage":5,"enemies":"downfall:LooterAlt2","floor":25,"turns":4},{"damage":0,"enemies":"Shelled Parasite and Fungi","floor":26,"turns":3},{"damage":1,"enemies":"Snecko","floor":27,"turns":4},{"damage":10,"enemies":"Snake Plant","floor":28,"turns":3},{"damage":25,"enemies":"downfall:FleeingMerchant","floor":29,"turns":4},{"damage":14,"enemies":"Centurion and Healer","floor":31,"turns":6},{"damage":0,"enemies":"3 Cultists","floor":32,"turns":5},{"damage":40,"enemies":"WA_ARCHETYPE_CALM","floor":33,"turns":10},{"damage":9,"enemies":"3 Shapes","floor":36,"turns":3},{"damage":0,"enemies":"Orb Walker","floor":37,"turns":3},{"damage":32,"enemies":"Spire Growth","floor":38,"turns":4},{"damage":46,"enemies":"Transient","floor":39,"turns":5},{"damage":1,"enemies":"4 Shapes","floor":42,"turns":2},{"damage":11,"enemies":"Nemesis","floor":45,"turns":7},{"damage":0,"enemies":"3 Darklings","floor":46,"turns":4},{"damage":2,"enemies":"3 Darklings","floor":48,"turns":5},{"damage":45,"enemies":"Transient","floor":49,"turns":5},{"damage":97,"enemies":"IC_BLOCK_ARCHETYPE","floor":50,"turns":13}],"seed_played":"-8390406115365996562","potions_obtained":[{"floor":2,"key":"GamblersBrew"},{"floor":4,"key":"FairyPotion"},{"floor":9,"key":"Fruit Juice"},{"floor":15,"key":"DuplicationPotion"},{"floor":25,"key":"Strength Potion"},{"floor":27,"key":"Regen Potion"},{"floor":32,"key":"hexamod:SoulburnPotion"},{"floor":33,"key":"Energy Potion"},{"floor":38,"key":"Weak Potion"},{"floor":42,"key":"FearPotion"},{"floor":46,"key":"champ:CounterPotion"}],"is_trial":false,"path_per_floor":["R","M","M","M","M","R","T","T","M","?","R","M","R","M","M","B",null,"R","M","$","?","?","?","T","M","M","M","M","$","R","M","M","B",null,"R","M","M","M","M","R","T","M","?","R","E","M","R","?","M","B"],"character_chosen":"THE_CHAMP","items_purchased":["champ:HoldFirm","champ:SkillfulDodge","Bronze Scales"],"campfire_rested":4,"item_purchase_floors":[20,20,29],"current_hp_per_floor":[90,89,86,81,81,81,81,81,86,86,95,87,87,87,83,59,95,95,95,85,85,66,66,66,66,66,65,65,65,95,91,91,51,100,110,101,101,79,57,90,90,89,89,89,78,78,110,108,73,29,29,29],"gold":222,"neow_bonus":"THREE_CARDS","is_daily":false,"chose_seed":false,"campfire_upgraded":6,"win_rate":0.0,"timestamp":1614281825,"path_taken":["R","M","M","M","?","R","T","?","M","?","R","?","R","M","M","BOSS","R","M","$","?","?","?","T","M","M","M","M","?","R","M","M","BOSS","R","M","M","M","M","R","T","M","?","R","E","?","R","?","M","BOSS"],"items_purchased_type":["Card","Card","Relic"],"build_version":"2020-12-22","purchased_purges":0,"victory":false,"max_hp_per_floor":[90,90,90,90,90,90,90,90,95,95,95,95,95,95,95,95,95,95,95,95,95,100,100,100,100,100,100,100,100,100,100,100,100,100,110,110,110,110,110,110,110,110,110,110,110,110,110,110,110,110,110,110],"card_choices":[{"not_picked":["champ:StanceDance","champ:RecklessLeap"],"picked":"champ:BringItOn","floor":0},{"not_picked":["champ:BringItOn","champ:EnGarde"],"picked":"champ:GutPunch","floor":2},{"not_picked":["champ:ShieldSlam","champ:Shatter"],"picked":"champ:FlashCut","floor":3},{"not_picked":["champ:EnGarde","champ:AdrenalArmor"],"picked":"champ:Haymaker","floor":4},{"not_picked":["champ:BringItOn","champ:Circumvent"],"picked":"champ:ShieldThrow","floor":5},{"not_picked":["champ:Backstep","champ:ShieldSigil","champ:BringItOn"],"picked":"champ:PerfectedStrike","floor":9},{"not_picked":["champ:GutPunch","champ:DeathBlow","champ:SwordThrow"],"picked":"champ:FlashCut","floor":12},{"not_picked":["champ:Encircle","champ:BringItOn","champ:HeartStrike"],"picked":"champ:EnGarde","floor":14},{"not_picked":["champ:Shatter","champ:IronFortress","champ:FanOfKnives"],"picked":"champ:StanceDance","floor":15},{"not_picked":["champ:GladiatorForm","champ:Improvising","champ:Devastate"],"picked":"champ:SteelEdge","floor":16},{"not_picked":["champ:IronFortress+1","champ:ShieldSigil","champ:BerserkersShout"],"picked":"champ:RisingSlash","floor":19},{"not_picked":["champ:TornadoPunch+1","champ:Circumvent+1","champ:DeathBlow"],"picked":"champ:FocusedDefense","floor":20},{"not_picked":["champ:RageSigil","champ:Circumvent","champ:Backstep"],"picked":"champ:FlashCut","floor":25},{"not_picked":["champ:AdrenalArmor","champ:IronFortress","champ:BerserkersShout"],"picked":"champ:PreciseThrust+1","floor":26},{"not_picked":["champ:Shatter","champ:DeathBlow","champ:Encircle"],"picked":"champ:BringItOn","floor":27},{"not_picked":["champ:IgnorePain","champ:GutPunch","champ:AdrenalArmor+1"],"picked":"champ:CrownThrow","floor":28},{"not_picked":["champ:TornadoPunch","champ:PreciseThrust+1","champ:BerserkerStyle+1"],"picked":"champ:FlashCut","floor":29},{"not_picked":["champ:BladeFlurry","champ:BringItOn+1","champ:TornadoPunch"],"picked":"champ:Duel+1","floor":31},{"not_picked":["champ:Lariat","champ:IgnorePain","champ:IronFortress","champ:Encircle+1"],"picked":"SKIP","floor":32},{"not_picked":["champ:SwordThrow","champ:DancingMaster","champ:SteelEdge"],"picked":"champ:EnchantSword","floor":33},{"not_picked":["champ:RecklessLeap","champ:FaceSlap","champ:AdrenalArmor+1","champ:PreciseThrust"],"picked":"SKIP","floor":36},{"not_picked":["champ:Backstep","champ:FanOfKnives","champ:GutPunch","champ:BladeFlurry+1"],"picked":"SKIP","floor":37},{"not_picked":["champ:PreciseThrust","champ:HeartStrike","champ:Shatter+1"],"picked":"champ:MurderStrike","floor":38},{"not_picked":["champ:DefensiveShout","champ:PreciseThrust+1","champ:EnragedBash"],"picked":"champ:SwordSigil+1","floor":39},{"not_picked":["champ:RisingSlash","champ:Haymaker+1","champ:Circumvent"],"picked":"champ:DefensiveShout+1","floor":42},{"not_picked":["champ:CalledShot+1","champ:DeathBlow","champ:Shatter","champ:CrownThrow"],"picked":"SKIP","floor":45},{"not_picked":["champ:Backstep","champ:ShieldSigil+1","champ:Encircle"],"picked":"champ:EnGarde+1","floor":46},{"not_picked":["champ:TripleStrike","champ:BringItOn+1","champ:CrownThrow"],"picked":"champ:EnGarde+1","floor":48},{"not_picked":["champ:SkillfulDodge+1","champ:ShieldSlam+1","champ:Duel"],"picked":"champ:RisingSlash","floor":49}],"player_experience":200147,"relics_obtained":[{"floor":7,"key":"Question Card"},{"floor":8,"key":"WingedGreaves"},{"floor":41,"key":"Nunchaku"},{"floor":45,"key":"Incense Burner"},{"floor":48,"key":"Unceasing Top"}],"event_choices":[],"is_beta":false,"boss_relics":[{"not_picked":["Black Star","Philosopher\u0027s Stone"],"picked":"expansioncontent:StudyCardRelic"},{"not_picked":["Runic Pyramid","Coffee Dripper","Astrolabe"]}],"items_purged_floors":[],"is_endless":false,"potions_floor_spawned":[2,4,9,15,25,27,28,32,33,38,42,46],"killed_by":"IC_BLOCK_ARCHETYPE","ascension_level":0}}