{"host":"dwyzfvnzfcqffr30","time":1614267669,"event":{"mods":["2.2 Compatiblity","Act Like it!","Aspiration","BaseMod","Beaked The Cultist","Better Altar","Better Match","Better Note","Better Sensory Stone","Better Skull","Better Third Choice","Clockwork Mod","Colored Map","Colored Powertips","Conspire","Downfall","Elementarium","GifTheSpireLib","Halation","Hermit","Hubris","Infinite Spire","Ironclad Rager","Jedi Mod","Menagerie","Mimic Mod","Minty Spire (QoL Compilation)","Permanent Neow","Random Character Button","Relic Filter Mod","Reliquary","Replay The Spire","Shapeshifter Mod","Spicy Shops","Spikes Relics","StSLib","Stuff the Spire","The Construct","The Disciple","The Druid","The Marked","TheFirefly","Trackpad","Wandering Minibosses"],"gold_per_floor":[123,144,144,183,206,246,246,3,3,3,19,51,51,87,87,188,188,233,298,354,412,26,82,82,139,139,195,231,269,18,83,83,195,195,243,287,333,385,385,473,473,540,585,86,136,209,267,339,339,388,388,388,19,97,253],"floor_reached":56,"language":"ENG","playtime":17378,"items_purged":["Languid","Clumsy","Finesse+1"],"score":2927,"play_id":"b83c12e1-aaa0-43ee-bef3-7bc6ca2730d9","local_time":"20210225074109","is_ascension_mode":true,"campfire_choices":[{"floor":7,"key":"RECALL"},{"data":"Menagerie:SteelWall+1","floor":15,"key":"SMITH"},{"floor":32,"key":"DIG"},{"data":"Clockwork:QuantumStrike+1","floor":41,"key":"SMITH"},{"data":"Clockwork:QuantumStrike+2","floor":49,"key":"SMITH"},{"data":"Menagerie:SteelWall+2","floor":52,"key":"SMITH"}],"circlet_count":0,"master_deck":["AscendersBane","Armaments+1","Clockwork:Strike+1","Clockwork:Strike+1","Clockwork:Strike+1","Clockwork:Strike+1","Clockwork:Shield+1","Clockwork:Shield+1","Clockwork:Shield+1","Clockwork:Shield+1","Clockwork:Tinker+1","Clockwork:WarmUp+1","Apotheosis+1","MasterReality+1","Menagerie:SteelWall+3","Clockwork:ChargingShield+1","Clockwork:QuantumStrike+3","Clockwork:Roundhouse+1","Clockwork:ZeroPointEnergy+1","Clockwork:Improve+1","hubris:Fate+1","Clockwork:Improve+1","PlatinumSkin+1","Clockwork:PerfectForm+1","Clockwork:RampUp+1","Clockwork:RevUp+1","Clockwork:RevUp+1"],"relics":["Clockwork:MomentumEngine","Frozen Egg 2","Toxic Egg 2","Molten Egg 2","Quantum Egg","SacredBark","conspire:InfiniteJournal","infinitespire:EvilPickle","halation:Prosthetics","hubris:TinFlute","Bottled Tornado","reliquary:Knoch","Clockwork:QuicksilverHourglass","Singing Bowl","Lee\u0027s Waffle","Replay:Bandana","ReplayTheSpireMod:Ring of Addiction","ReplayTheSpireMod:Ring of Collecting","White Beast Statue","Toy Ornithopter","conspire:SpecialSausage","reliquary:Bookmark","reliquary:Stiletto","reliquary:Buckler","aspiration:ChemicalBlood","StuffTheSpire:Experiment12","conspire:TopHat","Ginger","construct:ClawGrip","Clockwork:BloodPhial","Boot","Bird Faced Urn","Ring of Hypnosis","CeramicFish","halation:AfternoonTea","jedi:fakemustache","halation:IllGainedPizza","jedi:matchstick","sneckomod:BlankCard","Medical Kit","Replay:Baseball"],"acts_visited":["Menagerie:Menagerie","TheCity","TheBeyond","TheEnding"],"potions_floor_usage":[6,11,12,16,18,19,21,23,23,25,27,28,29,31,33,35,37,40,40,42,46,48,50,54,55,55],"damage_taken":[{"damage":4,"enemies":"Menagerie:2_RABBITS","floor":1,"turns":6},{"damage":0,"enemies":"Menagerie:WhisperingWraith","floor":2,"turns":6},{"damage":0,"enemies":"Menagerie:MonstrousExperiment","floor":4,"turns":10},{"damage":0,"enemies":"Menagerie:MonstrousExperiment","floor":5,"turns":7},{"damage":9,"enemies":"Menagerie:VoidReaper","floor":6,"turns":9},{"damage":2,"enemies":"Menagerie:RedMage","floor":11,"turns":7},{"damage":0,"enemies":"Menagerie:MaskedSummoner","floor":12,"turns":11},{"damage":2,"enemies":"Menagerie:MENAGERIE_WILDLIFE","floor":14,"turns":6},{"damage":0,"enemies":"Menagerie:Suneater","floor":16,"turns":13},{"damage":0,"enemies":"Spheric Guardian","floor":18,"turns":5},{"damage":0,"enemies":"Shell Parasite","floor":19,"turns":10},{"damage":0,"enemies":"Snake Plant","floor":20,"turns":7},{"damage":0,"enemies":"Chosen and Byrds","floor":21,"turns":7},{"damage":5,"enemies":"Book of Stabbing","floor":23,"turns":9},{"damage":1,"enemies":"conspire:Head Lice","floor":25,"turns":7},{"damage":0,"enemies":"Replay:Snechameleon","floor":27,"turns":6},{"damage":8,"enemies":"Cultist and Chosen","floor":28,"turns":4},{"damage":0,"enemies":"Snake Plant","floor":29,"turns":4},{"damage":0,"enemies":"conspire:Head Lice","floor":31,"turns":10},{"damage":0,"enemies":"conspire:MysteriousRune","floor":33,"turns":13},{"damage":0,"enemies":"3 Darklings","floor":35,"turns":8},{"damage":0,"enemies":"Orb Walker","floor":36,"turns":5},{"damage":0,"enemies":"Writhing Mass","floor":37,"turns":5},{"damage":0,"enemies":"Spire Growth","floor":38,"turns":5},{"damage":4,"enemies":"Nemesis","floor":40,"turns":11},{"damage":0,"enemies":"3 Darklings","floor":42,"turns":5},{"damage":5,"enemies":"Maw","floor":43,"turns":7},{"damage":0,"enemies":"R_Hoarder","floor":46,"turns":11},{"damage":0,"enemies":"Maw","floor":47,"turns":7},{"damage":0,"enemies":"beaked:SuperParasite","floor":48,"turns":6},{"damage":0,"enemies":"hubris:GrandSnecko","floor":50,"turns":9},{"damage":0,"enemies":"Shield and Spear","floor":54,"turns":9},{"damage":23,"enemies":"The Heart","floor":55,"turns":14}],"seed_played":"6845764441271444928","potions_obtained":[{"floor":2,"key":"PowerPotion"},{"floor":6,"key":"Fire Potion"},{"floor":11,"key":"Fruit Juice"},{"floor":13,"key":"Venom Potion"},{"floor":13,"key":"Block Potion"},{"floor":16,"key":"PowerPotion"},{"floor":20,"key":"SpeedPotion"},{"floor":21,"key":"Adrenaline Potion"},{"floor":23,"key":"AttackPotion"},{"floor":25,"key":"DuplicationPotion"},{"floor":27,"key":"Slimebound:ThreeZeroPotion"},{"floor":28,"key":"construct:ShiftPotion"},{"floor":29,"key":"Fire Potion"},{"floor":31,"key":"Dexterity Potion"},{"floor":33,"key":"SpeedPotion"},{"floor":36,"key":"AttackPotion"},{"floor":37,"key":"Regen Potion"},{"floor":42,"key":"ColorlessPotion"},{"floor":43,"key":"Elixir"},{"floor":46,"key":"jedi:tentaclejuice"},{"floor":47,"key":"LifebloodPotion"},{"floor":48,"key":"Languid Potion"},{"floor":54,"key":"Regen Potion"}],"is_trial":false,"path_per_floor":["M","M","?","MIM","M","E","R","$","T","$","M","E","?","M","R","B",null,"M","M","M","M","$","E","?","E","T","E","M","M","$","E","R_BF","B",null,"M","M","M","M","?","E","R","M","MIM","$","?","E","M","E","R","B",null,"R","$","E","B",null],"character_chosen":"CLOCKWORK","items_purchased":["Lee\u0027s Waffle","Clockwork:ChargingShield+1","reliquary:Bookmark","reliquary:Stiletto","EssenceOfSteel","PlatinumSkin+1","Strength Potion","Clockwork:RampUp+1","CeramicFish","halation:AfternoonTea","jedi:fakemustache","Clockwork:RevUp+1","Medical Kit"],"campfire_rested":0,"item_purchase_floors":[8,8,22,22,22,30,30,44,44,44,44,53,53],"current_hp_per_floor":[40,40,40,40,40,33,33,53,53,53,63,63,63,61,61,65,65,67,69,69,71,71,73,55,61,61,77,71,76,76,81,81,83,83,85,87,87,89,89,89,89,91,88,93,58,79,93,97,97,97,97,97,97,97,97],"gold":253,"neow_bonus":"RANDOM_COLORLESS","is_daily":false,"chose_seed":false,"campfire_upgraded":4,"win_rate":0.0,"timestamp":1614267669,"path_taken":["M","M","?","?","?","E","R","$","T","?","M","E","?","M","R","BOSS","M","M","?","M","$","E","?","E","T","E","M","M","$","E","R_BF","BOSS","M","M","M","M","?","E","R","M","MIM","$","?","E","M","E","R","BOSS","R","$","E","BOSS"],"items_purchased_type":["Relic","Card","Relic","Relic","Potion","Card","Potion","Card","Relic","Relic","Relic","Card","Relic"],"build_version":"2020-12-22","purchased_purges":3,"victory":true,"max_hp_per_floor":[44,44,44,44,44,46,46,53,53,53,65,65,65,65,65,65,65,67,69,69,71,71,73,73,75,75,77,79,79,79,81,81,83,83,85,87,87,89,89,89,89,91,93,93,95,93,95,97,97,97,97,97,97,97,97],"card_choices":[{"not_picked":["Good Instincts","Forethought"],"picked":"Finesse","floor":0},{"not_picked":["Clockwork:CogBarrier+1","Clockwork:ReserveSystems+1","Clockwork:Enhance+1"],"picked":"SKIP","floor":1},{"not_picked":["Clockwork:LiteraryArmor+1","Clockwork:Selectivity+1","Clockwork:Enhance+1"],"picked":"SKIP","floor":2},{"not_picked":["Menagerie:Tinker+1","Menagerie:SuddenReclamation+1"],"picked":"Menagerie:SteelWall+1","floor":3},{"not_picked":["Clockwork:ChargingBlade+1","Clockwork:SystemScan+1"],"picked":"Clockwork:CraftQuicksilverHourglass+1","floor":4},{"not_picked":["Clockwork:Enhance+1","Clockwork:StasisBreak+1","Clockwork:CogBarrier+1"],"picked":"SKIP","floor":5},{"not_picked":["Clockwork:OccamsRazor+1","Clockwork:ForgeStrike+1","Clockwork:Randomization+1"],"picked":"Singing Bowl","floor":6},{"not_picked":["Clockwork:AssemblyLine+1","Clockwork:SystemScan+1","Clockwork:ChargingBlade+1"],"picked":"Singing Bowl","floor":11},{"not_picked":["Clockwork:ReserveSystems+1","Clockwork:Redundancy+1"],"picked":"Clockwork:QuantumStrike+1","floor":12},{"not_picked":["Clockwork:CogBarrier+1","Clockwork:ReserveSystems+1"],"picked":"Clockwork:Roundhouse+1","floor":14},{"not_picked":["Clockwork:Inspiration+1","Clockwork:UnlimitedCogworks+1"],"picked":"Clockwork:ZeroPointEnergy+1","floor":16},{"not_picked":["Clockwork:Roundhouse+1","Clockwork:Scour+1","Clockwork:Selectivity+1"],"picked":"Singing Bowl","floor":18},{"not_picked":["Clockwork:CogToss+1","Clockwork:TestingEnvironment+1","Clockwork:Roundhouse+1"],"picked":"Singing Bowl","floor":19},{"not_picked":["Clockwork:SpringShield+1","Clockwork:AdaptiveShield+1"],"picked":"Clockwork:Improve+1","floor":20},{"not_picked":["Clockwork:Pluck+1","Clockwork:Minimalism+1","Clockwork:AdaptiveShield+1"],"picked":"Singing Bowl","floor":21},{"not_picked":["Clockwork:TiltAWhirl+1","Clockwork:SystemScan+1","Clockwork:CogToss+1"],"picked":"Singing Bowl","floor":23},{"not_picked":["hubris:InfiniteBlow","infinitespire:SealOfDarkness+"],"picked":"hubris:Fate","floor":24},{"not_picked":["Clockwork:Roundhouse+1","Clockwork:AeonShield+1","Clockwork:CogShield+1"],"picked":"Singing Bowl","floor":25},{"not_picked":["Clockwork:SpringShield+1","Clockwork:Friction+1","Clockwork:SmithsMallet+1"],"picked":"Singing Bowl","floor":27},{"not_picked":["Clockwork:AdaptiveCannon+1","Clockwork:TiltAWhirl+1","Clockwork:ChargingBlade+1"],"picked":"Singing Bowl","floor":28},{"not_picked":["Clockwork:Enhance+1","Clockwork:Downsize+1"],"picked":"Clockwork:Improve+1","floor":29},{"not_picked":["Clockwork:ChargingBlade+1","Clockwork:Pluck+1","Clockwork:KaliMa+1"],"picked":"Singing Bowl","floor":31},{"not_picked":["Clockwork:KaliMa+1","Clockwork:AeonShield+1","Clockwork:Halt+1"],"picked":"Singing Bowl","floor":33},{"not_picked":["Clockwork:Roundhouse+1","Clockwork:ChargingBlade+1","Clockwork:Enhance+1"],"picked":"Singing Bowl","floor":35},{"not_picked":["Clockwork:SystemScan+1","Clockwork:Improve+1","Clockwork:CogShield+1"],"picked":"Singing Bowl","floor":36},{"not_picked":["Clockwork:UnlimitedCogworks+1","Clockwork:Pluck+1"],"picked":"Clockwork:CraftBloodPhial+1","floor":37},{"not_picked":["Clockwork:SearchingStrike+1","Clockwork:AdaptiveCannon+1","Clockwork:EnthusiasticStrike+1"],"picked":"Singing Bowl","floor":38},{"not_picked":["Clockwork:LiteraryArmor+1","Clockwork:ReserveSystems+1"],"picked":"Clockwork:PerfectForm+1","floor":40},{"not_picked":["Clockwork:LogisticRegression+1","Clockwork:ReserveSystems+1","Clockwork:Improve+1"],"picked":"Singing Bowl","floor":42},{"not_picked":["Clockwork:SnapKeep+1","Clockwork:ChargingShield+1","Clockwork:RitualDaggerMk0+1"],"picked":"Singing Bowl","floor":43},{"not_picked":["Clockwork:ForgeStrike+1","Clockwork:Enhance+1","Clockwork:AdaptiveShield+1"],"picked":"Singing Bowl","floor":45},{"not_picked":["Clockwork:AssemblyLine+1","Clockwork:ForgeStrike+1"],"picked":"Clockwork:RevUp+1","floor":46},{"not_picked":["Clockwork:AdaptiveShield+1","Clockwork:SystemHardening+1","Clockwork:CogShield+1"],"picked":"Singing Bowl","floor":47},{"not_picked":["Clockwork:Minimalism+1","Clockwork:ForgeStrike+1","Clockwork:CogToss+1"],"picked":"Singing Bowl","floor":48},{"not_picked":["Clockwork:Redundancy+1","Clockwork:FalseStart+1","Clockwork:Pluck+1"],"picked":"Singing Bowl","floor":54}],"player_experience":3631670,"relics_obtained":[{"floor":4,"key":"reliquary:Knoch"},{"floor":6,"key":"Singing Bowl"},{"floor":12,"key":"Replay:Bandana"},{"floor":13,"key":"ReplayTheSpireMod:Ring of Addiction"},{"floor":13,"key":"ReplayTheSpireMod:Ring of Collecting"},{"floor":13,"key":"White Beast Statue"},{"floor":13,"key":"Toy Ornithopter"},{"floor":23,"key":"reliquary:Buckler"},{"floor":25,"key":"aspiration:ChemicalBlood"},{"floor":26,"key":"StuffTheSpire:Experiment12"},{"floor":31,"key":"conspire:TopHat"},{"floor":32,"key":"Ginger"},{"floor":40,"key":"Boot"},{"floor":43,"key":"Bird Faced Urn"},{"floor":43,"key":"Ring of Hypnosis"},{"floor":45,"key":"halation:IllGainedPizza"},{"floor":46,"key":"jedi:matchstick"},{"floor":48,"key":"sneckomod:BlankCard"},{"floor":54,"key":"Replay:Baseball"}],"event_choices":[{"damage_healed":0,"gold_gain":0,"player_choice":"Simplicity","damage_taken":0,"max_hp_gain":0,"max_hp_loss":8,"event_name":"betterThird:BetterWriting","floor":0,"gold_loss":0},{"damage_healed":0,"gold_gain":0,"player_choice":"Peek","damage_taken":0,"max_hp_gain":0,"max_hp_loss":0,"event_name":"Menagerie:OvergrownLibrary","floor":3,"gold_loss":0},{"damage_healed":0,"gold_gain":0,"player_choice":"Ignored","damage_taken":0,"max_hp_gain":0,"max_hp_loss":0,"event_name":"Transmorgrifier","floor":39,"gold_loss":0}],"is_beta":false,"boss_relics":[{"not_picked":["Astrolabe","halation:LoveArrow"],"picked":"conspire:SpecialSausage"},{"not_picked":["Busted Crown","halation:Prosthetics"],"picked":"construct:ClawGrip"}],"items_purged_floors":[22,30,53],"is_endless":false,"potions_floor_spawned":[2,6,11,14,16,18,19,20,21,23,25,27,28,29,31,33,35,36,37,38,40,42,43,46,47,48,54],"ascension_level":18}}