{"host":"8txkp9ptpa3vam57","time":1614232782,"event":{"mods":["Aspiration","BaseMod","Downfall","Jedi Mod","Lobotomy","LobotomyExtend","Minty Spire (QoL Compilation)","Quick Restart","Rare Cards Sparkle","Replay The Spire","RumiaBox-露米娅的神秘盒子","Shop Mod","Spire Birthday Party","StSLib","The Bladedancer","The Bug Knight","The Construct","The Cursed","The Marked","The Poker Player","[IsaacMod]以撒尖塔","noobMod","篝火指南"],"gold_per_floor":[116,116,164,178,203,234,234,234,234,269,269,308,328,55,55,185,185,185,185],"floor_reached":18,"language":"ZHS","playtime":1184,"items_purged":[],"score":178,"play_id":"8bfa160d-b351-4f9c-9c36-d1f1c0989cb6","local_time":"20210225135942","is_ascension_mode":false,"campfire_choices":[{"floor":7,"key":"RECALL"},{"data":"TheCursedMod:Strike_TheCursed","floor":15,"key":"SMITH"}],"circlet_count":0,"master_deck":["TheCursedMod:Strike_TheCursed+1","TheCursedMod:Strike_TheCursed","TheCursedMod:Strike_TheCursed+1","TheCursedMod:Strike_TheCursed","TheCursedMod:Defend_TheCursed","TheCursedMod:Defend_TheCursed","TheCursedMod:Defend_TheCursed","TheCursedMod:Defend_TheCursed","TheCursedMod:CursedWand","TheCursedMod:CleanUpWorkshop","TheCursedMod:Dregs","MHz","TheCursedMod:CircleOfCorruption","Injury","QueenOfHatred","TheCursedMod:SurpriseAttack","TheCursedMod:Obscuration","TheCursedMod:SpitefulPray","TheCursedMod:Neurasthenia","TheCursedMod:CursedAmulet","TheCursedMod:LuckyCharm","TheCursedMod:CircleOfFlame","TheCursedMod:HellfireBreathing","TheCursedMod:CursedBoomerang","TheCursedMod:StingEye","TheCursedMod:StingEye","TheCursedMod:SpitefulStrike","TheCursedMod:Stigma","MeatLantern","TheCursedMod:ShockAndAwe"],"relics":["TheCursedMod:BlackMagic101","HushsDoor","ice","HowToJump","CogitoBucket","Baka","LetterFromLob","Golden Idol","Nunchaku","Potion Belt","The Courier","jedi:purplefairy","SoulBox"],"acts_visited":["Exordium","TheCity"],"potions_floor_usage":[10],"damage_taken":[{"damage":6,"enemies":"Jaw Worm","floor":1,"turns":4},{"damage":0,"enemies":"2 Louse","floor":4,"turns":2},{"damage":0,"enemies":"Small Slimes","floor":5,"turns":2},{"damage":19,"enemies":"Replay:BlueRogue","floor":6,"turns":5},{"damage":10,"enemies":"Gremlin Nob","floor":10,"turns":4},{"damage":45,"enemies":"Lagavulin","floor":12,"turns":9},{"damage":4,"enemies":"Exordium Thugs","floor":13,"turns":5},{"damage":10,"enemies":"Fading Forest","floor":16,"turns":11},{"damage":75,"enemies":"Spheric Guardian","floor":18,"turns":3}],"seed_played":"-4994998550744812859","potions_obtained":[{"floor":5,"key":"jedi:StrikingPotion"},{"floor":6,"key":"FearPotion"},{"floor":10,"key":"Weak Potion"},{"floor":13,"key":"Venom Potion"}],"is_trial":false,"path_per_floor":["M","?","T","M","M","E","R","?","T","E","?","E","M","$","R","B",null,"M"],"character_chosen":"THE_CURSED","items_purchased":["TheCursedMod:HellfireBreathing","TheCursedMod:CursedBoomerang","TheCursedMod:StingEye","TheCursedMod:StingEye","TheCursedMod:SpitefulStrike","TheCursedMod:Stigma"],"campfire_rested":0,"item_purchase_floors":[14,14,14,14,14,14],"current_hp_per_floor":[69,69,69,69,75,65,65,65,65,61,61,31,33,33,75,65,75,0,0],"gold":185,"neow_bonus":"","is_daily":false,"chose_seed":false,"campfire_upgraded":1,"win_rate":0.0,"timestamp":1614232782,"path_taken":["M","?","?","M","?","E","R","?","T","E","?","E","?","$","R","BOSS","M"],"items_purchased_type":["Card","Card","Card","Card","Card","Card"],"build_version":"2020-12-22","purchased_purges":0,"victory":false,"max_hp_per_floor":[75,75,75,75,75,75,75,75,75,75,75,75,75,75,75,75,75,75,75],"card_choices":[{"not_picked":[],"picked":"ChaosCard","floor":0},{"not_picked":["OSAHOGD","Murderer"],"picked":"MHz","floor":1},{"not_picked":["TheCursedMod:CircleOfFocus","TheCursedMod:FuryStrike"],"picked":"TheCursedMod:CircleOfCorruption","floor":1},{"not_picked":["CrumblingArmor","UniverseFragment"],"picked":"QueenOfHatred","floor":4},{"not_picked":["TheCursedMod:CursedMace","TheCursedMod:CircleOfCorruption"],"picked":"TheCursedMod:SurpriseAttack","floor":4},{"not_picked":["TheCursedMod:TroublousMinions","TheCursedMod:PrepareRite"],"picked":"TheCursedMod:Obscuration","floor":5},{"not_picked":["TheCursedMod:RavingStaff","TheCursedMod:SmokeScreen"],"picked":"TheCursedMod:SpitefulPray","floor":6},{"not_picked":["TheCursedMod:SpreadPlague","TheCursedMod:CursedShiv"],"picked":"TheCursedMod:Neurasthenia","floor":10},{"not_picked":["TheCursedMod:Wield","TheCursedMod:HellsGateOpen"],"picked":"TheCursedMod:CursedAmulet","floor":12},{"not_picked":["TheCursedMod:DoubleShield","TheCursedMod:BlessingInDisguise"],"picked":"TheCursedMod:CircleOfFlame","floor":13},{"not_picked":["CherryBlossoms","Mercenary"],"picked":"MeatLantern","floor":16},{"not_picked":["TheCursedMod:ParallelWorld","TheCursedMod:DemonSword"],"picked":"TheCursedMod:ShockAndAwe","floor":16}],"player_experience":120398,"relics_obtained":[{"floor":1,"key":"Baka"},{"floor":1,"key":"LetterFromLob"},{"floor":6,"key":"Nunchaku"},{"floor":9,"key":"Potion Belt"},{"floor":10,"key":"The Courier"},{"floor":12,"key":"jedi:purplefairy"}],"event_choices":[{"damage_healed":0,"gold_gain":0,"player_choice":"Take Wound","damage_taken":0,"relics_obtained":["Golden Idol"],"max_hp_gain":0,"max_hp_loss":0,"event_name":"Golden Idol","floor":2,"gold_loss":0,"cards_obtained":["Injury"]}],"is_beta":false,"boss_relics":[{"not_picked":["Ring of Chaos","EasyGame_NEW"],"picked":"SoulBox"},{"not_picked":[]}],"items_purged_floors":[],"is_endless":false,"potions_floor_spawned":[5,6,10,13],"killed_by":"Spheric Guardian","ascension_level":0}}