{"host":"rmu5lyz1fk95wg3z","time":1614280956,"event":{"mods":["BaseMod","Bestiary","Clockwork Mod","Curses Come First","Minty Spire (QoL Compilation)","Relic Stats","StSLib"],"gold_per_floor":[109,124,124,148,161,204,225,225,225,71,115,136,136,157,157,285,285,304,159,177,193,217,255,255,278,278,299,337,337,337,353,353,478,478,502,324,345,359,373,414,433,433,433,446,446,460,460,483,483,483,483,483,50,94,94],"floor_reached":56,"language":"ENG","playtime":7673,"items_purged":["Clockwork:MechanicalMass+1","Clockwork:Shield","Clockwork:Improve+1"],"score":1289,"play_id":"1f13b6e2-defd-4156-9f0f-4d7ba7db5b2e","local_time":"20210225142236","is_ascension_mode":false,"campfire_choices":[{"floor":8.0,"key":"REST"},{"data":"Clockwork:Tinker","floor":13.0,"key":"SMITH"},{"data":"Clockwork:CogBarrier","floor":15.0,"key":"SMITH"},{"data":"Clockwork:SiegeStrike","floor":29.0,"key":"SMITH"},{"data":"Clockwork:RitualDaggerMk0","floor":32,"key":"SMITH"},{"floor":42,"key":"RECALL"},{"data":"Clockwork:TimeWalk","floor":47,"key":"SMITH"},{"data":"Clockwork:CraftSomewhatSmoothStone","floor":49,"key":"SMITH"},{"data":"Clockwork:Inspiration","floor":52,"key":"SMITH"}],"circlet_count":0,"master_deck":["Clockwork:Strike","Clockwork:Strike","Clockwork:Shield","Clockwork:Tinker+1","Clockwork:WarmUp+1","Clockwork:HeadStart","Clockwork:TimeWalk+1","Clockwork:CogBarrier+1","Clockwork:Inspiration+1","Clockwork:RitualDaggerMk0+1","Clockwork:SiegeStrike+1","Clockwork:HeadStart+1","Clockwork:Pluck+1","Clockwork:OccamsRazor+1","Clockwork:Strangle+1"],"relics":["Clockwork:MomentumEngine","Golden Idol","Clockwork:BloodPhial","Strawberry","Ornamental Fan","Lee\u0027s Waffle","Toy Ornithopter","Astrolabe","Clockwork:CopperScales","Ginger","Centennial Puzzle","Clockwork:Varja","Sozu","Clockwork:QuicksilverHourglass","Molten Egg 2","Ancient Tea Set","Clockwork:SomewhatSmoothStone","Mango","Blood Vial"],"acts_visited":["Exordium","TheCity","TheBeyond","TheEnding"],"potions_floor_usage":[33,50,50,55],"damage_taken":[{"damage":1.0,"enemies":"Jaw Worm","floor":1.0,"turns":7.0},{"damage":2.0,"enemies":"2 Louse","floor":2.0,"turns":6.0},{"damage":0.0,"enemies":"Cultist","floor":4.0,"turns":6.0},{"damage":17.0,"enemies":"Large Slime","floor":5.0,"turns":18.0},{"damage":26.0,"enemies":"Gremlin Nob","floor":6.0,"turns":5.0},{"damage":10.0,"enemies":"3 Louse","floor":7.0,"turns":4.0},{"damage":15.0,"enemies":"Lagavulin","floor":11.0,"turns":15.0},{"damage":0.0,"enemies":"Looter","floor":12.0,"turns":4.0},{"damage":0.0,"enemies":"Blue Slaver","floor":14.0,"turns":8.0},{"damage":52.0,"enemies":"Hexaghost","floor":16.0,"turns":15.0},{"damage":9.0,"enemies":"Shell Parasite","floor":18.0,"turns":9.0},{"damage":19.0,"enemies":"3 Byrds","floor":20.0,"turns":5.0},{"damage":5.0,"enemies":"Cultist and Chosen","floor":21.0,"turns":6.0},{"damage":5.0,"enemies":"Centurion and Healer","floor":22.0,"turns":8.0},{"damage":6.0,"enemies":"Book of Stabbing","floor":23.0,"turns":5.0},{"damage":10.0,"enemies":"Shelled Parasite and Fungi","floor":25.0,"turns":5.0},{"damage":0.0,"enemies":"Snake Plant","floor":27.0,"turns":4.0},{"damage":0.0,"enemies":"Gremlin Leader","floor":28.0,"turns":9.0},{"damage":0,"enemies":"Centurion and Healer","floor":31,"turns":7},{"damage":35,"enemies":"Collector","floor":33,"turns":8},{"damage":0,"enemies":"3 Shapes","floor":35,"turns":8},{"damage":0,"enemies":"3 Darklings","floor":37,"turns":7},{"damage":0,"enemies":"Sphere and 2 Shapes","floor":38,"turns":3},{"damage":5,"enemies":"Maw","floor":39,"turns":6},{"damage":6,"enemies":"Giant Head","floor":40,"turns":6},{"damage":0,"enemies":"3 Darklings","floor":41,"turns":2},{"damage":0,"enemies":"Spire Growth","floor":44,"turns":3},{"damage":5,"enemies":"Sphere and 2 Shapes","floor":46,"turns":3},{"damage":0,"enemies":"3 Darklings","floor":48,"turns":2},{"damage":38,"enemies":"Time Eater","floor":50,"turns":7},{"damage":0,"enemies":"Shield and Spear","floor":54,"turns":2},{"damage":73,"enemies":"The Heart","floor":55,"turns":5}],"seed_played":"-3233280249671375069","potions_obtained":[{"floor":1.0,"key":"ColorlessPotion"},{"floor":4.0,"key":"Fire Potion"},{"floor":5.0,"key":"DuplicationPotion"},{"floor":6.0,"key":"SneckoOil"},{"floor":12.0,"key":"Fire Potion"},{"floor":21.0,"key":"SpeedPotion"},{"floor":25.0,"key":"LiquidMemories"},{"floor":28.0,"key":"FearPotion"},{"floor":31,"key":"SkillPotion"},{"floor":33,"key":"Block Potion"}],"is_trial":false,"path_per_floor":["M","M","?","M","M","E","M","R","T","$","E","M","R","M","R","B",null,"M","$","M","M","M","E","?","M","T","M","E","R","?","M","R","B",null,"M","$","M","M","M","E","M","R","T","M","?","M","R","M","R","B",null,"R","$","E","B",null],"character_chosen":"CLOCKWORK","items_purchased":["Lee\u0027s Waffle","Clockwork:CraftCopperScales","Clockwork:CraftCopperScales","Mango"],"campfire_rested":1,"item_purchase_floors":[10,19,36,53],"current_hp_per_floor":[84,84,79,79,62,45,37,62,62,93,78,82,82,86,86,43,93,84,84,69,73,72,75,75,74,74,78,82,82,82,86,86,60,93,93,93,93,93,88,86,90,90,90,93,93,88,88,92,92,55,93,93,107,107,35],"gold":94,"neow_bonus":"REMOVE_CARD","is_daily":false,"chose_seed":false,"campfire_upgraded":7,"win_rate":0.0,"timestamp":1614280956,"path_taken":["M","M","?","M","M","E","M","R","T","$","E","M","R","M","R","BOSS","M","$","M","M","M","E","?","M","T","M","E","R","?","M","R","BOSS","M","$","M","M","?","E","M","R","T","M","?","M","R","M","R","BOSS","R","$","E","BOSS"],"items_purchased_type":["Relic","Card","Card","Relic"],"build_version":"2020-12-22","purchased_purges":3,"victory":true,"max_hp_per_floor":[85,85,79,79,79,86,86,86,86,93,93,93,93,93,93,93,93,93,93,93,93,93,93,93,93,93,93,93,93,93,93,93,93,93,93,93,93,93,93,93,93,93,93,93,93,93,93,93,93,93,93,93,107,107,107],"relic_stats":{"Sozu":3,"Blood Vial":0,"Lee\u0027s Waffle":31,"Centennial Puzzle":[15],"counters":[32,208],"Golden Idol":232,"Ornamental Fan":[300],"Astrolabe":["Clockwork:HeadStart","Clockwork:FalseStart","Clockwork:MechanicalMass"],"Ginger":[14],"obtain_stats":[{"Lee\u0027s Waffle":10,"Clockwork:BloodPhial":4,"Golden Idol":3,"Clockwork:CopperScales":21,"Astrolabe":17,"Clockwork:SomewhatSmoothStone":50,"Mango":53,"Clockwork:Varja":33,"Ginger":23,"Ancient Tea Set":43,"Clockwork:MomentumEngine":0,"Sozu":34,"Blood Vial":54,"Centennial Puzzle":28,"Clockwork:QuicksilverHourglass":37,"Ornamental Fan":9,"Strawberry":6,"Molten Egg 2":40,"Toy Ornithopter":11},{"Lee\u0027s Waffle":6,"Clockwork:BloodPhial":3,"Golden Idol":2,"Clockwork:CopperScales":13,"Astrolabe":10,"Clockwork:SomewhatSmoothStone":30,"Mango":30,"Clockwork:Varja":20,"Ginger":15,"Ancient Tea Set":26,"Clockwork:MomentumEngine":0,"Sozu":20,"Blood Vial":31,"Centennial Puzzle":18,"Clockwork:QuicksilverHourglass":22,"Ornamental Fan":6,"Strawberry":5,"Molten Egg 2":25,"Toy Ornithopter":7},{"Lee\u0027s Waffle":46,"Clockwork:BloodPhial":16,"Golden Idol":13,"Clockwork:CopperScales":103,"Astrolabe":88,"Clockwork:SomewhatSmoothStone":199,"Mango":201,"Clockwork:Varja":149,"Ginger":121,"Ancient Tea Set":186,"Clockwork:MomentumEngine":0,"Sozu":154,"Blood Vial":203,"Centennial Puzzle":139,"Clockwork:QuicksilverHourglass":163,"Ornamental Fan":46,"Strawberry":42,"Molten Egg 2":184,"Toy Ornithopter":61}],"Toy Ornithopter":26},"card_choices":[{"not_picked":["Clockwork:Clone","Clockwork:SnapKeep"],"picked":"Clockwork:CraftBloodPhial","floor":1.0},{"not_picked":["Clockwork:Roundhouse","Clockwork:ChargingBlade","Clockwork:CogBarrier"],"picked":"SKIP","floor":2.0},{"not_picked":["Clockwork:Enhance","Clockwork:Roundhouse"],"picked":"Clockwork:HeadStart","floor":4.0},{"not_picked":["Clockwork:SystemHardening","Clockwork:CogToss"],"picked":"Clockwork:CraftBloodPhial","floor":5.0},{"not_picked":["Clockwork:Enhance","Clockwork:Friction"],"picked":"Clockwork:TimeWalk","floor":6.0},{"not_picked":["Clockwork:MechanicalBulk","Clockwork:Efficiency"],"picked":"Clockwork:CogBarrier","floor":7.0},{"not_picked":["Clockwork:Minimalism","Clockwork:Redundancy"],"picked":"Clockwork:Inspiration","floor":11.0},{"not_picked":["Clockwork:ReserveSystems","Clockwork:Redundancy"],"picked":"Clockwork:RitualDaggerMk0","floor":12.0},{"not_picked":["Clockwork:Enhance","Clockwork:ChargingShield","Clockwork:AssemblyLine"],"picked":"SKIP","floor":14.0},{"not_picked":["Clockwork:DefectiveParts","Clockwork:PerfectForm"],"picked":"Clockwork:SiegeStrike","floor":16.0},{"not_picked":["Clockwork:QuantumStrike","Clockwork:ReserveSystems","Clockwork:Roundhouse"],"picked":"SKIP","floor":18.0},{"not_picked":["Clockwork:Selectivity","Clockwork:AdaptiveShield"],"picked":"Clockwork:Pluck+1","floor":20.0},{"not_picked":["Clockwork:StasisBreak+1","Clockwork:TestingEnvironment","Clockwork:CogShield+1"],"picked":"SKIP","floor":21.0},{"not_picked":["Clockwork:StasisBreak","Clockwork:TestingEnvironment","Clockwork:RampUp"],"picked":"SKIP","floor":22.0},{"not_picked":["Clockwork:ChargingBlade","Clockwork:Improve","Clockwork:ForgeStrike"],"picked":"SKIP","floor":23.0},{"not_picked":["Clockwork:ReserveSystems","Clockwork:StasisBreak","Clockwork:SystemScan"],"picked":"SKIP","floor":25.0},{"not_picked":["Clockwork:LogisticRegression","Clockwork:RevUp"],"picked":"Clockwork:Improve+1","floor":27.0},{"not_picked":["Clockwork:AdaptiveCannon","Clockwork:Downsize+1"],"picked":"Clockwork:CraftVarja","floor":28.0},{"not_picked":["Clockwork:MechanicalMass","Clockwork:ForgeStrike+1"],"picked":"Clockwork:OccamsRazor+1","floor":31},{"not_picked":["Clockwork:PerfectForm","Clockwork:SiegeStrike"],"picked":"Clockwork:CraftQuicksilverHourglass","floor":33},{"not_picked":["Clockwork:ChargingShield+1","Clockwork:SmithsMallet","Clockwork:ReserveSystems"],"picked":"SKIP","floor":35},{"not_picked":["Clockwork:AdaptiveShield","Clockwork:Enhance+1","Clockwork:SystemScan"],"picked":"SKIP","floor":37},{"not_picked":["Clockwork:FalseStart+1","Clockwork:LiteraryArmor"],"picked":"Clockwork:CraftQuicksilverHourglass","floor":38},{"not_picked":["Clockwork:Minimalism","Clockwork:SearingStrike"],"picked":"Clockwork:CraftVarja","floor":39},{"not_picked":["Clockwork:Redundancy+1","Clockwork:Roundhouse+1"],"picked":"Clockwork:CraftVarja+1","floor":40},{"not_picked":["Clockwork:Enhance","Clockwork:PerfectedShield","Clockwork:SystemScan"],"picked":"SKIP","floor":41},{"not_picked":["Clockwork:CogBarrier","Clockwork:Minimalism+1"],"picked":"Clockwork:Strangle+1","floor":44},{"not_picked":["Clockwork:ForgeStrike+1","Clockwork:SearchingStrike+1","Clockwork:SystemHardening+1"],"picked":"SKIP","floor":46},{"not_picked":["Clockwork:Minimalism","Clockwork:SystemScan"],"picked":"Clockwork:CraftSomewhatSmoothStone","floor":48},{"not_picked":["Clockwork:SearchingStrike+1","Clockwork:TestingEnvironment+1","Clockwork:CogToss+1"],"picked":"SKIP","floor":54}],"player_experience":1359837,"relics_obtained":[{"floor":6.0,"key":"Strawberry"},{"floor":9.0,"key":"Ornamental Fan"},{"floor":11.0,"key":"Toy Ornithopter"},{"floor":23.0,"key":"Ginger"},{"floor":28.0,"key":"Centennial Puzzle"},{"floor":40,"key":"Molten Egg 2"},{"floor":43,"key":"Ancient Tea Set"},{"floor":54,"key":"Blood Vial"}],"event_choices":[{"damage_healed":0.0,"max_hp_gain":0.0,"max_hp_loss":6.0,"gold_gain":0.0,"event_name":"Golden Idol","player_choice":"Lose Max HP","floor":3.0,"gold_loss":0.0,"damage_taken":0.0,"relics_obtained":["Golden Idol"]},{"damage_healed":0.0,"max_hp_gain":0.0,"max_hp_loss":0.0,"gold_gain":0.0,"event_name":"Ghosts","player_choice":"Ignored","floor":24.0,"gold_loss":0.0,"damage_taken":0.0},{"damage_healed":0.0,"max_hp_gain":0.0,"max_hp_loss":0.0,"gold_gain":0.0,"event_name":"Upgrade Shrine","player_choice":"Upgraded","floor":30.0,"gold_loss":0.0,"damage_taken":0.0,"cards_upgraded":["Clockwork:WarmUp"]},{"cards_removed":["Clockwork:FalseStart"],"damage_healed":0,"gold_gain":0,"player_choice":"Removed Attack","damage_taken":0,"max_hp_gain":0,"max_hp_loss":0,"event_name":"Falling","floor":45,"gold_loss":0}],"is_beta":false,"boss_relics":[{"not_picked":["Black Star","Fusion Hammer"],"picked":"Astrolabe"},{"not_picked":["Empty Cage","Snecko Eye"],"picked":"Sozu"}],"items_purged_floors":[19,36,53],"is_endless":false,"potions_floor_spawned":[1,4,5,6,12,21,25,28,31,33,37,44,48],"ascension_level":0}}