{"host":"ur8591ivwt16uwtw","time":1614294774,"event":{"mods":["BaseMod","Hubris","Minty Spire (QoL Compilation)","Rare Cards Sparkle","Replay The Spire","StSLib","The Disciple","The Necromancer","The Runesmith","The Servant 0.9.4"],"gold_per_floor":[115,196,210,229,239,266,276,276,276,306,321,333,344,372,372,472,472,488,499,511,531,531,557,557,557,557,582,597,597,608,608],"floor_reached":30,"language":"ENG","playtime":2222,"items_purged":[],"score":325,"play_id":"e27354c3-cfd1-434d-9138-808155fe11de","local_time":"20210226001254","is_ascension_mode":false,"campfire_choices":[{"data":"Death_March_Dance","floor":8.0,"key":"SMITH"},{"data":"Summon_Vampire_Lady","floor":15.0,"key":"SMITH"},{"data":"Blood_Shield","floor":25,"key":"SMITH"},{"data":"Negative_Energy_Mist","floor":29,"key":"SMITH"}],"circlet_count":0,"master_deck":["Strike_W+1","Strike_W+1","Strike_W+1","Strike_W+1","Defend_W+1","Defend_W+1","Defend_W+1","Defend_W+1","Negative_Energy_Arrows","Bone_Wall","Negative_Energy_Shield","Bone_Spikes","Death_March_Dance+1","Blood_Is_Power","Negative_Energy_Shield","Negative_Energy_Javelin","Negative_Energy_Mist+1","Blood_Shield+1","Skeleton_Dragon","Epidemic","Summon_Vampire_Lady+1","Bone_Armor","Negative_Energy_Shield+1","Bone_Prison+1","Bone_Bullets+1","Bone_Armor+1","Negative_Energy_Mist+1"],"relics":["Vampire_Amulet","hubris:OldNail","hubris:FunFungus","ReplayTheSpireMod:Ninjato","Potion Belt","Coffee Dripper","War Paint","Lizard Tail","hubris:DisguiseKit"],"acts_visited":["Exordium","TheCity"],"potions_floor_usage":[24,27,27],"damage_taken":[{"damage":0.0,"enemies":"Jaw Worm","floor":1.0,"turns":4.0},{"damage":3.0,"enemies":"Cultist","floor":3.0,"turns":4.0},{"damage":0.0,"enemies":"Small Slimes","floor":4.0,"turns":4.0},{"damage":6.0,"enemies":"Looter","floor":5.0,"turns":4.0},{"damage":23.0,"enemies":"Lagavulin","floor":6.0,"turns":8.0},{"damage":3.0,"enemies":"Blue Slaver","floor":7.0,"turns":4.0},{"damage":2.0,"enemies":"Gremlin Nob","floor":10.0,"turns":2.0},{"damage":4.0,"enemies":"2 Fungi Beasts","floor":11.0,"turns":3.0},{"damage":0.0,"enemies":"3 Louse","floor":12.0,"turns":4.0},{"damage":4.0,"enemies":"Exordium Thugs","floor":13.0,"turns":5.0},{"damage":20.0,"enemies":"3 Sentries","floor":14.0,"turns":10.0},{"damage":49.0,"enemies":"Hexaghost","floor":16.0,"turns":16.0},{"damage":6.0,"enemies":"2 Thieves","floor":18.0,"turns":4.0},{"damage":13.0,"enemies":"Shell Parasite","floor":19.0,"turns":5.0},{"damage":9.0,"enemies":"Centurion and Healer","floor":20.0,"turns":7.0},{"damage":103.0,"enemies":"Cultist and Chosen","floor":21.0,"turns":12.0},{"damage":9.0,"enemies":"Book of Stabbing","floor":23.0,"turns":7.0},{"damage":0,"enemies":"3 Cultists","floor":24,"turns":1},{"damage":34,"enemies":"Slavers","floor":27,"turns":8},{"damage":20,"enemies":"Centurion and Healer","floor":28,"turns":5},{"damage":12,"enemies":"Chosen and Byrds","floor":30,"turns":8}],"seed_played":"8760210528823283290","potions_obtained":[{"floor":3.0,"key":"FearPotion"},{"floor":5.0,"key":"Fire Potion"},{"floor":10.0,"key":"Adrenaline Potion"},{"floor":13.0,"key":"Strength Potion"},{"floor":16.0,"key":"Elixir"},{"floor":18.0,"key":"SmokeBomb"},{"floor":20.0,"key":"Dexterity Potion"},{"floor":23.0,"key":"Strength Potion"},{"floor":30,"key":"Elixir"}],"is_trial":false,"path_per_floor":["M","?","M","M","M","E","M","R","T","E","M","M","M","E","R","B",null,"M","M","M","M","?","E","M","R","T","E","M","R","M"],"character_chosen":"NECROMANCER","items_purchased":[],"campfire_rested":0,"item_purchase_floors":[],"current_hp_per_floor":[82,50,49,53,49,28,27,27,27,27,27,34,35,24,24,26,82,82,73,82,15,15,19,19,19,19,47,43,43,51,51],"gold":608,"neow_bonus":"TEN_PERCENT_HP_BONUS","is_daily":false,"chose_seed":false,"campfire_upgraded":4,"win_rate":0.0,"timestamp":1614294774,"path_taken":["M","?","M","M","M","E","M","R","T","E","M","?","M","E","R","BOSS","M","M","M","M","?","E","M","R","T","E","M","R","M"],"items_purchased_type":[],"build_version":"2020-12-22","purchased_purges":0,"victory":false,"max_hp_per_floor":[82,82,82,82,82,82,82,82,82,82,82,82,82,82,82,82,82,82,82,82,82,82,82,82,82,82,82,82,82,82,82],"card_choices":[{"not_picked":["Necromantic_Selection","Toxic_Smoke_Screen"],"picked":"Negative_Energy_Shield","floor":1.0},{"not_picked":["Blood_Whip","Bone_Bullets"],"picked":"Bone_Spikes","floor":2.0},{"not_picked":["Shackles_Of_Pain","Acid_Javelin"],"picked":"Death_March_Dance","floor":2.0},{"not_picked":["Blood_Curse","Violent_Necrosis"],"picked":"Blood_Is_Power","floor":2.0},{"not_picked":["Spectral_Walk","Consume_Illness"],"picked":"Negative_Energy_Shield","floor":3.0},{"not_picked":["Negative_Energy_Mist","Blood_Curse"],"picked":"Negative_Energy_Javelin","floor":4.0},{"not_picked":["Spectral_Armor","Bone_Spikes"],"picked":"Negative_Energy_Mist","floor":5.0},{"not_picked":["Chill_Blood","Bone_Shift","Bone_Bullets"],"picked":"SKIP","floor":6.0},{"not_picked":["Pandemic","Death_Coil","Finger_Of_Death"],"picked":"SKIP","floor":7.0},{"not_picked":["Finger_Of_Death","Necromantic_Selection"],"picked":"Blood_Shield","floor":10.0},{"not_picked":["Bones_to_Steel","Whirlwind_of_Bones"],"picked":"Skeleton_Dragon","floor":11.0},{"not_picked":["Chill_Blood","Blood_Curse","Toxic_Smoke_Screen"],"picked":"SKIP","floor":12.0},{"not_picked":["Blood_Curse","Blood_Whip"],"picked":"Epidemic","floor":13.0},{"not_picked":["Death_Coil","Thousand_Bone_Knives"],"picked":"Summon_Vampire_Lady","floor":14.0},{"not_picked":["Consume_Illness+1","Bone_Bullets"],"picked":"Bone_Armor","floor":18.0},{"not_picked":["Scare","Shackles_Of_Pain"],"picked":"Negative_Energy_Shield","floor":19.0},{"not_picked":["Blood_Curse","Finger_Of_Death+1"],"picked":"Bone_Prison+1","floor":20.0},{"not_picked":["Vampiric_Strike","Epidemic","Bones_to_Steel"],"picked":"SKIP","floor":21.0},{"not_picked":["Negative_Energy_Shield","Blood_Magic"],"picked":"Bone_Bullets+1","floor":23.0},{"not_picked":["Strike_from_Beyond","Necrotic_Claws"],"picked":"Bone_Armor+1","floor":27},{"not_picked":["Thousand_Bone_Knives","Toxic_Smoke_Screen+1","WatchCommand"],"picked":"Negative_Energy_Mist","floor":28}],"player_experience":2349624,"relics_obtained":[{"floor":6.0,"key":"hubris:OldNail"},{"floor":9.0,"key":"hubris:FunFungus"},{"floor":10.0,"key":"ReplayTheSpireMod:Ninjato"},{"floor":14.0,"key":"Potion Belt"},{"floor":23.0,"key":"War Paint"},{"floor":26,"key":"Lizard Tail"},{"floor":27,"key":"hubris:DisguiseKit"}],"event_choices":[{"damage_healed":0.0,"max_hp_gain":0.0,"max_hp_loss":0.0,"gold_gain":0.0,"event_name":"Back to Basics","player_choice":"Simplicity","floor":22.0,"gold_loss":0.0,"damage_taken":0.0,"cards_upgraded":["Strike_W","Strike_W","Strike_W","Strike_W","Defend_W","Defend_W","Defend_W","Defend_W"]}],"is_beta":false,"boss_relics":[{"not_picked":["Replay:Ancient Bell","Fusion Hammer"],"picked":"Coffee Dripper"}],"items_purged_floors":[],"is_endless":false,"potions_floor_spawned":[3,5,10,13,16,18,20,23,30],"killed_by":"Chosen and Byrds","ascension_level":0}}