{"host":"e14va605tljgvqtz","time":1614277504,"event":{"mods":["BaseMod","Colored Map","Highlight Path","Minty Spire (QoL Compilation)","Relic Stats"],"gold_per_floor":[118,43,61,61,84,84,115,130,130,22,22,32,32,52,52,52,52],"floor_reached":16,"language":"ENG","playtime":706,"items_purged":["Shame"],"score":150,"play_id":"4317ed45-e11b-4da4-a18f-bed067cc9202","local_time":"20210225102504","is_ascension_mode":true,"campfire_choices":[{"data":"Dagger Throw","floor":6,"key":"SMITH"},{"floor":15,"key":"REST"}],"circlet_count":0,"master_deck":["AscendersBane","Strike_G","Strike_G","Strike_G","Strike_G","Strike_G","Defend_G","Defend_G","Defend_G","Defend_G","Survivor","Neutralize","Dagger Throw+1","Poisoned Stab","Backstab","Predator+1","Crippling Poison","Blade Dance","Bane"],"relics":["Ring of the Snake","Bird Faced Urn","Strawberry","Blood Vial","Paper Crane","Golden Idol"],"acts_visited":["Exordium"],"potions_floor_usage":[7,15,16],"damage_taken":[{"damage":3,"enemies":"Small Slimes","floor":1,"turns":6},{"damage":2,"enemies":"Jaw Worm","floor":3,"turns":5},{"damage":50,"enemies":"Lagavulin","floor":7,"turns":14},{"damage":1,"enemies":"Cultist","floor":8,"turns":3},{"damage":2,"enemies":"Blue Slaver","floor":12,"turns":3},{"damage":10,"enemies":"Gremlin Gang","floor":14,"turns":4},{"damage":32,"enemies":"The Guardian","floor":16,"turns":12}],"seed_played":"-6499482217166854823","potions_obtained":[{"floor":1,"key":"Energy Potion"},{"floor":8,"key":"Fruit Juice"},{"floor":12,"key":"SteroidPotion"}],"is_trial":false,"path_per_floor":["M","$","M","?","T","R","E","M","T","$","?","M","?","M","R","B"],"character_chosen":"THE_SILENT","items_purchased":["Predator","Crippling Poison"],"campfire_rested":1,"item_purchase_floors":[10,10],"current_hp_per_floor":[60,60,58,51,58,58,8,9,9,9,9,9,9,1,28,0,0],"gold":52,"neow_bonus":"ONE_RARE_RELIC","is_daily":false,"chose_seed":false,"campfire_upgraded":1,"win_rate":0.0,"timestamp":1614277504,"path_taken":["M","$","M","?","?","R","E","?","T","$","?","?","?","M","R","BOSS"],"items_purchased_type":["Card","Card"],"build_version":"2020-12-22","purchased_purges":1,"victory":false,"max_hp_per_floor":[70,70,70,70,77,77,77,77,77,77,77,77,71,71,76,76,76],"relic_stats":{"Blood Vial":8,"counters":[7,47],"Golden Idol":4,"Bird Faced Urn":[0],"obtain_stats":[{"Blood Vial":7,"Golden Idol":13,"Bird Faced Urn":0,"Strawberry":5,"Paper Crane":9,"Ring of the Snake":0},{"Blood Vial":3,"Golden Idol":5,"Bird Faced Urn":0,"Strawberry":2,"Paper Crane":4,"Ring of the Snake":0},{"Blood Vial":25,"Golden Idol":31,"Bird Faced Urn":0,"Strawberry":11,"Paper Crane":28,"Ring of the Snake":0}],"Ring of the Snake":[14]},"card_choices":[{"not_picked":["Sucker Punch","Slice"],"picked":"Dagger Throw","floor":1},{"not_picked":["Escape Plan","Calculated Gamble","Choke"],"picked":"SKIP","floor":3},{"not_picked":["Dagger Throw","Backstab"],"picked":"Poisoned Stab","floor":7},{"not_picked":["Dodge and Roll","Accuracy"],"picked":"Backstab","floor":8},{"not_picked":["Dagger Spray","Leg Sweep"],"picked":"Blade Dance","floor":12},{"not_picked":["Predator","Acrobatics"],"picked":"Bane","floor":14}],"player_experience":340395,"relics_obtained":[{"floor":5,"key":"Strawberry"},{"floor":7,"key":"Blood Vial"},{"floor":9,"key":"Paper Crane"}],"event_choices":[{"cards_removed":["Defend_G"],"damage_healed":0,"gold_gain":0,"player_choice":"Card Removal","damage_taken":7,"max_hp_gain":0,"max_hp_loss":0,"event_name":"Golden Wing","floor":4,"gold_loss":0},{"damage_healed":0,"gold_gain":0,"player_choice":"Forge","damage_taken":0,"max_hp_gain":0,"max_hp_loss":0,"event_name":"Accursed Blacksmith","floor":11,"gold_loss":0,"cards_upgraded":["Predator"]},{"damage_healed":0,"gold_gain":0,"player_choice":"Lose Max HP","damage_taken":0,"relics_obtained":["Golden Idol"],"max_hp_gain":0,"max_hp_loss":6,"event_name":"Golden Idol","floor":13,"gold_loss":0}],"is_beta":false,"boss_relics":[],"items_purged_floors":[2],"is_endless":false,"potions_floor_spawned":[1,8,12],"killed_by":"The Guardian","ascension_level":10}}