{"host":"n8n9wji6zrbfgqlo","time":1614284050,"event":{"mods":["AchievementEnabler","BaseMod","Colored Powertips","Highlight Path","Minty Spire (QoL Compilation)","Quick Restart"],"gold_per_floor":[112,112,130,130,60,93,93,93,93,93,111,111,145,165,165,260,260,280,280,290,290,303,336,354,379,379,394,62,62,90,15,15,15,15],"floor_reached":33,"language":"ENG","playtime":1205,"items_purged":["Regret"],"score":371,"play_id":"2552b1ad-4c21-4447-9f87-e271c9b63b1b","local_time":"20210225211410","is_ascension_mode":true,"campfire_choices":[{"data":"Uppercut","floor":7,"key":"SMITH"},{"floor":10,"key":"REST"},{"data":"Armaments","floor":15,"key":"SMITH"},{"data":"Barricade","floor":29,"key":"SMITH"},{"data":"Fiend Fire","floor":32,"key":"SMITH"}],"circlet_count":0,"master_deck":["Strike_R","Strike_R","Strike_R","Strike_R+1","Strike_R","Defend_R+1","Defend_R","Defend_R","Defend_R","Bash","Barricade+1","Armaments+1","Wild Strike","Uppercut+1","Perfected Strike","Shrug It Off","Cleave","Whirlwind","Immolate","Wild Strike","Cleave","Whirlwind","Warcry","Second Wind","Fiend Fire+1","Uppercut+1","Flame Barrier","Impervious"],"relics":["Burning Blood","Mummified Hand","Calipers","Red Skull","MealTicket","Blue Candle","Mark of Pain","MutagenicStrength","CultistMask","Sundial","Question Card","Prayer Wheel","Strange Spoon","Art of War"],"acts_visited":["Exordium","TheCity"],"potions_floor_usage":[6,8,16,18,23,23,25,25,30,33],"damage_taken":[{"damage":1,"enemies":"Cultist","floor":1,"turns":3},{"damage":7,"enemies":"Jaw Worm","floor":3,"turns":3},{"damage":12,"enemies":"Gremlin Nob","floor":6,"turns":4},{"damage":17,"enemies":"Lagavulin","floor":8,"turns":5},{"damage":1,"enemies":"Small Slimes","floor":11,"turns":3},{"damage":22,"enemies":"3 Sentries","floor":13,"turns":6},{"damage":3,"enemies":"Looter","floor":14,"turns":2},{"damage":29,"enemies":"Hexaghost","floor":16,"turns":8},{"damage":3,"enemies":"3 Byrds","floor":18,"turns":4},{"damage":5,"enemies":"Chosen","floor":20,"turns":3},{"damage":25,"enemies":"Snecko","floor":22,"turns":5},{"damage":9,"enemies":"Gremlin Leader","floor":23,"turns":7},{"damage":14,"enemies":"Cultist and Chosen","floor":24,"turns":4},{"damage":41,"enemies":"Book of Stabbing","floor":25,"turns":5},{"damage":0,"enemies":"Sentry and Sphere","floor":27,"turns":2},{"damage":25,"enemies":"Slavers","floor":30,"turns":3},{"damage":52,"enemies":"Collector","floor":33,"turns":5}],"seed_played":"896139700652442137","potions_obtained":[{"floor":1,"key":"SmokeBomb"},{"floor":3,"key":"Block Potion"},{"floor":13,"key":"Fire Potion"},{"floor":16,"key":"SkillPotion"},{"floor":22,"key":"EntropicBrew"},{"floor":25,"key":"GamblersBrew"},{"floor":27,"key":"DistilledChaos"}],"is_trial":false,"path_per_floor":["M","?","M","?","$","E","R","E","T","R","M","?","E","M","R","B",null,"M","?","M","?","M","E","M","E","T","M","$","R","E","$","R","B"],"character_chosen":"IRONCLAD","items_purchased":["Uppercut","Flame Barrier","Strange Spoon","Impervious"],"campfire_rested":1,"item_purchase_floors":[5,28,28,28],"current_hp_per_floor":[80,64,63,38,38,32,32,21,21,45,50,50,34,37,37,14,80,80,80,80,80,61,58,50,31,31,37,52,52,33,48,48,0,0],"gold":15,"neow_bonus":"ONE_RANDOM_RARE_CARD","is_daily":false,"chose_seed":false,"campfire_upgraded":4,"win_rate":0.0,"timestamp":1614284050,"path_taken":["M","?","M","?","?","E","R","E","T","R","M","?","E","M","R","BOSS","M","?","M","?","?","E","M","E","T","M","$","R","E","?","R","BOSS"],"items_purchased_type":["Card","Card","Relic","Card"],"build_version":"2020-12-22","purchased_purges":1,"victory":false,"max_hp_per_floor":[80,80,80,80,80,80,80,80,80,80,80,80,80,80,80,80,80,80,80,80,80,80,80,80,80,80,80,80,80,80,80,80,80,80],"card_choices":[{"not_picked":["Clothesline","Headbutt"],"picked":"Armaments","floor":1},{"not_picked":["Havoc","Flex"],"picked":"Wild Strike","floor":3},{"not_picked":["Hemokinesis","Sword Boomerang"],"picked":"Perfected Strike","floor":6},{"not_picked":["Blood for Blood","Dual Wield"],"picked":"Shrug It Off","floor":11},{"not_picked":["Twin Strike","Sever Soul"],"picked":"Cleave","floor":13},{"not_picked":["Metallicize","Juggernaut"],"picked":"Whirlwind","floor":14},{"not_picked":["Bludgeon","Barricade"],"picked":"Immolate","floor":16},{"not_picked":["Armaments","Clash"],"picked":"Wild Strike","floor":18},{"not_picked":["Body Slam+1","Sword Boomerang"],"picked":"Cleave","floor":20},{"not_picked":["Headbutt","Rage"],"picked":"Whirlwind","floor":22},{"not_picked":["Second Wind","Whirlwind"],"picked":"Warcry","floor":23},{"not_picked":["Searing Blow","Blood for Blood"],"picked":"Second Wind","floor":24},{"not_picked":["Body Slam","Flex"],"picked":"Fiend Fire","floor":25},{"not_picked":["Searing Blow","Body Slam+1","Havoc+1"],"picked":"Uppercut+1","floor":27},{"not_picked":["Havoc+1","Iron Wave","Warcry","Dropkick+1"],"picked":"SKIP","floor":27},{"not_picked":["Evolve","Hemokinesis","Rampage","Dual Wield+1"],"picked":"SKIP","floor":30}],"player_experience":400906,"relics_obtained":[{"floor":6,"key":"Calipers"},{"floor":9,"key":"Red Skull"},{"floor":13,"key":"Blue Candle"},{"floor":23,"key":"Sundial"},{"floor":25,"key":"Question Card"},{"floor":26,"key":"Prayer Wheel"},{"floor":30,"key":"Art of War"}],"event_choices":[{"damage_healed":0,"gold_gain":0,"player_choice":"Entered Light","damage_taken":16,"max_hp_gain":0,"max_hp_loss":0,"event_name":"Shining Light","floor":2,"gold_loss":0,"cards_upgraded":["Defend_R","Strike_R"]},{"damage_healed":0,"gold_gain":0,"player_choice":"Success","damage_taken":25,"relics_obtained":["Mummified Hand"],"max_hp_gain":0,"max_hp_loss":0,"event_name":"Scrap Ooze","floor":4,"gold_loss":0},{"damage_healed":0,"gold_gain":0,"player_choice":"Box","damage_taken":0,"relics_obtained":["MealTicket"],"max_hp_gain":0,"max_hp_loss":0,"event_name":"Big Fish","floor":12,"gold_loss":0,"cards_obtained":["Regret"]},{"damage_healed":0,"gold_gain":0,"player_choice":"Inject Mutagens","damage_taken":0,"relics_obtained":["MutagenicStrength"],"max_hp_gain":0,"max_hp_loss":0,"event_name":"Drug Dealer","floor":19,"gold_loss":0},{"damage_healed":0,"gold_gain":0,"player_choice":"Trade","damage_taken":0,"relics_obtained":["CultistMask"],"max_hp_gain":0,"max_hp_loss":0,"event_name":"FaceTrader","floor":21,"gold_loss":0}],"is_beta":false,"boss_relics":[{"not_picked":["Runic Cube","Coffee Dripper"],"picked":"Mark of Pain"}],"items_purged_floors":[31],"is_endless":false,"potions_floor_spawned":[1,3,13,16,22,25,27],"killed_by":"Collector","ascension_level":3}}