{"host":"tq99ucv8ezzqzioe","time":1614282321,"event":{"mods":["BaseMod","Colored Map","Downfall","Highlight Path","Minty Spire (QoL Compilation)","StSLib"],"gold_per_floor":[112,131,142,17,29,60,60,94,94,105,162,162,178,178,178,274,274,293,293,307,320,13,13,13],"floor_reached":23,"language":"ENG","playtime":1147,"items_purged":[],"score":319,"play_id":"7c56f7a5-7f7b-41bc-ac29-d4752aafb2ea","local_time":"20210225144521","is_ascension_mode":true,"campfire_choices":[{"data":"BattleHymn","floor":7,"key":"SMITH"},{"floor":15,"key":"REST"}],"circlet_count":0,"master_deck":["Strike_P","Strike_P","Defend_P","Defend_P","Defend_P","Defend_P","Eruption","Vigilance","CutThroughFate+1","Tantrum","FlyingSleeves","EmptyBody","BattleHymn+1","FlyingSleeves","Protect","ThirdEye","ReachHeaven+1","Adaptation","Devotion","Wireheading","SashWhip+1","Wallop"],"relics":["SlaversCollar","Matryoshka","Nunchaku","Oddly Smooth Stone","Vajra","Shuriken","Empty Cage","MutagenicStrength","Calipers"],"acts_visited":["Exordium","TheCity"],"potions_floor_usage":[11,11,16,20,23],"damage_taken":[{"damage":0,"enemies":"Cultist","floor":1,"turns":3},{"damage":1,"enemies":"2 Louse","floor":2,"turns":4},{"damage":0,"enemies":"Jaw Worm","floor":3,"turns":2},{"damage":0,"enemies":"2 Fungi Beasts","floor":5,"turns":2},{"damage":21,"enemies":"Gremlin Nob","floor":6,"turns":4},{"damage":0,"enemies":"Lagavulin","floor":8,"turns":4},{"damage":5,"enemies":"Looter","floor":10,"turns":3},{"damage":0,"enemies":"Lagavulin Event","floor":11,"turns":1},{"damage":0,"enemies":"Exordium Thugs","floor":13,"turns":6},{"damage":22,"enemies":"The Guardian","floor":16,"turns":8},{"damage":12,"enemies":"Chosen","floor":18,"turns":4},{"damage":16,"enemies":"2 Thieves","floor":20,"turns":5},{"damage":3,"enemies":"Chosen and Byrds","floor":21,"turns":5},{"damage":26,"enemies":"Slavers","floor":23,"turns":1}],"seed_played":"-721302317269901157","potions_obtained":[{"floor":2,"key":"champ:CounterPotion"},{"floor":5,"key":"SteroidPotion"},{"floor":6,"key":"bronze:BurnAndBuffPotion"},{"floor":8,"key":"SteroidPotion"},{"floor":13,"key":"BlessingOfTheForge"},{"floor":21,"key":"Dexterity Potion"}],"is_trial":false,"path_per_floor":["M","M","M","$","M","E","R","E","T","M","?","?","M","?","R","B",null,"M","?","M","M","$","E"],"character_chosen":"WATCHER","items_purchased":["EmptyBody","BattleHymn","Calipers"],"campfire_rested":1,"item_purchase_floors":[4,4,22],"current_hp_per_floor":[65,64,64,64,64,43,43,43,43,38,38,24,24,12,33,11,57,45,45,29,26,26,0,0],"gold":13,"neow_bonus":"BOSS_RELIC","is_daily":false,"chose_seed":false,"campfire_upgraded":1,"win_rate":0.0,"timestamp":1614282321,"path_taken":["M","M","?","$","M","E","R","E","T","M","?","?","M","?","R","BOSS","M","?","M","M","$","E"],"items_purchased_type":["Card","Card","Relic"],"build_version":"2020-12-22","purchased_purges":0,"victory":false,"max_hp_per_floor":[72,72,72,72,72,72,72,72,72,72,72,72,72,72,72,72,72,72,72,72,72,72,72,72],"card_choices":[{"not_picked":["Protect","JustLucky"],"picked":"CutThroughFate","floor":1},{"not_picked":["BowlingBash","FollowUp"],"picked":"Tantrum","floor":2},{"not_picked":["WaveOfTheHand","PathToVictory"],"picked":"FlyingSleeves","floor":3},{"not_picked":["CarveReality","Swivel"],"picked":"FlyingSleeves","floor":5},{"not_picked":["EmptyFist","Establishment"],"picked":"Protect","floor":6},{"not_picked":["WindmillStrike","JustLucky"],"picked":"ThirdEye","floor":8},{"not_picked":["Study","Crescendo"],"picked":"ReachHeaven","floor":10},{"not_picked":["SignatureMove","BowlingBash"],"picked":"Adaptation","floor":11},{"not_picked":["CarveReality","Fasting2","Prostrate"],"picked":"SKIP","floor":13},{"not_picked":["DeusExMachina","LessonLearned"],"picked":"Devotion","floor":16},{"not_picked":["Crescendo","EmptyFist"],"picked":"Wireheading","floor":18},{"not_picked":["PathToVictory+1","WindmillStrike"],"picked":"SashWhip+1","floor":20},{"not_picked":["FlurryOfBlows","LikeWater"],"picked":"Wallop","floor":21}],"player_experience":1048171,"relics_obtained":[{"floor":6,"key":"Matryoshka"},{"floor":8,"key":"Nunchaku"},{"floor":9,"key":"Oddly Smooth Stone"},{"floor":11,"key":"Vajra"}],"event_choices":[{"damage_healed":0,"gold_gain":30,"player_choice":"Searched \u00272\u0027 times","damage_taken":0,"max_hp_gain":0,"max_hp_loss":0,"event_name":"Dead Adventurer","floor":11,"gold_loss":0},{"damage_healed":0,"gold_gain":0,"player_choice":"Entered Light","damage_taken":14,"max_hp_gain":0,"max_hp_loss":0,"event_name":"Shining Light","floor":12,"gold_loss":0,"cards_upgraded":["ReachHeaven","CutThroughFate"]},{"damage_healed":0,"gold_gain":0,"player_choice":"Success","damage_taken":12,"relics_obtained":["Shuriken"],"max_hp_gain":0,"max_hp_loss":0,"event_name":"Scrap Ooze","floor":14,"gold_loss":0},{"damage_healed":0,"gold_gain":0,"player_choice":"Inject Mutagens","damage_taken":0,"relics_obtained":["MutagenicStrength"],"max_hp_gain":0,"max_hp_loss":0,"event_name":"Drug Dealer","floor":19,"gold_loss":0}],"is_beta":false,"boss_relics":[{"not_picked":["Runic Dome","VioletLotus"],"picked":"Empty Cage"}],"items_purged_floors":[],"is_endless":false,"potions_floor_spawned":[2,5,6,8,13,21],"killed_by":"Slavers","ascension_level":8}}