{"host":"zp8jvycvinn13jdb","time":1614273251,"event":{"mods":["BaseMod","Better Match","Colored Powertips","Downfall","Googly Eyes","Hermit","Minty Spire (QoL Compilation)","Rare Cards Sparkle","Relic Stats","StSLib","SuperFastMode","Synergy Search","The Bug Knight","The Cursed"],"gold_per_floor":[219,294,313,126,137,137,2,12,38,38,70,20,20,36,36,131,131,144,157,32,42,59,59,73,73,73,90,90,90,90,109,109,109,109],"floor_reached":33,"language":"ENG","playtime":2137,"items_purged":["Strike_R","Strike_R","Strike_R"],"score":251,"play_id":"ba20d882-bffc-42d6-82d1-467b5d99ebd6","local_time":"20210225121411","is_ascension_mode":false,"campfire_choices":[{"data":"Armaments","floor":6,"key":"SMITH"},{"data":"Enlightenment","floor":10,"key":"SMITH"},{"data":"Searing Blow","floor":13,"key":"SMITH"},{"floor":15,"key":"REST"},{"floor":23,"key":"REST"},{"floor":25,"key":"REST"},{"floor":32,"key":"REST"}],"circlet_count":0,"master_deck":["Strike_R","Defend_R","Defend_R","Defend_R","Defend_R","Bash","Armaments+1","Searing Blow+1","Enlightenment+1","Twin Strike","Ghostly Armor","Searing Blow","Evolve","Metallicize","Pommel Strike","Inflame","Searing Blow","Decay","Necronomicurse","Decay","Bludgeon","Shrug It Off"],"relics":["Burning Blood","PreservedInsect","Bronze Scales","Cursed Key","Juzu Bracelet","Necronomicon"],"acts_visited":["Exordium","TheCity"],"potions_floor_usage":[16,31,33],"damage_taken":[{"damage":6,"enemies":"Jaw Worm","floor":1,"turns":4},{"damage":3,"enemies":"Cultist","floor":3,"turns":7},{"damage":0,"enemies":"Small Slimes","floor":5,"turns":3},{"damage":0,"enemies":"2 Fungi Beasts","floor":8,"turns":3},{"damage":25,"enemies":"3 Sentries","floor":11,"turns":8},{"damage":0,"enemies":"Large Slime","floor":14,"turns":7},{"damage":25,"enemies":"The Guardian","floor":16,"turns":18},{"damage":15,"enemies":"Spheric Guardian","floor":18,"turns":4},{"damage":6,"enemies":"Shell Parasite","floor":19,"turns":7},{"damage":29,"enemies":"Centurion and Healer","floor":21,"turns":6},{"damage":25,"enemies":"3 Cultists","floor":22,"turns":7},{"damage":19,"enemies":"Snake Plant","floor":24,"turns":3},{"damage":36,"enemies":"Cultist and Chosen","floor":27,"turns":6},{"damage":32,"enemies":"3 Cultists","floor":30,"turns":5},{"damage":34,"enemies":"Centurion and Healer","floor":31,"turns":4},{"damage":54,"enemies":"Champ","floor":33,"turns":5}],"seed_played":"7205437413283962318","potions_obtained":[{"floor":3,"key":"FairyPotion"},{"floor":11,"key":"EntropicBrew"},{"floor":14,"key":"Strength Potion"},{"floor":16,"key":"hexamod:SoulburnPotion"},{"floor":18,"key":"BloodPotion"}],"is_trial":false,"path_per_floor":["M","?","M","$","M","R","$","M","T","R","E","?","R","M","R","B",null,"M","M","$","M","M","R","M","R","T","M","?","?","M","M","R","B"],"character_chosen":"IRONCLAD","items_purchased":["Enlightenment","Twin Strike","Searing Blow"],"campfire_rested":4,"item_purchase_floors":[4,4,7],"current_hp_per_floor":[80,72,75,75,80,80,80,80,80,80,61,61,61,67,80,61,80,71,71,71,48,29,53,40,64,64,34,18,18,24,12,36,0,0],"gold":109,"neow_bonus":"HUNDRED_GOLD","is_daily":false,"chose_seed":false,"campfire_upgraded":3,"win_rate":0.0,"timestamp":1614273251,"path_taken":["M","?","M","$","M","R","$","?","T","R","E","?","R","M","R","BOSS","M","M","$","M","M","R","M","R","T","M","?","?","M","M","R","BOSS"],"items_purchased_type":["Card","Card","Card"],"build_version":"2020-12-22","purchased_purges":3,"victory":false,"max_hp_per_floor":[80,80,80,80,80,80,80,80,80,80,80,80,80,80,80,80,80,80,80,80,80,80,80,80,80,80,80,80,80,80,80,80,80,80],"relic_stats":{"counters":[16,97],"Bronze Scales":[241],"PreservedInsect":31,"Juzu Bracelet":0,"Necronomicon":[9],"Cursed Key":1,"obtain_stats":[{"Bronze Scales":11,"PreservedInsect":9,"Juzu Bracelet":26,"Necronomicon":28,"Cursed Key":17,"Burning Blood":0},{"Bronze Scales":5,"PreservedInsect":4,"Juzu Bracelet":12,"Necronomicon":13,"Cursed Key":7,"Burning Blood":0},{"Bronze Scales":25,"PreservedInsect":17,"Juzu Bracelet":77,"Necronomicon":83,"Cursed Key":50,"Burning Blood":0}],"Burning Blood":83},"card_choices":[{"not_picked":["Headbutt","Rupture"],"picked":"Armaments","floor":1},{"not_picked":["True Grit","Wild Strike"],"picked":"Searing Blow","floor":3},{"not_picked":["Thunderclap","Battle Trance"],"picked":"Ghostly Armor","floor":5},{"not_picked":["Rupture","Perfected Strike","Corruption"],"picked":"SKIP","floor":8},{"not_picked":["Headbutt","Havoc"],"picked":"Evolve","floor":11},{"not_picked":["Thunderclap","Body Slam"],"picked":"Metallicize","floor":14},{"not_picked":["Body Slam","Clash","Dark Embrace+1"],"picked":"SKIP","floor":18},{"not_picked":["Clash","Shockwave"],"picked":"Pommel Strike","floor":19},{"not_picked":["Rupture+1","Searing Blow"],"picked":"Inflame","floor":21},{"not_picked":["True Grit","Heavy Blade+1"],"picked":"Searing Blow","floor":22},{"not_picked":["Wild Strike","Sword Boomerang","Sever Soul"],"picked":"SKIP","floor":24},{"not_picked":["Dual Wield","Sever Soul","Headbutt"],"picked":"SKIP","floor":27},{"not_picked":["Battle Trance","Hemokinesis+1"],"picked":"Bludgeon","floor":30},{"not_picked":["Flame Barrier","Clash"],"picked":"Shrug It Off","floor":31}],"player_experience":175816,"relics_obtained":[{"floor":9,"key":"PreservedInsect"},{"floor":11,"key":"Bronze Scales"},{"floor":26,"key":"Juzu Bracelet"},{"floor":28,"key":"Necronomicon"}],"event_choices":[{"damage_healed":0,"gold_gain":75,"player_choice":"Touch","damage_taken":8,"max_hp_gain":0,"max_hp_loss":0,"event_name":"FaceTrader","floor":2,"gold_loss":0},{"cards_removed":["Strike_R"],"damage_healed":0,"gold_gain":0,"player_choice":"Card Removal","damage_taken":0,"max_hp_gain":0,"max_hp_loss":0,"event_name":"The Cleric","floor":12,"gold_loss":50},{"damage_healed":0,"gold_gain":0,"player_choice":"Obtained Book","damage_taken":16,"max_hp_gain":0,"max_hp_loss":0,"event_name":"Cursed Tome","floor":28,"gold_loss":0},{"damage_healed":0,"gold_gain":0,"player_choice":"Smashed Altar","damage_taken":0,"max_hp_gain":0,"max_hp_loss":0,"event_name":"Forgotten Altar","floor":29,"gold_loss":0,"cards_obtained":["Decay"]}],"is_beta":false,"boss_relics":[{"not_picked":["Fusion Hammer","Snecko Eye"],"picked":"Cursed Key"}],"items_purged_floors":[4,7,20],"is_endless":false,"potions_floor_spawned":[3,11,14,16,18,19,21],"killed_by":"Champ","ascension_level":0}}