{"host":"iovigr651ajk16h5","time":1614214520,"event":{"mods":["2.2 Compatiblity","AchievementEnabler","Aspiration","BaseMod","Better Altar","Better Match","Better Note","Better Sensory Stone","Better Skull","Better Third Choice","Block Reminder","CapriCore","Colored Map","Ekko","Energized Spire","GifTheSpireLib","GungeonMod","Halation","Hermit","Highlight Path","Hubris","Infinite Spire","Koishi","Luminous","Marisa????????","Minty Spire (QoL Compilation)","Nova Terra(??·??)","Onozuka Komachi Mod","Permanent Neow","Prisma Mod","Quick Restart","Railgun Mod","Remilia??????","Replay The Spire","StSLib","Stuff the Spire","Td1madao Mod","The Administrix","The Bladedancer","The Bug Knight","The Construct","The Exalted","The Immortal","The Marked","The Problem Sleuth","The Servant 0.9.4","TheFirefly","TheSwordswoman","Trackpad","Waifu the Spire","WarShipGirlsR/????R mod","everything is the same but u backflip on backflip"],"gold_per_floor":[116,130,130,149,11,11,11,11,11,11,11],"floor_reached":10,"language":"ENG","playtime":159,"items_purged":[],"score":56,"play_id":"abd66946-8e63-406f-ad4b-7e7859f7abb9","local_time":"20210224195520","is_ascension_mode":false,"campfire_choices":[{"floor":6,"key":"RECALL"},{"data":"rmod:ridicule","floor":8,"key":"SMITH"}],"circlet_count":0,"master_deck":["rmod:strick","rmod:strick","rmod:strick","rmod:strick","rmod:defend","rmod:defend","rmod:defend","rmod:defend","rmod:basicallowance","rmod:maingunfire","rmod:unsinkable","rmod:ridicule+1"],"relics":["rmod:firstchargereward","NeowsBlessing","Du-Vu Doll","DemoMod:GlassGuonStoneRelic","Regal Pillow","Replay:Mystery Machine"],"acts_visited":["Exordium"],"potions_floor_usage":[],"damage_taken":[{"damage":0,"enemies":"Cultist","floor":1,"turns":1},{"damage":0,"enemies":"Small Slimes","floor":2,"turns":1},{"damage":0,"enemies":"Jaw Worm","floor":4,"turns":1},{"damage":0,"enemies":"3 Sentries","floor":10,"turns":1}],"seed_played":"7970975539760223246","potions_obtained":[],"is_trial":false,"path_per_floor":["M","M","?","M","$","R","?","R","T","E"],"character_chosen":"PRAEFECT","items_purchased":["rmod:ridicule"],"campfire_rested":0,"item_purchase_floors":[5],"current_hp_per_floor":[75,75,75,75,75,75,75,75,75,75,75],"gold":11,"neow_bonus":"THREE_ENEMY_KILL","is_daily":false,"chose_seed":false,"campfire_upgraded":1,"win_rate":0.0,"timestamp":1614214520,"path_taken":["M","M","?","?","?","R","?","R","T","E"],"items_purchased_type":["Card"],"build_version":"2020-12-22","purchased_purges":0,"victory":false,"max_hp_per_floor":[75,75,75,75,75,75,75,75,75,75,75],"card_choices":[{"not_picked":["rmod:victimresponsibility","rmod:intelligenceanalysis"],"picked":"rmod:unsinkable","floor":1},{"not_picked":["rmod:fletcherpendant","rmod:victimresponsibility"],"picked":"rmod:unsinkable","floor":2},{"not_picked":["rmod:victimresponsibility","rmod:fletcherpendant","rmod:supportescort"],"picked":"SKIP","floor":4}],"player_experience":417800,"relics_obtained":[{"floor":3,"key":"Du-Vu Doll"},{"floor":9,"key":"Replay:Mystery Machine"}],"event_choices":[{"damage_healed":0,"gold_gain":0,"player_choice":"Relic","damage_taken":0,"max_hp_gain":0,"max_hp_loss":0,"event_name":"Wheel of Change","floor":3,"gold_loss":0},{"cards_removed":["rmod:unsinkable"],"damage_healed":0,"gold_gain":0,"player_choice":"Gave Card","damage_taken":0,"relics_obtained":["Regal Pillow"],"max_hp_gain":0,"max_hp_loss":0,"event_name":"WeMeetAgain","floor":7,"gold_loss":0}],"is_beta":false,"boss_relics":[],"items_purged_floors":[],"is_endless":false,"potions_floor_spawned":[],"killed_by":"3 Sentries","ascension_level":0}}