{"host":"3mt4w4o4jnuk8q1t","time":1614259809,"event":{"mods":["Act Like it!","BaseMod","Colored Map","Colored Powertips","Decade(王小明)","Gensokyo","GungeonMod","Hermit","Jedi Mod","Marisa（F雨　魔理沙）","Minty Spire (QoL Compilation)","Red Circlet Mod","Reimu（博丽灵梦）","Remilia（蕾米莉亚）","Replay The Spire","Robot Space Explorer","RumiaBox-露米娅的神秘盒子","Shop Mod","Spicy Shops","StSLib","TestMod","The Jungle","Waifu the Spire","Yakumo Yukari mod","Youmu（魂魄妖梦）","[IsaacMod]以撒尖塔","【功能Mod】混沌之环修复补丁","【功能Mod】聪明的最终Boss"],"gold_per_floor":[109,2,2,22,37,37,37,264,264,278,278,308,321,348,348,449,449],"floor_reached":16,"language":"ZHS","playtime":2230,"items_purged":[],"score":320,"play_id":"7830a2fe-466c-45b8-b2de-74bd06b3a940","local_time":"20210225213009","daily_mods":["SealedDeck","Heirloom","DeadlyEvents"],"is_ascension_mode":false,"campfire_choices":[{"data":"TurningAngelCut","floor":6,"key":"SMITH"},{"data":"IrresoluteSoul","floor":11,"key":"SMITH"},{"data":"SlashOfSaigyouSpringWind","floor":15,"key":"SMITH"}],"circlet_count":0,"master_deck":["EpicFetus","SlashOfDepartureFromHesitation","HellGodSword","IrresoluteSoul+1","TurningAngelCut+1","FiveSignsOfTheDyingDeva","HellGodSword","SlashOfAscensionToBuddhahood","HellFireSword","HellFireSword","SwordExtraction","HellFireSword","LotusPostureSlash","GhostSword+1","SwordOfBindingDesires","SlashOfSaigyouSpringWind+1","ThreeKonsSevenHakus","SpiritMediumsBind","EchoesOfTheInclemencyOfAllBeings","HeavenSword","HeavenSword+1","HeavenlyHaloSlash"],"relics":["HalfPhantom","replay:Trail_Library","HushsDoor","testmod-TestBox","testmod-Recursion","SteamSale","Bird Faced Urn","Baka2","Hakurouken","ChaoDraw","Strawberry","Garlic","DemoMod:GlassGuonStoneRelic","testmod-Justice"],"acts_visited":["Exordium"],"potions_floor_usage":[16],"damage_taken":[{"damage":3,"enemies":"Gensokyo:Python","floor":1,"turns":2},{"damage":0,"enemies":"Gensokyo:3_Fairies","floor":4,"turns":2},{"damage":2,"enemies":"Gensokyo:2_Kodama","floor":5,"turns":3},{"damage":18,"enemies":"Gensokyo:Cirno","floor":8,"turns":8},{"damage":0,"enemies":"Gensokyo:LivingMonolith","floor":10,"turns":2},{"damage":9,"enemies":"Gensokyo:Mamizou","floor":12,"turns":3},{"damage":0,"enemies":"Gensokyo:VengefulSpirit","floor":13,"turns":1},{"damage":0,"enemies":"Gensokyo:Cirno","floor":14,"turns":4},{"damage":0,"enemies":"Gensokyo:Yukari","floor":16,"turns":5}],"seed_played":"-7659068710837332875","potions_obtained":[{"floor":5,"key":"Adrenaline Potion"},{"floor":10,"key":"FearPotion"},{"floor":12,"key":"Explosive Potion"},{"floor":14,"key":"DemoMod:LeadSkinPotion"}],"is_trial":true,"path_per_floor":["M","COS","?","M","M","R","T","E","T","M","R","E","M","E","R","B"],"character_chosen":"YOUMU","items_purchased":[],"campfire_rested":0,"item_purchase_floors":[],"current_hp_per_floor":[72,72,72,75,75,75,75,71,71,73,73,77,82,82,82,82,82],"gold":449,"neow_bonus":"","is_daily":false,"chose_seed":false,"campfire_upgraded":3,"win_rate":0.0,"timestamp":1614259809,"path_taken":["M","COS","?","M","M","R","?","E","T","M","R","E","M","?","R","BOSS"],"items_purchased_type":[],"build_version":"2020-12-22","purchased_purges":0,"victory":false,"max_hp_per_floor":[75,75,75,75,75,75,75,82,82,82,82,82,82,82,82,82,82],"card_choices":[{"not_picked":[],"picked":"EpicFetus","floor":0},{"not_picked":["CrescentMoonSlash","CherryBlossomFlashing"],"picked":"HellFireSword","floor":1},{"not_picked":["LifeCuttingSword","KarmicPunishmentOfTheIdleAndUnfocused"],"picked":"LotusPostureSlash","floor":3},{"not_picked":["SpiritCuttingSword+1","ConstancyOfTheConventionalTruth+1"],"picked":"GhostSword+1","floor":4},{"not_picked":["FlashingScatteredFlowers","SpiritCuttingSword","LowerRealmReflectionSlash"],"picked":"SKIP","floor":4},{"not_picked":["CrescentMoonSlash","SanzenSekai"],"picked":"SwordOfBindingDesires","floor":5},{"not_picked":["WickedSoul","GreatEnlightenmentAppearingAndDisappearing"],"picked":"SlashOfSaigyouSpringWind","floor":8},{"not_picked":["SwordExtraction","FlashingScatteredFlowers"],"picked":"ThreeKonsSevenHakus","floor":8},{"not_picked":["SlashOfDepartureFromHesitation","FourBirthsSword"],"picked":"EchoesOfTheInclemencyOfAllBeings","floor":10},{"not_picked":["RapidSlash","SwordOfBindingDesires","FlashingScatteredFlowers"],"picked":"SKIP","floor":12},{"not_picked":["LifeCuttingSword","DispleasureOfTheSevenHakus"],"picked":"HeavenlyHaloSlash","floor":13},{"not_picked":["ConstancyOfTheConventionalTruth","FlashingScatteredFlowers","LifeCuttingSword"],"picked":"SKIP","floor":14}],"player_experience":244359,"relics_obtained":[{"floor":1,"key":"Baka"},{"floor":4,"key":"Baka2"},{"floor":7,"key":"Hakurouken"},{"floor":8,"key":"ChaoDraw"},{"floor":8,"key":"Strawberry"},{"floor":9,"key":"Garlic"},{"floor":14,"key":"testmod-Justice"}],"event_choices":[],"is_beta":false,"boss_relics":[],"items_purged_floors":[],"is_endless":true,"potions_floor_spawned":[5,10,12,14],"killed_by":"Gensokyo:Yukari","ascension_level":0}}