{"host":"o9lehcdjc4u6j9un","time":1614281411,"event":{"mods":["Aspiration","BaseMod","Better-Laid Plans","Bossed Relics","Colored Map","Hermit","Marisa£®ÏF”Í°°ƒß¿Ì…≥£©","Minty Spire (QoL Compilation)","StSLib","The Alterego","The Marked","The Runesmith"],"gold_per_floor":[117,35,48,60,60,95,20,20,20,47,65,75,75,87,87,87,87],"floor_reached":16,"language":"ZHS","playtime":519,"items_purged":["Strike_B"],"score":144,"play_id":"6091a9f1-1a7d-4f62-b6b1-0cb520330b5c","local_time":"20210226033011","is_ascension_mode":true,"campfire_choices":[{"data":"Creative AI","floor":8,"key":"SMITH"},{"data":"Zap","floor":13,"key":"SMITH"},{"data":"Dualcast","floor":15,"key":"SMITH"}],"circlet_count":0,"master_deck":["Strike_B","Strike_B","Strike_B","Defend_B","Defend_B","Defend_B","Defend_B","Zap+1","Dualcast+1","Beam Cell","Creative AI+1","Ball Lightning","Stack","Heatsinks","Conserve Battery","Barrage","Meteor Strike","Aggregate","Self Repair"],"relics":["Cracked Core","Ancient Tea Set","Mummified Hand","Bottled Lightning"],"acts_visited":["Exordium"],"potions_floor_usage":[10,11,16],"damage_taken":[{"damage":1,"enemies":"Cultist","floor":1,"turns":3},{"damage":1,"enemies":"2 Louse","floor":3,"turns":2},{"damage":11,"enemies":"Jaw Worm","floor":4,"turns":4},{"damage":46,"enemies":"Lagavulin","floor":6,"turns":9},{"damage":0,"enemies":"Gremlin Nob","floor":10,"turns":2},{"damage":11,"enemies":"Red Slaver","floor":11,"turns":2},{"damage":8,"enemies":"2 Fungi Beasts","floor":12,"turns":3},{"damage":0,"enemies":"Exordium Wildlife","floor":14,"turns":4},{"damage":4,"enemies":"Hexaghost","floor":16,"turns":4}],"seed_played":"-1002848548109294809","potions_obtained":[{"floor":3,"key":"FearPotion"},{"floor":4,"key":"Fire Potion"},{"floor":10,"key":"SkillPotion"},{"floor":14,"key":"SpeedPotion"}],"is_trial":false,"path_per_floor":["M","$","M","M","?","E","$","R","T","E","M","M","R","M","R","B"],"character_chosen":"DEFECT","items_purchased":["Creative AI"],"campfire_rested":0,"item_purchase_floors":[2],"current_hp_per_floor":[81,81,80,69,69,23,23,23,23,23,12,4,4,4,4,0,0],"gold":87,"neow_bonus":"TEN_PERCENT_HP_BONUS","is_daily":false,"chose_seed":false,"campfire_upgraded":3,"win_rate":0.0,"timestamp":1614281411,"path_taken":["M","$","M","?","?","E","?","R","T","E","M","M","R","M","R","BOSS"],"items_purchased_type":["Card"],"build_version":"2020-12-22","purchased_purges":1,"victory":false,"max_hp_per_floor":[82,82,82,82,82,82,82,82,82,82,82,82,82,82,82,82,82],"card_choices":[{"not_picked":["Ball Lightning","Stack"],"picked":"Beam Cell","floor":1},{"not_picked":["Compile Driver","Hello World","Hologram"],"picked":"SKIP","floor":3},{"not_picked":["Chaos","Barrage"],"picked":"Ball Lightning","floor":4},{"not_picked":["Undo","Rebound"],"picked":"Aggregate","floor":6},{"not_picked":["FTL","Streamline","Sunder"],"picked":"SKIP","floor":10},{"not_picked":["Storm","Creative AI","Hologram"],"picked":"SKIP","floor":11},{"not_picked":["Hologram","Stack","Defragment"],"picked":"SKIP","floor":12},{"not_picked":["Auto Shields","FTL"],"picked":"Self Repair","floor":14}],"player_experience":195396,"relics_obtained":[{"floor":6,"key":"Ancient Tea Set"},{"floor":9,"key":"Mummified Hand"},{"floor":10,"key":"Bottled Lightning"}],"event_choices":[],"is_beta":false,"boss_relics":[],"items_purged_floors":[7],"is_endless":false,"potions_floor_spawned":[3,4,10,14],"killed_by":"Hexaghost","ascension_level":1}}