{"host":"61r95uy0hn86b9iu","time":1614219179,"event":{"mods":["AchievementEnabler","BaseMod","Better Vampires","BetterRewards","Colored Powertips","Hubris","Minty Spire (QoL Compilation)","Shop Mod","StSLib"],"gold_per_floor":[119,44,44,64,74,102,102,102,102,133,133,163,183,83,83,176,176,190,23,73,34,84,100,100,150,150,150,181,196,209,226,226,297,297,315,326,101,151,219,219,230,241,241,256,256,282,41,41,41],"floor_reached":48,"language":"ENG","playtime":2585,"items_purged":["Strike_B","Injury","Strike_B"],"score":1277,"play_id":"10e338ec-8a4f-4941-9bce-5eb1ddd54ffe","local_time":"20210224201259","is_ascension_mode":true,"campfire_choices":[{"floor":7.0,"key":"REST"},{"floor":15.0,"key":"REST"},{"floor":24.0,"key":"REST"},{"floor":27.0,"key":"RECALL"},{"floor":32.0,"key":"REST"},{"floor":40,"key":"REST"},{"floor":45,"key":"REST"}],"circlet_count":0,"master_deck":["AscendersBane","Strike_B","Defend_B","Defend_B","Defend_B","Defend_B","Zap","Dualcast","Apotheosis+1","Sweeping Beam","hubris:PowerSurge","Coolheaded","Machine Learning","Reinforced Body","Leap","Conserve Battery","Rainbow","Static Discharge","Go for the Eyes","Capacitor","Defragment","Undo+1","Reboot","Chill","hubris:Ukulele+1","Magnetism","Barrage","Self Repair"],"relics":["Cracked Core","Ginger","hubris:Reverence","Bloody Idol","Emotion Chip","Art of War","SsserpentHead","Sozu","ClockworkSouvenir","Omamori","Pocketwatch","hubris:Potato","MerchantsRug","Question Card","hubris:RGBLights","Toolbox"],"acts_visited":["Exordium","TheCity","TheBeyond"],"potions_floor_usage":[],"damage_taken":[{"damage":0.0,"enemies":"2 Louse","floor":1.0,"turns":2.0},{"damage":0.0,"enemies":"Cultist","floor":4.0,"turns":3.0},{"damage":0.0,"enemies":"Small Slimes","floor":5.0,"turns":3.0},{"damage":24.0,"enemies":"Gremlin Nob","floor":6.0,"turns":4.0},{"damage":8.0,"enemies":"3 Sentries","floor":10.0,"turns":6.0},{"damage":0.0,"enemies":"Exordium Thugs","floor":12.0,"turns":4.0},{"damage":4.0,"enemies":"Blue Slaver","floor":13.0,"turns":4.0},{"damage":10.0,"enemies":"Hexaghost","floor":16.0,"turns":10.0},{"damage":11.0,"enemies":"2 Thieves","floor":18.0,"turns":3.0},{"damage":20.0,"enemies":"Shell Parasite","floor":23.0,"turns":6.0},{"damage":62.0,"enemies":"Gremlin Leader","floor":28.0,"turns":5.0},{"damage":0.0,"enemies":"Sentry and Sphere","floor":29.0,"turns":6.0},{"damage":0.0,"enemies":"3 Cultists","floor":30.0,"turns":5.0},{"damage":11.0,"enemies":"Chosen and Byrds","floor":31.0,"turns":6.0},{"damage":31.0,"enemies":"hubris:MusketHawk","floor":33.0,"turns":11.0},{"damage":14.0,"enemies":"Orb Walker","floor":35.0,"turns":5.0},{"damage":28,"enemies":"3 Darklings","floor":36,"turns":7},{"damage":0,"enemies":"Writhing Mass","floor":39,"turns":7},{"damage":23,"enemies":"Spire Growth","floor":41,"turns":6},{"damage":31,"enemies":"3 Darklings","floor":42,"turns":6},{"damage":0,"enemies":"4 Shapes","floor":44,"turns":8},{"damage":44,"enemies":"Nemesis","floor":46,"turns":7},{"damage":19,"enemies":"Spire Growth","floor":48,"turns":4}],"seed_played":"-821791567753974275","potions_obtained":[{"floor":1.0,"key":"SpeedPotion"},{"floor":4.0,"key":"LiquidBronze"},{"floor":5.0,"key":"Dexterity Potion"},{"floor":16.0,"key":"Regen Potion"}],"is_trial":false,"path_per_floor":["M","$","?","M","M","E","R","?","T","E","?","M","M","$","R","B",null,"M","$","?","$","?","M","R","?","T","R","E","M","M","M","R","B",null,"M","M","$","?","M","R","M","M","T","M","R","E","$","M"],"character_chosen":"DEFECT","items_purchased":["Apotheosis","hubris:PowerSurge","ClockworkSouvenir","Defragment","MerchantsRug","Magnetism","Toolbox"],"campfire_rested":6,"item_purchase_floors":[0,0,19,21,37,37,47],"current_hp_per_floor":[50,50,50,50,50,26,47,47,47,39,39,39,35,35,56,46,65,54,54,54,54,54,39,60,65,65,65,20,25,30,24,45,19,58,49,26,31,36,46,67,49,23,23,28,49,10,15,0,0],"gold":41,"neow_bonus":"","is_daily":false,"chose_seed":false,"campfire_upgraded":0,"win_rate":0.0,"timestamp":1614219179,"path_taken":["M","$","?","M","?","E","R","?","T","E","?","?","M","$","R","BOSS","M","$","?","?","?","M","R","?","T","R","E","M","M","M","R","BOSS","M","M","$","?","?","R","M","M","T","M","R","E","?","M"],"items_purchased_type":["Card","Card","Relic","Card","Relic","Card","Relic"],"build_version":"2020-12-22","purchased_purges":3,"victory":false,"max_hp_per_floor":[71,71,71,71,71,71,71,71,71,71,71,71,71,71,71,71,71,71,71,71,71,71,71,71,71,71,71,71,71,71,71,71,71,71,71,71,71,71,71,71,71,71,71,71,71,71,71,71,71],"card_choices":[{"not_picked":["Go for the Eyes","Force Field"],"picked":"Coolheaded","floor":1.0},{"not_picked":["Barrage","Stack"],"picked":"Leap","floor":4.0},{"not_picked":["Genetic Algorithm","BootSequence"],"picked":"Conserve Battery","floor":5.0},{"not_picked":["Hello World","Redo"],"picked":"Rainbow","floor":6.0},{"not_picked":["Coolheaded","Go for the Eyes"],"picked":"Static Discharge","floor":10.0},{"not_picked":["Sweeping Beam","Rebound"],"picked":"Go for the Eyes","floor":12.0},{"not_picked":["Hologram","Steam","Ball Lightning"],"picked":"SKIP","floor":13.0},{"not_picked":["Sweeping Beam","Coolheaded"],"picked":"Capacitor","floor":18.0},{"not_picked":["Leap","Gash"],"picked":"Undo+1","floor":23.0},{"not_picked":["FTL","Multi-Cast","Rebound+1"],"picked":"SKIP","floor":28.0},{"not_picked":["Rebound","Force Field+1","Gash"],"picked":"SKIP","floor":29.0},{"not_picked":["Skim","Go for the Eyes","Coolheaded"],"picked":"SKIP","floor":30.0},{"not_picked":["Beam Cell","Coolheaded+1","Hologram"],"picked":"SKIP","floor":31.0},{"not_picked":["Creative AI","Hyperbeam"],"picked":"Reboot","floor":33.0},{"not_picked":["Turbo","Compile Driver"],"picked":"Chill","floor":35.0},{"not_picked":["Static Discharge","Hologram"],"picked":"hubris:Ukulele+1","floor":36},{"not_picked":["Genetic Algorithm","Scrape"],"picked":"Barrage","floor":39},{"not_picked":["Leap","Go for the Eyes","Gash"],"picked":"SKIP","floor":41},{"not_picked":["Darkness","Recycle+1","Streamline+1"],"picked":"SKIP","floor":42},{"not_picked":["hubris:PowerSurge","Reprogram","hubris:Ukulele","Cold Snap"],"picked":"SKIP","floor":44},{"not_picked":["Compile Driver","Streamline","All For One"],"picked":"Self Repair","floor":46}],"player_experience":3400854,"relics_obtained":[{"floor":6.0,"key":"hubris:Reverence"},{"floor":9.0,"key":"Emotion Chip"},{"floor":10.0,"key":"Art of War"},{"floor":26.0,"key":"Omamori"},{"floor":28.0,"key":"Pocketwatch"},{"floor":43,"key":"Question Card"},{"floor":46,"key":"hubris:RGBLights"}],"event_choices":[{"damage_healed":0.0,"max_hp_gain":0.0,"max_hp_loss":0.0,"gold_gain":0.0,"event_name":"Match and Keep!","player_choice":"2 cards matched","floor":3.0,"gold_loss":0.0,"damage_taken":0.0,"cards_obtained":["Machine Learning","Reinforced Body"]},{"damage_healed":0.0,"max_hp_gain":0.0,"max_hp_loss":0.0,"gold_gain":0.0,"event_name":"Golden Idol","player_choice":"Take Wound","floor":8.0,"gold_loss":0.0,"damage_taken":0.0,"relics_obtained":["Golden Idol"],"cards_obtained":["Injury"]},{"damage_healed":0.0,"max_hp_gain":0.0,"max_hp_loss":0.0,"gold_gain":0.0,"event_name":"FaceTrader","player_choice":"Trade","floor":11.0,"gold_loss":0.0,"damage_taken":0.0,"relics_obtained":["SsserpentHead"]},{"cards_removed":["Strike_B"],"damage_healed":0.0,"max_hp_gain":0.0,"max_hp_loss":0.0,"gold_gain":0.0,"event_name":"Purifier","player_choice":"Purged","floor":20.0,"gold_loss":0.0,"damage_taken":0.0},{"damage_healed":0.0,"max_hp_gain":0.0,"max_hp_loss":0.0,"gold_gain":0.0,"event_name":"Forgotten Altar","player_choice":"Gave Idol","floor":22.0,"relics_lost":["Golden Idol"],"gold_loss":0.0,"damage_taken":0.0,"relics_obtained":["Bloody Idol"]},{"damage_healed":0,"gold_gain":0,"player_choice":"Upgraded","damage_taken":0,"max_hp_gain":0,"max_hp_loss":0,"event_name":"Upgrade Shrine","floor":38,"gold_loss":0,"cards_upgraded":["Apotheosis"]}],"is_beta":false,"boss_relics":[{"not_picked":["Tiny House","Black Star"],"picked":"Sozu"},{"not_picked":["Runic Dome","hubris:RunicObelisk"],"picked":"hubris:Backtick"}],"items_purged_floors":[2,14,47],"is_endless":false,"potions_floor_spawned":[1,4,5,16,18,28,30,35,41,42],"killed_by":"Spire Growth","ascension_level":19}}