{"host":"prxrhpgaxnj4om9r","time":1614223561,"event":{"mods":["AchievementEnabler","BaseMod","Colored Map","DeckTracker","Minty Spire (QoL Compilation)"],"gold_per_floor":[114,132,152,152,167,167,197,272,295,305,337,337,337,347,347,450,450,460,460,477,477,133,133,159,169,218,218,70,85,100,24,24,126,126,142,194,194,5,23,23,43,43,43,60,70,70,83,183,183,183,183],"floor_reached":50,"language":"KOR","playtime":2193,"items_purged":[],"score":676,"play_id":"756c5037-0a6e-45c1-bbef-3674ec512a4e","local_time":"20210225122601","is_ascension_mode":true,"campfire_choices":[{"data":"Distraction","floor":6.0,"key":"SMITH"},{"floor":12.0,"key":"REST"},{"data":"Mind Blast","floor":15.0,"key":"SMITH"},{"floor":23.0,"key":"REST"},{"floor":32,"key":"REST"},{"floor":40,"key":"REST"},{"floor":42,"key":"REST"},{"floor":49,"key":"REST"}],"circlet_count":0,"master_deck":["Strike_G","Strike_G","Strike_G","Strike_G","Strike_G","Defend_G","Defend_G","Defend_G","Defend_G","Survivor","Neutralize","Distraction+1","PiercingWail","Masterful Stab","Skewer","Poisoned Stab","Blade Dance","Deadly Poison","Caltrops","Mind Blast+1","Adrenaline","Backflip","Footwork+1","Backstab","Sucker Punch","Discovery","Escape Plan","Riddle With Holes+1","Deflect","Acrobatics+1","Storm of Steel","Expertise+1","Distraction+1","Poisoned Stab","Cloak And Dagger+1","Caltrops+1","Footwork+1","Dodge and Roll+1","Blur","Bane+1","Enlightenment","Accuracy"],"relics":["Ring of the Snake","Vajra","Odd Mushroom","Boot","Bag of Marbles","Fusion Hammer","Bottled Tornado","Ninja Scroll","CaptainsWheel","Dream Catcher","Calipers","Membership Card","Strange Spoon","SacredBark","Tingsha","HornCleat","TwistedFunnel","Bronze Scales","Kunai"],"acts_visited":["Exordium","TheCity","TheBeyond"],"potions_floor_usage":[33,33,36,45,50,50],"damage_taken":[{"damage":0.0,"enemies":"Cultist","floor":1.0,"turns":4.0},{"damage":0.0,"enemies":"2 Louse","floor":2.0,"turns":3.0},{"damage":0.0,"enemies":"Small Slimes","floor":3.0,"turns":4.0},{"damage":0.0,"enemies":"3 Louse","floor":5.0,"turns":3.0},{"damage":0.0,"enemies":"The Mushroom Lair","floor":7.0,"turns":1.0},{"damage":3.0,"enemies":"Red Slaver","floor":10.0,"turns":2.0},{"damage":27.0,"enemies":"3 Sentries","floor":11.0,"turns":5.0},{"damage":6.0,"enemies":"Exordium Wildlife","floor":14.0,"turns":2.0},{"damage":21.0,"enemies":"Slime Boss","floor":16.0,"turns":7.0},{"damage":0.0,"enemies":"Chosen","floor":18.0,"turns":3.0},{"damage":0.0,"enemies":"Spheric Guardian","floor":20.0,"turns":1.0},{"damage":13.0,"enemies":"Book of Stabbing","floor":24.0,"turns":3.0},{"damage":0.0,"enemies":"Snake Plant","floor":25.0,"turns":2.0},{"damage":24.0,"enemies":"Shelled Parasite and Fungi","floor":29.0,"turns":3.0},{"damage":1,"enemies":"Centurion and Healer","floor":30,"turns":3},{"damage":31,"enemies":"Collector","floor":33,"turns":9},{"damage":39,"enemies":"3 Darklings","floor":35,"turns":8},{"damage":6,"enemies":"2 Orb Walkers","floor":36,"turns":3},{"damage":0,"enemies":"3 Shapes","floor":39,"turns":2},{"damage":0,"enemies":"Sphere and 2 Shapes","floor":41,"turns":3},{"damage":13,"enemies":"Spire Growth","floor":44,"turns":3},{"damage":0,"enemies":"Transient","floor":45,"turns":5},{"damage":0,"enemies":"Maw","floor":47,"turns":6},{"damage":66,"enemies":"Time Eater","floor":50,"turns":9}],"seed_played":"-5690856288116248008","potions_obtained":[{"floor":2.0,"key":"Energy Potion"},{"floor":3.0,"key":"Poison Potion"},{"floor":16.0,"key":"Explosive Potion"},{"floor":18.0,"key":"Energy Potion"},{"floor":20.0,"key":"Strength Potion"},{"floor":30,"key":"Dexterity Potion"},{"floor":33,"key":"DuplicationPotion"},{"floor":36,"key":"BlessingOfTheForge"},{"floor":39,"key":"Explosive Potion"}],"is_trial":false,"path_per_floor":["M","M","M","?","M","R","?","?","T","M","E","R","?","M","R","B",null,"M","?","M","T","$","R","E","M","T","T","$","M","M","$","R","B",null,"M","?","?","$","M","R","M","R","T","M","M","?","M","?","R","B"],"character_chosen":"THE_SILENT","items_purchased":["Ninja Scroll","Discovery","Membership Card","Strange Spoon","TwistedFunnel","Bronze Scales","Fire Potion","Poisoned Stab"],"campfire_rested":6,"item_purchase_floors":[22,22,28,31,38,38,38,38],"current_hp_per_floor":[63,63,63,63,63,63,63,52,52,49,22,43,43,37,37,16,57,57,57,57,57,57,70,57,57,57,57,57,33,32,32,53,22,58,19,13,13,13,13,34,34,55,55,42,42,42,42,42,63,0,0],"gold":183,"neow_bonus":"RANDOM_COMMON_RELIC","is_daily":false,"chose_seed":false,"campfire_upgraded":2,"win_rate":0.0,"timestamp":1614223561,"path_taken":["M","?","M","?","?","R","?","?","T","M","E","R","?","M","R","BOSS","M","?","M","?","?","R","E","M","T","?","$","M","M","$","R","BOSS","M","?","?","$","?","R","M","R","T","M","M","?","M","?","R","BOSS"],"items_purchased_type":["Relic","Card","Relic","Relic","Relic","Relic","Potion","Card"],"build_version":"2020-12-22","purchased_purges":0,"victory":false,"max_hp_per_floor":[70,70,70,70,70,70,70,70,70,70,70,70,70,70,70,70,70,70,70,70,70,70,70,70,70,70,70,70,70,70,70,70,70,70,70,70,70,70,70,70,70,70,70,70,70,70,70,70,70,70,70],"card_choices":[{"not_picked":["Cloak And Dagger","Acrobatics"],"picked":"Distraction","floor":1.0},{"not_picked":["Underhanded Strike","Dash"],"picked":"PiercingWail","floor":2.0},{"not_picked":["Bane","Setup"],"picked":"Masterful Stab","floor":3.0},{"not_picked":["Cloak And Dagger","Deflect"],"picked":"Poisoned Stab","floor":5.0},{"not_picked":["Expertise","Sucker Punch"],"picked":"Blade Dance","floor":7.0},{"not_picked":["Bane","Expertise"],"picked":"Deadly Poison","floor":10.0},{"not_picked":["Reflex","Concentrate"],"picked":"Caltrops","floor":11.0},{"not_picked":["Malaise","Bouncing Flask"],"picked":"Backflip","floor":14.0},{"not_picked":["Unload","Night Terror"],"picked":"Envenom","floor":16.0},{"not_picked":["Bane","Poisoned Stab"],"picked":"Footwork+1","floor":18.0},{"not_picked":["Leg Sweep","Infinite Blades"],"picked":"Sucker Punch","floor":20.0},{"not_picked":["Cloak And Dagger","Accuracy","Dodge and Roll"],"picked":"SKIP","floor":24.0},{"not_picked":["Prepared+1","Blade Dance"],"picked":"Escape Plan","floor":25.0},{"not_picked":["Deflect","Tactician"],"picked":"Riddle With Holes+1","floor":29.0},{"not_picked":["Poisoned Stab","Underhanded Strike"],"picked":"Deflect","floor":30},{"not_picked":["Deflect","Predator"],"picked":"Acrobatics+1","floor":32},{"not_picked":["Unload","Grand Finale"],"picked":"Storm of Steel","floor":33},{"not_picked":["Well Laid Plans+1","Concentrate"],"picked":"Expertise+1","floor":35},{"not_picked":["Acrobatics+1","Deadly Poison+1"],"picked":"Distraction+1","floor":36},{"not_picked":["Deadly Poison","Choke"],"picked":"Cloak And Dagger+1","floor":39},{"not_picked":["Poisoned Stab+1","Backflip+1"],"picked":"Caltrops+1","floor":40},{"not_picked":["Flying Knee+1","Deadly Poison"],"picked":"Footwork+1","floor":41},{"not_picked":["Deadly Poison+1","Bane"],"picked":"Dodge and Roll+1","floor":42},{"not_picked":["Eviscerate","Doppelganger"],"picked":"Blur","floor":44},{"not_picked":["Deadly Poison+1","Acrobatics+1"],"picked":"Bane+1","floor":45},{"not_picked":["Mayhem","Forethought"],"picked":"Enlightenment","floor":46},{"not_picked":["Bane","Deadly Poison","Infinite Blades+1"],"picked":"SKIP","floor":47},{"not_picked":["Riddle With Holes+1","Sucker Punch+1"],"picked":"Accuracy","floor":49}],"player_experience":640512,"relics_obtained":[{"floor":7.0,"key":"Odd Mushroom"},{"floor":9.0,"key":"Boot"},{"floor":11.0,"key":"Bag of Marbles"},{"floor":21.0,"key":"Bottled Tornado"},{"floor":24.0,"key":"CaptainsWheel"},{"floor":26.0,"key":"Dream Catcher"},{"floor":27.0,"key":"Calipers"},{"floor":36,"key":"Tingsha"},{"floor":43,"key":"Kunai"}],"event_choices":[{"damage_healed":0.0,"max_hp_gain":0.0,"max_hp_loss":0.0,"gold_gain":0.0,"cards_transformed":["Defend_G"],"event_name":"Transmorgrifier","player_choice":"Transformed","floor":4.0,"gold_loss":0.0,"damage_taken":0.0,"cards_obtained":["Skewer"]},{"damage_healed":0.0,"max_hp_gain":0.0,"max_hp_loss":0.0,"gold_gain":0.0,"event_name":"Mushrooms","player_choice":"Fought Mushrooms","floor":7.0,"gold_loss":0.0,"damage_taken":0.0},{"damage_healed":0.0,"max_hp_gain":0.0,"max_hp_loss":0.0,"gold_gain":75.0,"event_name":"World of Goop","player_choice":"Gather Gold","floor":8.0,"gold_loss":0.0,"damage_taken":11.0},{"damage_healed":0.0,"max_hp_gain":0.0,"max_hp_loss":0.0,"gold_gain":0.0,"event_name":"Match and Keep!","player_choice":"2 cards matched","floor":13.0,"gold_loss":0.0,"damage_taken":0.0,"cards_obtained":["Mind Blast","Adrenaline"]},{"damage_healed":0.0,"max_hp_gain":0.0,"max_hp_loss":0.0,"gold_gain":0.0,"event_name":"The Library","player_choice":"Read","floor":19.0,"gold_loss":0.0,"damage_taken":0.0,"cards_obtained":["Backstab"]},{"damage_healed":0,"gold_gain":0,"player_choice":"Fight","damage_taken":0,"max_hp_gain":0,"max_hp_loss":0,"event_name":"Mysterious Sphere","floor":36,"gold_loss":0},{"cards_removed":["Envenom"],"damage_healed":0,"gold_gain":0,"player_choice":"Gave Card","damage_taken":0,"relics_obtained":["HornCleat"],"max_hp_gain":0,"max_hp_loss":0,"event_name":"WeMeetAgain","floor":37,"gold_loss":0},{"damage_healed":0,"gold_gain":0,"player_choice":"Memory 1","damage_taken":0,"max_hp_gain":0,"max_hp_loss":0,"event_name":"SensoryStone","floor":46,"gold_loss":0},{"damage_healed":0,"gold_gain":100,"player_choice":"Pray","damage_taken":0,"max_hp_gain":0,"max_hp_loss":0,"event_name":"Golden Shrine","floor":48,"gold_loss":0}],"is_beta":false,"boss_relics":[{"not_picked":["Sozu","Runic Dome"],"picked":"Fusion Hammer"},{"not_picked":["Busted Crown","Astrolabe"],"picked":"SacredBark"}],"items_purged_floors":[],"is_endless":false,"potions_floor_spawned":[2,3,16,18,20,30,33,36,39],"killed_by":"Time Eater","ascension_level":7}}