{"host":"8zzc9mdnfkdiyxma","time":1614269992,"event":{"mods":["2.2 Compatiblity","BaseMod","Better Altar","Better Match","Better Note","Better Sensory Stone","Better Skull","Better Third Choice","Better Vampires","Colored Map","Colored Powertips","Dark Map","Emptier Cage","Energized Spire","Extra Virgin Snecko Oil","Halation","Hubris","Minty Spire (QoL Compilation)","Monster B Gone","Permanent Neow","RNG Fix","Rare Cards Sparkle","Relic Filter","Reliquary","SacredBarkPlus","Smile Girya","StSLib","Waifu the Spire"],"gold_per_floor":[111,111,111,128,138,166,185,185,185,185,9,9,19,34,34,113,113,124,124,135,135,135,135,153,153,153,153,179,179,179,179],"floor_reached":30,"language":"ENG","playtime":1381,"items_purged":["Strike_B"],"score":496,"play_id":"ebdbf3fc-b9de-475c-aa7e-405a1c25d5db","local_time":"20210225111952","is_ascension_mode":true,"campfire_choices":[{"data":"Discovery","floor":10,"key":"SMITH"},{"data":"Zap","floor":12,"key":"SMITH"},{"data":"Sunder","floor":15,"key":"SMITH"},{"floor":25,"key":"REST"},{"floor":27,"key":"REST"},{"floor":29,"key":"REST"}],"circlet_count":0,"master_deck":["AscendersBane","Strike_B","Strike_B","Strike_B","Defend_B","Defend_B","Defend_B","Defend_B","Zap+1","Dualcast+1","Discovery+1","Rage+1","Ball Lightning","Rainbow","FTL","White Noise","Flash of Steel","Genetic Algorithm","Sunder+1","All For One","Loop+1","Gash","Writhe","Cold Snap+1","Beam Cell"],"relics":["Cracked Core","TheAbacus","reliquary:BoilingFlask","halation:EternalFortune","Mummified Hand","hubris:RunicObelisk","Cables","reliquary:Sod","InkBottle"],"acts_visited":["Exordium","TheCity"],"potions_floor_usage":[5,6,16,24,28],"damage_taken":[{"damage":9,"enemies":"Jaw Worm","floor":1,"turns":4},{"damage":0,"enemies":"Cultist","floor":4,"turns":3},{"damage":0,"enemies":"Small Slimes","floor":5,"turns":2},{"damage":11,"enemies":"Gremlin Nob","floor":6,"turns":3},{"damage":4,"enemies":"2 Fungi Beasts","floor":7,"turns":3},{"damage":0,"enemies":"Exordium Wildlife","floor":13,"turns":2},{"damage":7,"enemies":"Blue Slaver","floor":14,"turns":3},{"damage":12,"enemies":"Hexaghost","floor":16,"turns":8},{"damage":30,"enemies":"2 Thieves","floor":18,"turns":4},{"damage":0,"enemies":"Chosen","floor":20,"turns":2},{"damage":26,"enemies":"Centurion and Healer","floor":24,"turns":6},{"damage":58,"enemies":"Slavers","floor":28,"turns":10},{"damage":33,"enemies":"Snake Plant","floor":30,"turns":2}],"seed_played":"-6690101036138636680","potions_obtained":[{"floor":4,"key":"DistilledChaos"},{"floor":5,"key":"Fruit Juice"},{"floor":7,"key":"FocusPotion"},{"floor":20,"key":"Weak Potion"},{"floor":24,"key":"FocusPotion"}],"is_trial":false,"path_per_floor":["M","?","?","M","M","E","M","?","T","R","$","R","M","M","R","B",null,"M","?","M","?","?","T","M","R","T","R","E","R","M"],"character_chosen":"DEFECT","items_purchased":["Flash of Steel"],"campfire_rested":3,"item_purchase_floors":[11],"current_hp_per_floor":[55,55,44,44,49,38,34,37,37,37,37,37,37,30,30,21,67,37,37,37,37,33,33,10,35,35,60,2,27,0,0],"gold":179,"neow_bonus":"RANDOM_COLORLESS","is_daily":false,"chose_seed":false,"campfire_upgraded":3,"win_rate":0.0,"timestamp":1614269992,"path_taken":["M","?","?","?","?","E","M","?","T","R","?","R","?","M","R","BOSS","M","?","?","?","?","?","M","R","T","R","E","R","M"],"items_purchased_type":["Card"],"build_version":"2020-12-22","purchased_purges":1,"victory":false,"max_hp_per_floor":[71,71,71,71,76,76,76,79,79,79,79,79,79,79,79,82,82,82,82,82,82,82,82,85,85,85,85,85,85,85,85],"card_choices":[{"not_picked":["PanicButton","Mind Blast"],"picked":"Discovery","floor":0},{"not_picked":["Turbo","Redo","Aggregate"],"picked":"SKIP","floor":1},{"not_picked":["Go for the Eyes","Barrage"],"picked":"Ball Lightning","floor":4},{"not_picked":["Gash","Coolheaded"],"picked":"Rainbow","floor":5},{"not_picked":["Stack","Static Discharge"],"picked":"FTL","floor":6},{"not_picked":["Sweeping Beam","Auto Shields"],"picked":"White Noise","floor":7},{"not_picked":["Streamline","Undo"],"picked":"Genetic Algorithm","floor":13},{"not_picked":["Darkness","Redo"],"picked":"Sunder","floor":14},{"not_picked":["Seek","Amplify"],"picked":"All For One","floor":16},{"not_picked":["Conserve Battery","Aggregate+1"],"picked":"Loop+1","floor":18},{"not_picked":["Coolheaded","Aggregate"],"picked":"Gash","floor":20},{"not_picked":["Rebound","Blizzard"],"picked":"Cold Snap+1","floor":24},{"not_picked":["hubris:SpecializedCircuitry","Barrage"],"picked":"Beam Cell","floor":28}],"player_experience":1026035,"relics_obtained":[{"floor":6,"key":"reliquary:BoilingFlask"},{"floor":9,"key":"Mummified Hand"},{"floor":16,"key":"halation:EternalFortune"},{"floor":24,"key":"halation:EternalFortune"},{"floor":26,"key":"reliquary:Sod"},{"floor":28,"key":"InkBottle"}],"event_choices":[{"cards_removed":["Discovery"],"damage_healed":0,"gold_gain":0,"player_choice":"Take \u0026 Give","damage_taken":0,"max_hp_gain":0,"max_hp_loss":0,"event_name":"betterNote:BetterNote","floor":2,"gold_loss":0,"cards_obtained":["Rage"]},{"damage_healed":0,"gold_gain":0,"player_choice":"Relic ","damage_taken":11,"max_hp_gain":0,"max_hp_loss":0,"event_name":"betterThird:BetterScrap","floor":3,"gold_loss":0,"cards_obtained":["Feel No Pain"]},{"damage_healed":0,"gold_gain":0,"player_choice":"Opened","damage_taken":0,"relics_obtained":["Cables"],"max_hp_gain":0,"max_hp_loss":0,"event_name":"The Mausoleum","floor":21,"gold_loss":0,"cards_obtained":["Writhe"]},{"damage_healed":0,"gold_gain":0,"player_choice":"","damage_taken":4,"relics_obtained":[],"max_hp_gain":0,"max_hp_loss":0,"event_name":"betterSkull:BetterSkull","floor":22,"gold_loss":0,"cards_upgraded":[]}],"is_beta":false,"boss_relics":[{"not_picked":["hubris:BlackHole","reliquary:WritOfMandamus"],"picked":"hubris:RunicObelisk"}],"items_purged_floors":[11],"is_endless":false,"potions_floor_spawned":[4,5,7,20,24],"killed_by":"Snake Plant","ascension_level":20}}