{"host":"2lpgcsidu5xufd3q","time":1614233970,"event":{"mods":["BaseMod","Colored Map","Hubris","Minty Spire (QoL Compilation)","Quick Restart","Replay The Spire","StSLib"],"gold_per_floor":[113,188,188,203,203,203,229,229,307,307,307],"floor_reached":10,"language":"ENG","playtime":331,"items_purged":[],"score":67,"play_id":"6255e26f-89f4-4792-bbcb-1507ee65d7ce","local_time":"20210225011930","is_ascension_mode":true,"campfire_choices":[{"floor":6.0,"key":"REST"},{"floor":8.0,"key":"DIG"}],"circlet_count":0,"master_deck":["Strike_P","Strike_P+1","Strike_P","Strike_P","Defend_P","Defend_P","Defend_P","Defend_P","Eruption","Vigilance","Crescendo","ClearTheMind","EmptyFist"],"relics":["PureWater","Gremlin Food","Mango","Shovel","Omamori"],"acts_visited":["Exordium"],"potions_floor_usage":[],"damage_taken":[{"damage":0.0,"enemies":"Jaw Worm","floor":1.0,"turns":2.0},{"damage":30.0,"enemies":"Small Slimes","floor":4.0,"turns":3.0},{"damage":16.0,"enemies":"Gremlin Nob","floor":7.0,"turns":3.0},{"damage":49,"enemies":"Lagavulin","floor":10,"turns":4}],"seed_played":"6746031536987181097","potions_obtained":[{"floor":4.0,"key":"Strength Potion"}],"is_trial":false,"path_per_floor":["M","?","$","M","?","R","E","R","T","E"],"character_chosen":"WATCHER","items_purchased":[],"campfire_rested":1,"item_purchase_floors":[],"current_hp_per_floor":[72,61,61,31,38,63,47,47,47,0,0],"gold":307,"neow_bonus":"RANDOM_COMMON_RELIC","is_daily":false,"chose_seed":false,"campfire_upgraded":0,"win_rate":0.0,"timestamp":1614233970,"path_taken":["M","?","$","M","?","R","E","R","T","E"],"items_purchased_type":[],"build_version":"2020-12-22","purchased_purges":0,"victory":false,"max_hp_per_floor":[72,72,72,72,86,86,86,86,86,86,86],"card_choices":[{"not_picked":["CutThroughFate","Pray"],"picked":"Crescendo","floor":1.0},{"not_picked":["Replay:AtTheReady","EmptyFist"],"picked":"ClearTheMind","floor":4.0},{"not_picked":["Replay:ManipulateFuture","Crescendo"],"picked":"EmptyFist","floor":7.0}],"player_experience":928817,"relics_obtained":[{"floor":7.0,"key":"Shovel"},{"floor":8.0,"key":"Omamori"}],"event_choices":[{"damage_healed":0.0,"max_hp_gain":0.0,"max_hp_loss":0.0,"gold_gain":75.0,"event_name":"World of Goop","player_choice":"Gather Gold","floor":2.0,"gold_loss":0.0,"damage_taken":11.0},{"damage_healed":0.0,"max_hp_gain":0.0,"max_hp_loss":0.0,"gold_gain":0.0,"event_name":"Scrap Ooze","player_choice":"Success","floor":5.0,"gold_loss":0.0,"damage_taken":7.0,"relics_obtained":["Mango"]}],"is_beta":false,"boss_relics":[],"items_purged_floors":[],"is_endless":false,"potions_floor_spawned":[4],"killed_by":"Lagavulin","ascension_level":1}}