{"host":"kh6fvhxn285ncg0o","time":1614213258,"event":{"mods":["Act Like it!","BaseMod","Colored Map","Friendly Minions","Keyboard Shortcuts","Minty Spire (QoL Compilation)","Quick Restart","Relic Stats","StSLib","SuperFastMode","UnlockEverythingMod"],"gold_per_floor":[117,131,206,306,10,35,35,48,48,82,82,92,123,123,123,123,123],"floor_reached":16,"language":"KOR","playtime":368,"items_purged":["Strike_R"],"score":236,"play_id":"db67326a-1b73-4ba3-bc5d-b207790ced86","local_time":"20210225093418","is_ascension_mode":true,"campfire_choices":[{"data":"Body Slam","floor":7,"key":"SMITH"},{"data":"Disarm","floor":11,"key":"SMITH"},{"data":"True Grit","floor":15,"key":"SMITH"}],"circlet_count":0,"master_deck":["AscendersBane","Strike_R","Strike_R","Defend_R","Defend_R","Defend_R","Defend_R","Bash","Impervious","Disarm+1","Body Slam+1","Dual Wield","Evolve","Feel No Pain","True Grit+1"],"relics":["Burning Blood","Anchor","Mummified Hand","Gremlin Horn","Torii","Juzu Bracelet"],"acts_visited":["Exordium"],"potions_floor_usage":[6,6,16],"damage_taken":[{"damage":27,"enemies":"Jaw Worm","floor":1,"turns":10},{"damage":0,"enemies":"Cultist","floor":2,"turns":3},{"damage":8,"enemies":"Gremlin Nob","floor":6,"turns":4},{"damage":0,"enemies":"2 Louse","floor":8,"turns":4},{"damage":5,"enemies":"3 Sentries","floor":10,"turns":7},{"damage":10,"enemies":"Exordium Wildlife","floor":12,"turns":7},{"damage":26,"enemies":"Lagavulin","floor":13,"turns":10},{"damage":31,"enemies":"The Guardian","floor":16,"turns":2}],"seed_played":"-3082883899279308606","potions_obtained":[{"floor":1,"key":"GamblersBrew"},{"floor":6,"key":"Explosive Potion"}],"is_trial":false,"path_per_floor":["M","M","?","?","$","E","R","M","T","E","R","M","E","?","R","B"],"character_chosen":"IRONCLAD","items_purchased":["Anchor","Explosive Potion"],"campfire_rested":0,"item_purchase_floors":[5,5],"current_hp_per_floor":[47,53,42,42,42,40,40,46,46,47,47,43,23,23,23,0,0],"gold":123,"neow_bonus":"TRANSFORM_TWO_CARDS","is_daily":false,"chose_seed":false,"campfire_upgraded":3,"win_rate":0.0,"timestamp":1614213258,"path_taken":["M","M","?","?","$","E","R","?","T","E","R","M","E","?","R","BOSS"],"items_purchased_type":["Relic","Potion"],"build_version":"2020-12-22","purchased_purges":1,"victory":false,"max_hp_per_floor":[68,68,68,68,68,68,68,68,68,68,68,68,68,68,68,68,68],"relic_stats":{"Gremlin Horn":[3,3],"Torii":2,"counters":[8,47],"Mummified Hand":[7],"Juzu Bracelet":0,"obtain_stats":[{"Anchor":5,"Gremlin Horn":9,"Torii":10,"Mummified Hand":6,"Juzu Bracelet":13,"Burning Blood":0},{"Anchor":2,"Gremlin Horn":4,"Torii":5,"Mummified Hand":3,"Juzu Bracelet":7,"Burning Blood":0},{"Anchor":13,"Gremlin Horn":21,"Torii":28,"Mummified Hand":17,"Juzu Bracelet":45,"Burning Blood":0}],"Burning Blood":42},"card_choices":[{"not_picked":["Ghostly Armor","Combust"],"picked":"Body Slam","floor":1},{"not_picked":["Infernal Blade","Rupture"],"picked":"Dual Wield","floor":6},{"not_picked":["Wild Strike","Blood for Blood"],"picked":"Evolve","floor":8},{"not_picked":["Cleave","Rampage","Sword Boomerang"],"picked":"SKIP","floor":10},{"not_picked":["Perfected Strike","Sword Boomerang"],"picked":"Feel No Pain","floor":12},{"not_picked":["Anger","Evolve"],"picked":"True Grit","floor":13}],"player_experience":1517325,"relics_obtained":[{"floor":6,"key":"Mummified Hand"},{"floor":9,"key":"Gremlin Horn"},{"floor":10,"key":"Torii"},{"floor":13,"key":"Juzu Bracelet"}],"event_choices":[{"damage_healed":0,"gold_gain":75,"player_choice":"Gather Gold","damage_taken":11,"max_hp_gain":0,"max_hp_loss":0,"event_name":"World of Goop","floor":3,"gold_loss":0},{"damage_healed":0,"gold_gain":100,"player_choice":"Gold","damage_taken":0,"max_hp_gain":0,"max_hp_loss":0,"event_name":"Wheel of Change","floor":4,"gold_loss":0},{"damage_healed":0,"gold_gain":0,"player_choice":"Ignored","damage_taken":0,"max_hp_gain":0,"max_hp_loss":0,"event_name":"Liars Game","floor":14,"gold_loss":0}],"is_beta":false,"boss_relics":[],"items_purged_floors":[5],"is_endless":false,"potions_floor_spawned":[1,6],"killed_by":"The Guardian","ascension_level":20}}