{"host":"bun66rhxl4zngnso","time":1614223277,"event":{"mods":["2.2 Compatiblity","AchievementEnabler","Act Like it!","Arknights","BaseMod","KOR Keyword Fix","KinomotoSakuraMod(ÙÊñýÜâ?)","Koishi","Marisa£¨Ùöéë¡¡Øª×âÞÞ£©","Minty Spire (QoL Compilation)","Permanent Neow","Reimu£¨ÚÏ???£©","Remilia£¨?Ú·×é?£©","StSLib","SuperFastMode","The Runesmith","The Servant 0.9.4","Youmu£¨ûëÛÞèí?£©"],"gold_per_floor":[116,127,140,140,140,178,196,196,196,214,233,233,258,258,258,377,377,356,356,374,0,0,0],"floor_reached":22,"language":"KOR","playtime":1286,"items_purged":[],"score":188,"play_id":"05bc3ce7-4ebe-4075-826b-55619fce92bc","local_time":"20210225122117","is_ascension_mode":false,"campfire_choices":[{"floor":8,"key":"REST"},{"floor":12,"key":"REST"},{"floor":15,"key":"REST"}],"circlet_count":0,"master_deck":["Strike_YM","Strike_YM","Strike_YM","Defend_YM","Defend_YM+1","Defend_YM","Defend_YM","SlashOfPresentWorld","WheelOfPainOfLivingAndDead+1","PhosphoricSlash","SuddenDivineSeveringOfKarmicWind","LifeCuttingSword","CherryBlossomFlashing","FlashingScatteredFlowers","LowerRealmReflectionSlash","SlashOfAscensionToBuddhahood","StrangeHalfBody","SanzenSekai","ThreeKonsSevenHakus+1","HeavenGodSword","SpiderLilyBurial","SuddenPhantomFormationSlashOfKarmicWind","SwordOfBindingDesires","CherryBlossomFlashing"],"relics":["HalfPhantom","Golden Idol","Potion Belt","Dream Catcher","Black Star","War Paint","HandDrill"],"acts_visited":["Exordium","TheCity"],"potions_floor_usage":[6,7,13,18,20],"damage_taken":[{"damage":1.0,"enemies":"Jaw Worm","floor":1.0,"turns":6.0},{"damage":0.0,"enemies":"2 Louse","floor":2.0,"turns":2.0},{"damage":4.0,"enemies":"Cultist","floor":3.0,"turns":4.0},{"damage":42,"enemies":"Lagavulin","floor":6,"turns":9},{"damage":8,"enemies":"2 Fungi Beasts","floor":7,"turns":5},{"damage":5,"enemies":"Looter","floor":10,"turns":3},{"damage":5,"enemies":"Red Slaver","floor":11,"turns":5},{"damage":0,"enemies":"Large Slime","floor":13,"turns":4},{"damage":44,"enemies":"The Guardian","floor":16,"turns":16},{"damage":37,"enemies":"2 Thieves","floor":18,"turns":5},{"damage":32,"enemies":"Shell Parasite","floor":20,"turns":8},{"damage":57,"enemies":"3 Cultists","floor":22,"turns":4}],"seed_played":"3171581495637527992","potions_obtained":[{"floor":3.0,"key":"ZuzhouPotion:ReiMu"},{"floor":6,"key":"CausticAgent"},{"floor":11,"key":"ColorlessPotion"},{"floor":16,"key":"SteroidPotion"},{"floor":18,"key":"Fire Potion"}],"is_trial":false,"path_per_floor":["M","M","M","?","?","E","M","R","T","M","M","R","M","?","R","B",null,"M","?","M","$","M"],"character_chosen":"YOUMU","items_purchased":["War Paint","SwordOfBindingDesires","CherryBlossomFlashing","HandDrill"],"campfire_rested":3,"item_purchase_floors":[21,21,21,21],"current_hp_per_floor":[74,74,70,70,52,10,2,24,24,19,14,36,36,36,58,14,75,38,85,53,53,0,0],"gold":0,"neow_bonus":"UPGRADE_CARD","is_daily":false,"chose_seed":false,"campfire_upgraded":0,"win_rate":0.0,"timestamp":1614223277,"path_taken":["M","M","M","?","?","E","M","R","T","M","M","R","M","?","R","BOSS","M","?","M","$","M"],"items_purchased_type":["Relic","Card","Card","Relic"],"build_version":"2020-12-22","purchased_purges":0,"victory":false,"max_hp_per_floor":[75,75,75,75,75,75,75,75,75,75,75,75,75,75,75,75,75,75,85,85,85,85,85],"card_choices":[{"not_picked":["SpiritCuttingSword","SwordOfBindingDesires"],"picked":"PhosphoricSlash","floor":1.0},{"not_picked":["SwordOfBindingDesires","SanzenSekai"],"picked":"SuddenDivineSeveringOfKarmicWind","floor":2.0},{"not_picked":["PhosphoricSlash","TransmigrationSlash"],"picked":"LifeCuttingSword","floor":3.0},{"not_picked":["LifeCuttingSword","HellGodSword"],"picked":"MatsuyoiReflectingSatelliteSlash","floor":6},{"not_picked":["RapidSlash","GhostSword"],"picked":"FlashingScatteredFlowers","floor":7},{"not_picked":["SwordExtraction","CherryBlossomFlashing"],"picked":"LowerRealmReflectionSlash","floor":10},{"not_picked":["HumanKnowledgeSword","ObsessionSword"],"picked":"SlashOfAscensionToBuddhahood","floor":11},{"not_picked":["SwordOfBindingDesires","AsTheSilentNirvana"],"picked":"StrangeHalfBody","floor":12},{"not_picked":["SwordOfBindingDesires","TwoHundredYojanaInOneSlash"],"picked":"SanzenSekai","floor":13},{"not_picked":["KarmicPunishmentOfTheIdleAndUnfocused","SlashOfTheEternalFuture"],"picked":"ThreeKonsSevenHakus","floor":15},{"not_picked":["GreatEnlightenmentAppearingAndDisappearing","FastingOfTheYoungPreta"],"picked":"HeavenGodSword","floor":16},{"not_picked":["ThoughtCuttingSword","PhosphoricSlash"],"picked":"SpiderLilyBurial","floor":18},{"not_picked":["SlashOfMeditation","PhosphoricSlash"],"picked":"SuddenPhantomFormationSlashOfKarmicWind","floor":20}],"player_experience":16812,"relics_obtained":[{"floor":6,"key":"Potion Belt"},{"floor":9,"key":"Dream Catcher"}],"event_choices":[{"damage_healed":0.0,"max_hp_gain":0.0,"max_hp_loss":0.0,"gold_gain":0.0,"cards_transformed":["Strike_YM"],"event_name":"Living Wall","player_choice":"Change","floor":4.0,"gold_loss":0.0,"damage_taken":0.0,"cards_obtained":["CherryBlossomFlashing"]},{"damage_healed":0.0,"max_hp_gain":0.0,"max_hp_loss":0.0,"gold_gain":0.0,"event_name":"Golden Idol","player_choice":"Take Damage","floor":5.0,"gold_loss":0.0,"damage_taken":18.0,"relics_obtained":["Golden Idol"]},{"damage_healed":0,"gold_gain":0,"player_choice":"Ignored","damage_taken":0,"max_hp_gain":0,"max_hp_loss":0,"event_name":"Shining Light","floor":14,"gold_loss":0},{"cards_removed":["MatsuyoiReflectingSatelliteSlash"],"damage_healed":37,"gold_gain":0,"player_choice":"Offered Rare","damage_taken":0,"max_hp_gain":10,"max_hp_loss":0,"event_name":"Bonfire Elementals","floor":19,"gold_loss":0}],"is_beta":false,"boss_relics":[{"not_picked":["Snecko Eye","Cursed Key"],"picked":"Black Star"}],"items_purged_floors":[],"is_endless":false,"potions_floor_spawned":[3,6,11,16,18],"killed_by":"3 Cultists","ascension_level":0}}