{"host":"5qewjvycy34u7aeo","time":1614278865,"event":{"mods":["BaseMod","Curses Come First","Downfall","GifTheSpireLib","Infinite Spire","Minty Spire (QoL Compilation)","Permanent Neow","Replay The Spire","StSLib","Together in Spire","Wandering Minibosses"],"gold_per_floor":[117,117,131,406,28,28,61,61,61,80,100,0,11,31,31,132,132,145,160,175,175,185,215,241,340,392,392,193,193,193],"floor_reached":29,"language":"ENG","playtime":962,"items_purged":["Regret","Strike_R","Strike_R"],"score":270,"play_id":"b9659590-cf23-41af-abd5-e09dc65eed1e","local_time":"20210225124745","is_ascension_mode":true,"campfire_choices":[{"data":"Armaments","floor":6.0,"key":"SMITH"},{"data":"Flex","floor":15.0,"key":"SMITH"},{"data":"Spot Weakness","floor":27.0,"key":"SMITH"}],"circlet_count":0,"master_deck":["Strike_R","Strike_R","Defend_R+1","Defend_R","Defend_R+1","Bash","Sword Boomerang","Armaments+1","Spot Weakness+1","Flex+1","ReplayTheSpireMod:Stacked"],"relics":["Burning Blood","Chemical X","Centennial Puzzle","Pondfish Scales","Coffee Dripper","War Paint","Red Mask","Akabeko"],"acts_visited":["Exordium","TheCity"],"potions_floor_usage":[],"damage_taken":[{"damage":3.0,"enemies":"2 Louse","floor":1.0,"turns":4.0},{"damage":6.0,"enemies":"Cultist","floor":3.0,"turns":3.0},{"damage":31.0,"enemies":"Lagavulin","floor":7.0,"turns":5.0},{"damage":7.0,"enemies":"Small Slimes","floor":10.0,"turns":3.0},{"damage":0.0,"enemies":"3 Louse","floor":11.0,"turns":3.0},{"damage":16.0,"enemies":"Exordium Thugs","floor":13.0,"turns":3.0},{"damage":15.0,"enemies":"Looter","floor":14.0,"turns":4.0},{"damage":18.0,"enemies":"The Guardian","floor":16.0,"turns":11.0},{"damage":13.0,"enemies":"2 Thieves","floor":18.0,"turns":4.0},{"damage":5.0,"enemies":"Chosen","floor":19.0,"turns":2.0},{"damage":22.0,"enemies":"Snecko","floor":20.0,"turns":4.0},{"damage":18.0,"enemies":"Centurion and Healer","floor":22.0,"turns":4.0},{"damage":14.0,"enemies":"Replay:Snechameleon","floor":23.0,"turns":4.0},{"damage":25.0,"enemies":"Masked Bandits","floor":24.0,"turns":4.0},{"damage":25,"enemies":"Nightmare","floor":29,"turns":4}],"seed_played":"8541987603707219505","potions_obtained":[{"floor":3.0,"key":"SpeedPotion"},{"floor":7.0,"key":"Energy Potion"},{"floor":13.0,"key":"ElixirPotion"},{"floor":16.0,"key":"GamblersBrew"},{"floor":18.0,"key":"Strength Potion"},{"floor":23.0,"key":"Block Potion"}],"is_trial":false,"path_per_floor":["M","?","M","?","$","R","E","$","T","M","M","$","M","M","R","B",null,"M","M","M","?","M","E","?","?","T","R","$","NM"],"character_chosen":"IRONCLAD","items_purchased":["Chemical X","Centennial Puzzle","ReplayTheSpireMod:Stacked"],"campfire_rested":0,"item_purchase_floors":[5,5,28],"current_hp_per_floor":[80,80,80,80,80,80,55,55,55,54,60,60,50,41,41,29,80,73,74,58,58,46,38,19,19,19,19,19,0,0],"gold":193,"neow_bonus":"REMOVE_CARD","is_daily":false,"chose_seed":false,"campfire_upgraded":3,"win_rate":0.0,"timestamp":1614278865,"path_taken":["M","?","?","?","$","R","E","?","T","M","M","$","M","M","R","BOSS","M","M","M","?","M","E","?","?","T","R","$","NM"],"items_purchased_type":["Relic","Relic","Card"],"build_version":"2020-12-22","purchased_purges":3,"victory":false,"max_hp_per_floor":[80,80,80,80,80,80,80,80,80,80,80,80,80,80,80,80,80,80,80,80,80,80,80,80,80,80,80,80,80,80],"card_choices":[{"not_picked":["Havoc","Anger"],"picked":"Sword Boomerang","floor":1.0},{"not_picked":["Battle Trance","Run Through"],"picked":"Armaments","floor":3.0},{"not_picked":["ReplayTheSpireMod:Strike From Hell","Heavy Blade"],"picked":"Spot Weakness","floor":7.0},{"not_picked":["ReplayTheSpireMod:LeadingStrike","Pommel Strike","ReplayTheSpireMod:Corrosion Curse"],"picked":"SKIP","floor":10.0},{"not_picked":["Wild Strike","Heavy Blade","Carnage"],"picked":"SKIP","floor":11.0},{"not_picked":["Metallicize","Heavy Blade","Sword Boomerang"],"picked":"SKIP","floor":13.0},{"not_picked":["Armaments","Dual Wield"],"picked":"Flex","floor":14.0},{"not_picked":["Cleave+1","Burning Pact","Twin Strike"],"picked":"SKIP","floor":18.0},{"not_picked":["ReplayTheSpireMod:Corrosion Curse","Clash","Shrug It Off"],"picked":"SKIP","floor":19.0},{"not_picked":["Heavy Blade","Clothesline","True Grit"],"picked":"SKIP","floor":20.0},{"not_picked":["Searing Blow+1","Seeing Red+1","Dual Wield+1"],"picked":"SKIP","floor":22.0},{"not_picked":["Sentinel","Burning Pact","Fiend Fire"],"picked":"SKIP","floor":23.0}],"player_experience":529974,"relics_obtained":[{"floor":7.0,"key":"Pondfish Scales"},{"floor":23.0,"key":"War Paint"},{"floor":24.0,"key":"Red Mask"},{"floor":26.0,"key":"Akabeko"}],"event_choices":[{"cards_removed":["Strike_R"],"damage_healed":0.0,"max_hp_gain":0.0,"max_hp_loss":0.0,"gold_gain":0.0,"event_name":"Bonfire Elementals","player_choice":"Offered Basic","floor":2.0,"gold_loss":0.0,"damage_taken":0.0},{"damage_healed":0.0,"max_hp_gain":0.0,"max_hp_loss":0.0,"gold_gain":275.0,"event_name":"Golden Shrine","player_choice":"Desecrate","floor":4.0,"gold_loss":0.0,"damage_taken":0.0,"cards_obtained":["Regret"]},{"damage_healed":0.0,"max_hp_gain":0.0,"max_hp_loss":0.0,"gold_gain":0.0,"event_name":"Masked Bandits","player_choice":"Fought Bandits","floor":24.0,"gold_loss":0.0,"damage_taken":0.0},{"damage_healed":0.0,"max_hp_gain":0.0,"max_hp_loss":0.0,"gold_gain":99.0,"event_name":"Nest","player_choice":"Stole From Cult","floor":25.0,"gold_loss":0.0,"damage_taken":0.0}],"is_beta":false,"boss_relics":[{"not_picked":["Honey Jar","Cursed Key"],"picked":"Coffee Dripper"}],"items_purged_floors":[5,12,28],"is_endless":false,"potions_floor_spawned":[3,7,13,16,18,22,23],"killed_by":"Nightmare","ascension_level":2}}