{"host":"e5vsl4ezcfxwu44d","time":1614237184,"event":{"mods":["BaseMod","Colored Powertips","Downfall","Highlight Path","Minty Spire (QoL Compilation)","StSLib","Unceasing Turn Reminder"],"gold_per_floor":[99,109,121,139,158,186,186,186,196,215,235,262,281,146,156,258,258,58,72,83,83,68,68,122,154,173,185,32,62,147,147,164,268,268,168,178,228,228,240,240,265,300,300,312,339,65,65,65,81,81,81,106,34,34,34,34],"floor_reached":57,"language":"ENG","playtime":6742,"items_purged":["bronze:Strike","bronze:Strike","Normality"],"score":1291,"play_id":"ff246435-49c4-4e03-b53e-1e76e4c7e921","local_time":"20210225001304","is_ascension_mode":false,"campfire_choices":[{"data":"Apotheosis","floor":1,"key":"SMITH"},{"floor":18,"key":"RECALL"},{"data":"bronze:Repair","floor":23,"key":"SMITH"},{"floor":35,"key":"REST"},{"floor":43,"key":"REST"},{"floor":47,"key":"REST"},{"floor":54,"key":"REST"}],"circlet_count":0,"master_deck":["bronze:Defend","bronze:Replicate","bronze:Goto","Apotheosis+1","bronze:WildBeam","bronze:DelayedSlice","bronze:Allocate","bronze:Frontload","bronze:BugBarrage","bronze:InfiniteLoop","bronze:ChosenStrike","bronze:Repair+1","bronze:GetLatest","bronze:SpaghettiCode","bronze:Branch+1","bronze:ChosenStrike+1","bronze:AlphaBuild+1","bronze:BuggyMess+1","bronze:SpaghettiCode","bronze:Repair","bronze:Assembly","bronze:FindAndReplace+1","Decay","bronze:ItsAFeature","bronze:TinkerersToolbox","bronze:ChildClass","bronze:Fortify+1"],"relics":["bronze:PlatinumCore","Mango","Molten Egg 2","downfall:HeartBlessingBlue","downfall:HeartBlessingGreen","MealTicket","Calipers","Oddly Smooth Stone","Bag of Marbles","Ginger","Fusion Hammer","downfall:HeartBlessingRed","Prayer Wheel","downfall:ExtraCursedKey","Vajra","Bag of Preparation","Toy Ornithopter","HandDrill","Orichalcum"],"acts_visited":["Exordium","TheCity","TheBeyond","TheEnding"],"potions_floor_usage":[16,25,25,42,42,42,56,56],"damage_taken":[{"damage":0,"enemies":"2 Louse","floor":2,"turns":3},{"damage":1,"enemies":"Jaw Worm","floor":3,"turns":4},{"damage":0,"enemies":"Cultist","floor":4,"turns":2},{"damage":7,"enemies":"Blue Slaver","floor":5,"turns":3},{"damage":20,"enemies":"Gremlin Nob","floor":6,"turns":4},{"damage":9,"enemies":"Large Slime","floor":9,"turns":3},{"damage":0,"enemies":"2 Fungi Beasts","floor":10,"turns":3},{"damage":0,"enemies":"Blue Slaver","floor":11,"turns":2},{"damage":6,"enemies":"Lagavulin","floor":12,"turns":5},{"damage":10,"enemies":"Lots of Slimes","floor":13,"turns":3},{"damage":0,"enemies":"downfall:FleeingMerchant","floor":14,"turns":4},{"damage":1,"enemies":"3 Louse","floor":15,"turns":3},{"damage":38,"enemies":"IC_STATUS_ARCHETYPE","floor":16,"turns":9},{"damage":2,"enemies":"Shell Parasite","floor":19,"turns":4},{"damage":0,"enemies":"Chosen","floor":20,"turns":3},{"damage":9,"enemies":"downfall:FleeingMerchant","floor":22,"turns":4},{"damage":5,"enemies":"Gremlin Leader","floor":25,"turns":4},{"damage":0,"enemies":"3 Cultists","floor":26,"turns":4},{"damage":4,"enemies":"Snake Plant","floor":27,"turns":4},{"damage":4,"enemies":"downfall:FleeingMerchant","floor":28,"turns":4},{"damage":5,"enemies":"Book of Stabbing","floor":29,"turns":3},{"damage":0,"enemies":"Book of Stabbing","floor":31,"turns":5},{"damage":0,"enemies":"Snecko","floor":32,"turns":3},{"damage":40,"enemies":"DF_ARCHETYPE_CLAW","floor":33,"turns":8},{"damage":14,"enemies":"3 Shapes","floor":36,"turns":2},{"damage":8,"enemies":"3 Shapes","floor":37,"turns":3},{"damage":8,"enemies":"3 Darklings","floor":39,"turns":4},{"damage":20,"enemies":"Nemesis","floor":42,"turns":3},{"damage":16,"enemies":"Spire Growth","floor":44,"turns":4},{"damage":0,"enemies":"Reptomancer","floor":45,"turns":2},{"damage":0,"enemies":"4 Shapes","floor":49,"turns":1},{"damage":36,"enemies":"WA_ARCHETYPE_DIVINITY","floor":50,"turns":6},{"damage":0,"enemies":"downfall:CharBossMerchant","floor":52,"turns":4},{"damage":4,"enemies":"downfall:NeowBoss","floor":55,"turns":11},{"damage":11,"enemies":"downfall:NeowBossFinal","floor":56,"turns":9}],"seed_played":"-4608978742935006851","potions_obtained":[{"floor":4,"key":"SpeedPotion"},{"floor":11,"key":"AttackPotion"},{"floor":13,"key":"AttackPotion"},{"floor":16,"key":"EntropicBrew"},{"floor":19,"key":"sneckomod:MuddlingPotion"},{"floor":25,"key":"PowerPotion"},{"floor":29,"key":"Energy Potion"},{"floor":44,"key":"SpeedPotion"},{"floor":45,"key":"Energy Potion"}],"is_trial":false,"path_per_floor":["R","M","M","M","M","E","T","?","M","M","M","E","M","$","M","B",null,"R","M","M","?","$","R","T","E","M","M","$","E","?","?","M","B",null,"R","M","?","?","M","?","T","E","R","M","E","$","R","?","M","B",null,"E","$","R","B","B",null],"character_chosen":"THE_AUTOMATON","items_purchased":["bronze:Branch+1","bronze:Assembly","Oddly Smooth Stone","Bag of Marbles","HandDrill","DuplicationPotion"],"campfire_rested":4,"item_purchase_floors":[14,28,28,28,46,53],"current_hp_per_floor":[49,49,48,48,41,35,35,35,26,26,26,20,20,30,29,1,84,94,92,94,94,94,94,94,94,94,94,94,94,80,94,94,65,94,94,80,86,78,87,87,87,74,94,88,94,94,94,94,94,58,94,94,94,94,94,94],"gold":34,"neow_bonus":"RANDOM_COLORLESS_2","is_daily":false,"chose_seed":false,"campfire_upgraded":2,"win_rate":0.0,"timestamp":1614237184,"path_taken":["R","M","M","M","M","E","T","?","M","M","M","E","M","$","M","BOSS","R","M","M","?","$","R","T","E","M","?","$","E","?","?","M","BOSS","R","M","?","?","?","?","T","E","R","M","E","$","R","?","M","BOSS","E","$","R","BOSS","BOSS"],"items_purchased_type":["Card","Card","Relic","Relic","Relic","Potion"],"build_version":"2020-12-22","purchased_purges":3,"victory":true,"max_hp_per_floor":[70,70,70,70,70,84,84,84,84,84,84,84,84,84,84,84,84,94,94,94,94,94,94,94,94,94,94,94,94,94,94,94,94,94,94,94,94,94,94,94,94,94,94,94,94,94,94,94,94,94,94,94,94,94,94,94],"card_choices":[{"not_picked":["Secret Weapon","Chrysalis"],"picked":"Apotheosis","floor":0},{"not_picked":["bronze:DigitalCarnage","bronze:Deprecate"],"picked":"bronze:WildBeam","floor":2},{"not_picked":["bronze:BitShift","bronze:Philosophize"],"picked":"bronze:DelayedSlice","floor":3},{"not_picked":["bronze:WhirlingStrike","bronze:ItsAFeature"],"picked":"bronze:Allocate","floor":4},{"not_picked":["bronze:ForceShield","bronze:NullPointer"],"picked":"bronze:Frontload","floor":5},{"not_picked":["bronze:Backtrace","bronze:NullPointer"],"picked":"bronze:BugBarrage","floor":6},{"not_picked":["bronze:Iterate","bronze:Terminator"],"picked":"bronze:InfiniteLoop","floor":9},{"not_picked":["bronze:DelayedSlice","bronze:Deprecate","bronze:Iterate"],"picked":"SKIP","floor":10},{"not_picked":["bronze:Shell","bronze:DelayedSlice"],"picked":"bronze:ChosenStrike","floor":11},{"not_picked":["bronze:Separator+1","bronze:CutThrough+1"],"picked":"bronze:Repair","floor":12},{"not_picked":["bronze:Constructor","bronze:Frontload"],"picked":"bronze:GetLatest","floor":13},{"not_picked":["bronze:Shield","bronze:OilSpill+1"],"picked":"bronze:SpaghettiCode","floor":14},{"not_picked":["bronze:Optimize","bronze:BugBarrage+1"],"picked":"bronze:ChosenStrike+1","floor":15},{"not_picked":["bronze:Verify","bronze:InfiniteLoop+1"],"picked":"bronze:AlphaBuild+1","floor":16},{"not_picked":["bronze:CutThrough+1","bronze:WhirlingStrike+1","bronze:DelayedGuard"],"picked":"SKIP","floor":19},{"not_picked":["bronze:Shield","bronze:Constructor"],"picked":"bronze:BuggyMess+1","floor":20},{"not_picked":["bronze:Deprecate+1","bronze:DigitalCarnage+1","bronze:Turbo"],"picked":"SKIP","floor":22},{"not_picked":["bronze:Iterate+1","bronze:Constructor"],"picked":"bronze:SpaghettiCode","floor":25},{"not_picked":["bronze:Shield","bronze:Deprecate","bronze:ChosenStrike+1"],"picked":"SKIP","floor":26},{"not_picked":["bronze:Constructor","bronze:Shell"],"picked":"bronze:Repair","floor":27},{"not_picked":["bronze:WhirlingStrike+1","bronze:ForceShield+1","bronze:Branch+1"],"picked":"SKIP","floor":28},{"not_picked":["bronze:Constructor","bronze:Branch+1","bronze:DelayedSlice+1"],"picked":"SKIP","floor":29},{"not_picked":["bronze:Shield","bronze:Separator+1"],"picked":"bronze:InfiniteBeams","floor":32},{"not_picked":["bronze:RecursiveStrike+1","bronze:Format"],"picked":"bronze:FindAndReplace","floor":33},{"not_picked":["bronze:Iterate+1","bronze:DelayedGuard","bronze:NullPointer+1"],"picked":"SKIP","floor":36},{"not_picked":["bronze:DarkDash+1","bronze:Shell","bronze:Branch+1"],"picked":"SKIP","floor":39},{"not_picked":["bronze:Invalidate","bronze:DelayedGuard","bronze:BuggyMess"],"picked":"SKIP","floor":39},{"not_picked":["bronze:CutThrough+1","bronze:Deprecate+1"],"picked":"bronze:ItsAFeature","floor":42},{"not_picked":["bronze:BuggyMess","bronze:Shield"],"picked":"bronze:TinkerersToolbox","floor":44},{"not_picked":["bronze:Repair","bronze:OilSpill+1","bronze:Allocate"],"picked":"SKIP","floor":44},{"not_picked":["bronze:DelayedGuard","bronze:Allocate","bronze:Constructor"],"picked":"SKIP","floor":45},{"not_picked":["bronze:Repair+1","bronze:Iterate+1"],"picked":"bronze:Fortify+1","floor":49},{"not_picked":["bronze:MaxOutput","bronze:Refactor+1","bronze:ForLoop+1"],"picked":"SKIP","floor":49},{"not_picked":["bronze:OilSpill+1","bronze:Backtrace+1","bronze:Format"],"picked":"SKIP","floor":52}],"player_experience":247163,"relics_obtained":[{"floor":6,"key":"Mango"},{"floor":12,"key":"Molten Egg 2"},{"floor":24,"key":"MealTicket"},{"floor":25,"key":"Calipers"},{"floor":29,"key":"Ginger"},{"floor":37,"key":"Prayer Wheel"},{"floor":41,"key":"Vajra"},{"floor":42,"key":"Bag of Preparation"},{"floor":45,"key":"Toy Ornithopter"},{"floor":52,"key":"Orichalcum"}],"event_choices":[{"cards_removed":["bronze:Strike"],"damage_healed":0,"gold_gain":0,"player_choice":"Card Removal","damage_taken":0,"max_hp_gain":0,"max_hp_loss":0,"event_name":"The Cleric","floor":8,"gold_loss":0},{"cards_removed":["bronze:Defend"],"damage_healed":0,"gold_gain":0,"player_choice":"Card Removal","damage_taken":0,"max_hp_gain":0,"max_hp_loss":0,"event_name":"Wheel of Change","floor":21,"gold_loss":0}],"is_beta":false,"boss_relics":[{"not_picked":["Empty Cage","Philosopher\u0027s Stone"],"picked":"bronze:PlatinumCore"},{"not_picked":["Calling Bell","SacredBark"],"picked":"Fusion Hammer"}],"items_purged_floors":[14,28,46],"is_endless":false,"potions_floor_spawned":[4,11,13,15,16,19,25,29,31,37,44,45],"ascension_level":0}}