{"host":"l4lyu1jo6nvtq6u8","time":1614224766,"event":{"mods":["Act Like it!","Aspiration","BaseMod","Better Sensory Stone","Better Third Choice","CapriCore","Conspire","Curses Come First","Energized Spire","FetchMod","Gensokyo","Halation","Hubris","Infinite Spire","Jedi Mod","Marisa????????","Minty Spire (QoL Compilation)","Pale of the Ancients","Poor People Problems","Quick Restart","Random Character Button","RatMod","Relic Sorter","Replay The Spire","StSLib","The Construct","The Immortal","The Poker Player","Trackpad","Yakumo Yukari mod","egg","slay the spire mod where everything is the same but ironclad has a cowboy hat"],"gold_per_floor":[99,99,99,99,99,99,99,99,99,99,99,99,99,99,99,99,99,99,24,24,24,24,24,24,24,24,24,24,24,24,24,24,24,24,24,24,24,24,24,24,24],"floor_reached":40,"language":"ENG","playtime":1663,"items_purged":["construct:FlakBarrage"],"score":407,"play_id":"ce891fda-f1d3-433f-a288-d6b928525371","local_time":"20210224214606","is_ascension_mode":false,"campfire_choices":[{"data":"construct:OneWayMirror","floor":6.0,"key":"SMITH"},{"data":"construct:ShieldGenerator","floor":13.0,"key":"SMITH"},{"data":"construct:OneWayMirror+1","floor":15.0,"key":"SMITH"},{"data":"construct:ShieldBurst","floor":23,"key":"SMITH"},{"data":"construct:SuppressiveFire","floor":28,"key":"SMITH"},{"data":"construct:SuppressiveFire+1","floor":30,"key":"SMITH"},{"data":"construct:Forcefield+1","floor":32,"key":"SMITH"}],"circlet_count":0,"master_deck":["construct:Strike_Gold","construct:Strike_Gold","construct:Strike_Gold","construct:Strike_Gold","construct:Strike_Gold","construct:Defend_Gold","construct:Defend_Gold","construct:Defend_Gold","construct:Defend_Gold","construct:Defend_Gold","construct:AttackMode","construct:DefenseMode","AbeCurse","construct:OneWayMirror+2","construct:SuppressiveFire+2","construct:ShieldGenerator+1","construct:ShieldBurst+2","construct:Forcefield+2","construct:Forcefield+1","construct:ClockworkEgg"],"relics":["construct:ClockworkPhoenix","Ectoplasm","Abe\u0027s Treasure","halation:EternalFortune","construct:MasterCore","Lizard Tail","hubris:SphereOfDissonance","Replay:Bronze Core","HornCleat","hubris:Backtick","Calipers","aspiration:FrozenJewel","hubris:CuriousFeather","hubris:ScarierMask","Happy Flower"],"acts_visited":["Gensokyo:Gensokyo","Gensokyo:Gensokyoer","Gensokyo:Gensokyoest"],"potions_floor_usage":[21],"damage_taken":[{"damage":10.0,"enemies":"Gensokyo:Gryphon","floor":1.0,"turns":4.0},{"damage":0.0,"enemies":"Gensokyo:3_Fairies","floor":4.0,"turns":3.0},{"damage":0.0,"enemies":"Gensokyo:Python","floor":5.0,"turns":3.0},{"damage":14.0,"enemies":"Gensokyo:3_Kodama","floor":7.0,"turns":3.0},{"damage":0.0,"enemies":"Gensokyo:5_Fairies","floor":8.0,"turns":3.0},{"damage":20.0,"enemies":"Gensokyo:Cirno","floor":11.0,"turns":8.0},{"damage":3.0,"enemies":"Gensokyo:VengefulSpirit","floor":12.0,"turns":5.0},{"damage":68.0,"enemies":"Gensokyo:Yukari","floor":16.0,"turns":18.0},{"damage":46.0,"enemies":"Gensokyo:AngelMirror","floor":18.0,"turns":7.0},{"damage":0,"enemies":"Gensokyo:CosmicMonolith","floor":27,"turns":4},{"damage":0,"enemies":"Gensokyo:Wraith","floor":31,"turns":2},{"damage":12,"enemies":"Gensokyo:Kaguya","floor":33,"turns":18},{"damage":0,"enemies":"Gensokyo:3_Bats","floor":35,"turns":4},{"damage":1,"enemies":"conspire:MimicChest","floor":37,"turns":8},{"damage":0,"enemies":"Gensokyo:3_Boulders","floor":38,"turns":9},{"damage":89,"enemies":"Gensokyo:Kasen","floor":40,"turns":9}],"seed_played":"-5105691496024419775","potions_obtained":[{"floor":5.0,"key":"SpeedPotion"},{"floor":7.0,"key":"jedi:mysterypotion"},{"floor":12.0,"key":"DuplicationPotion"},{"floor":27,"key":"DuplicationPotion"}],"is_trial":false,"path_per_floor":["M","?","?","M","M","R","M","M","T","?","E","M","R","T","R","B",null,"M","$","T","AVR","?","R","?","COS","T","M","R","?","R","M","R","B",null,"M","COS","?","M","$","E"],"character_chosen":"THE_CONSTRUCT_MOD","items_purchased":[],"campfire_rested":0,"item_purchase_floors":[],"current_hp_per_floor":[75,78,87,87,90,90,76,76,76,76,56,53,53,53,53,35,94,48,48,48,48,48,48,48,48,48,48,48,57,57,57,57,45,87,87,87,86,86,86,0,0],"gold":24,"neow_bonus":"DOUBLE_BOSS_RELIC","is_daily":false,"chose_seed":false,"campfire_upgraded":7,"win_rate":0.0,"timestamp":1614224766,"path_taken":["M","?","?","?","?","R","M","M","T","?","E","M","R","?","R","BOSS","M","?","?","AVR","?","R","?","COS","T","?","R","?","R","M","R","BOSS","M","COS","?","M","$","E"],"items_purchased_type":[],"build_version":"2020-12-22","purchased_purges":1,"victory":false,"max_hp_per_floor":[85,88,88,88,91,91,91,91,91,91,91,91,91,91,91,94,94,94,94,94,94,87,87,87,87,87,87,87,87,87,87,87,87,87,87,87,87,87,87,87,87],"card_choices":[{"not_picked":["construct:Zapper","construct:Backup"],"picked":"construct:FlakBarrage","floor":1.0},{"not_picked":["construct:ModeShift","construct:ElectricArmor"],"picked":"construct:OneWayMirror","floor":4.0},{"not_picked":["construct:VentSteam","construct:Construct_Overclock"],"picked":"construct:SuppressiveFire","floor":5.0},{"not_picked":["construct:SuppressiveFire","construct:Zapper","construct:Autoturret"],"picked":"SKIP","floor":7.0},{"not_picked":["construct:Chainstrike","construct:Zapper"],"picked":"construct:ShieldGenerator","floor":8.0},{"not_picked":["construct:OmegaCannon","construct:Analyze","construct:PointDefense"],"picked":"SKIP","floor":11.0},{"not_picked":["construct:ScrapCannon","construct:ClusterMines","construct:FocusedBeam"],"picked":"SKIP","floor":12.0},{"not_picked":["construct:SpinDrive","construct:LongRangeLance"],"picked":"construct:ShieldBurst","floor":16.0},{"not_picked":["construct:Tumble","construct:FierceBash"],"picked":"construct:Forcefield+1","floor":18.0},{"not_picked":["construct:SuppressiveFire","construct:ModeShift","construct:Isolate+1"],"picked":"SKIP","floor":27},{"not_picked":["construct:OneWayMirror","construct:Anticipate"],"picked":"construct:Forcefield+1","floor":31},{"not_picked":["construct:ShieldGenerator","construct:GoldenBullet"],"picked":"construct:ClockworkEgg","floor":33},{"not_picked":["construct:Anticipate+1","construct:Accumulate+1","construct:ShiftStrike"],"picked":"SKIP","floor":35},{"not_picked":["construct:ShiftStrike+1","construct:UnbalancingBlast","construct:Accumulate"],"picked":"SKIP","floor":38}],"player_experience":569200,"relics_obtained":[{"floor":5.0,"key":"halation:EternalFortune"},{"floor":9.0,"key":"construct:MasterCore"},{"floor":11.0,"key":"Lizard Tail"},{"floor":14.0,"key":"hubris:SphereOfDissonance"},{"floor":16.0,"key":"halation:EternalFortune"},{"floor":20,"key":"HornCleat"},{"floor":26,"key":"hubris:CuriousFeather"},{"floor":37,"key":"Happy Flower"}],"event_choices":[],"is_beta":false,"boss_relics":[{"not_picked":["conspire:RunicOctahedron","Pandora\u0027s Box"],"picked":"Replay:Bronze Core"},{"not_picked":["halation:SmartPhone","halation:ForbiddenBikini"],"picked":"hubris:ScarierMask"}],"items_purged_floors":[19],"is_endless":false,"potions_floor_spawned":[5,7,12,27,31,35],"killed_by":"Gensokyo:Kasen","ascension_level":0}}