{"host":"k7mar46pww1g9iom","time":1614272567,"event":{"mods":["AchievementEnabler","BaseMod","BetterRewards","Colored Powertips","Custom Start","DeckTracker","Downfall","Hermit","Hubris","Marisa????????","Minty Spire (QoL Compilation)","Rare Cards Sparkle","Relic Stats","Replay The Spire","StSLib","The Animator","The Cursed","The Runesmith","The Servant 0.9.4","The Wild Card"],"gold_per_floor":[112,138,160,160,174,208,208,208,208,208,137,164,164,189,189,287,287,298,278,294,318,318,347,347,380,430,440,452,452,465,484,484,586,586,604,621,621,621,632,669,684,638,661,661,674,674,674,692,692,692,692],"floor_reached":50,"language":"ENG","playtime":4417,"items_purged":[],"score":574,"play_id":"c4ccbfdb-1330-4315-a816-2a45b7eb86a9","local_time":"20210225180247","is_ascension_mode":false,"campfire_choices":[{"floor":7,"key":"REST"},{"floor":10,"key":"RECALL"},{"floor":13,"key":"REST"},{"floor":15,"key":"REST"},{"floor":24,"key":"REST"},{"floor":29,"key":"REST"},{"data":"animator:Greed","floor":32,"key":"SMITH"},{"floor":44,"key":"REST"},{"floor":46,"key":"REST"},{"floor":49,"key":"REST"}],"circlet_count":0,"master_deck":["animator:Strike_TenSura","animator:Defend_TenSura","animator:Strike+1","animator:Strike","animator:Strike+1","animator:Defend","animator:Defend","animator:Defend","animator:Benimaru","animator:Shuna","animator:Mitsurugi","animator:GazelDwargon","animator:OrikoMikuni","animator:Kaijin","animator:UneriGinkaku","animator:Curse_GriefSeed","animator:Kazuma","animator:Millim+1","animator:Greed+1","animator:ChaikaBohdan","animator:Vanir","Thunderclap","animator:AcuraTooru+1","animator:Sonic","animator:Aqua","animator:Azekura+1","animator:Togame+1","animator:Envy","animator:Kaijin+1","animator:HigakiRinne","animator:Emonzaemon+1","animator:Shion","animator:Vanir","animator:Hakurou","Pot Of Greed","Pot Of Greed","Pot Of Greed","Seeing Red"],"relics":["animator:LivingPicture","animator:TheMissingPiece","hubris:Spice","ReplayTheSpireMod:Lightbulb","hubris:DisguiseKit","Bottled Lightning","hubris:Backtick","Torii","PreservedInsect","White Beast Statue","animator:ShionDessert","Nunchaku","Grinning Jar"],"acts_visited":["Exordium","TheCity","TheBeyond"],"potions_floor_usage":[25,28,33,45,50],"damage_taken":[{"damage":0,"enemies":"Cultist","floor":1,"turns":4},{"damage":5,"enemies":"Jaw Worm","floor":2,"turns":3},{"damage":0,"enemies":"2 Louse","floor":3,"turns":2},{"damage":23,"enemies":"Lots of Slimes","floor":5,"turns":5},{"damage":6,"enemies":"Lagavulin","floor":6,"turns":7},{"damage":37,"enemies":"3 Sentries","floor":12,"turns":9},{"damage":12,"enemies":"Exordium Thugs","floor":14,"turns":5},{"damage":41,"enemies":"Hexaghost","floor":16,"turns":10},{"damage":30,"enemies":"Spheric Guardian","floor":18,"turns":6},{"damage":20,"enemies":"Shell Parasite","floor":20,"turns":6},{"damage":27,"enemies":"animator:HornedBat","floor":23,"turns":8},{"damage":10,"enemies":"Book of Stabbing","floor":25,"turns":5},{"damage":24,"enemies":"3 Cultists","floor":27,"turns":6},{"damage":17,"enemies":"Centurion and Healer","floor":28,"turns":10},{"damage":1,"enemies":"Snecko","floor":30,"turns":5},{"damage":0,"enemies":"Cultist and Chosen","floor":31,"turns":7},{"damage":36,"enemies":"hubris:MusketHawk","floor":33,"turns":11},{"damage":3,"enemies":"Orb Walker","floor":35,"turns":5},{"damage":1,"enemies":"3 Shapes","floor":36,"turns":6},{"damage":17,"enemies":"Sphere and 2 Shapes","floor":39,"turns":7},{"damage":55,"enemies":"Nemesis","floor":40,"turns":7},{"damage":18,"enemies":"Jaw Worm Horde","floor":41,"turns":6},{"damage":17,"enemies":"3 Darklings","floor":45,"turns":7},{"damage":30,"enemies":"Writhing Mass","floor":48,"turns":8},{"damage":78,"enemies":"Donu and Deca","floor":50,"turns":7}],"seed_played":"-2549951650688577991","potions_obtained":[{"floor":12,"key":"Block Potion"},{"floor":14,"key":"SpeedPotion"},{"floor":16,"key":"Languid Potion"},{"floor":25,"key":"Regen Potion"},{"floor":28,"key":"Strength Potion"},{"floor":33,"key":"Fire Potion"},{"floor":40,"key":"FairyPotion"},{"floor":45,"key":"Ancient Potion"}],"is_trial":false,"path_per_floor":["M","M","M","T","M","E","R","?","T","R","$","E","R","M","R","B",null,"M","?","M","T","$","E","R","E","T","M","M","R","M","M","R","B",null,"M","M","?","?","M","E","M","$","T","R","M","R","$","M","R","B"],"character_chosen":"THE_ANIMATOR","items_purchased":["animator:Kazuma","animator:Millim","animator:Hakurou"],"campfire_rested":8,"item_purchase_floors":[11,11,42],"current_hp_per_floor":[72,67,67,75,53,47,71,71,71,71,71,42,68,56,82,41,89,62,62,45,45,45,22,49,42,42,21,23,50,51,56,56,25,90,87,90,79,79,67,17,1,1,1,28,13,40,40,12,39,0,0],"gold":692,"neow_bonus":"TEN_PERCENT_HP_BONUS","is_daily":false,"chose_seed":false,"campfire_upgraded":1,"win_rate":0.0,"timestamp":1614272567,"path_taken":["M","M","M","?","M","E","R","?","T","R","$","E","R","M","R","BOSS","M","?","?","?","$","E","R","E","T","M","M","R","M","?","R","BOSS","M","M","?","?","M","E","?","$","T","R","M","R","$","M","R","BOSS"],"items_purchased_type":["Card","Card","Card"],"build_version":"2020-12-22","purchased_purges":0,"victory":false,"max_hp_per_floor":[72,72,72,80,81,81,81,81,81,81,81,89,89,89,89,89,89,89,89,89,89,89,90,90,90,90,90,90,90,90,90,90,90,90,90,90,90,90,90,90,90,90,90,90,90,90,90,90,90,90,90],"relic_stats":{"Nunchaku":[5],"Torii":63,"counters":[25,162],"PreservedInsect":128,"obtain_stats":[{"hubris:DisguiseKit":8,"animator:ShionDessert":25,"Torii":17,"animator:TheMissingPiece":0,"PreservedInsect":21,"White Beast Statue":23,"Nunchaku":40,"hubris:Backtick":17,"hubris:Spice":4,"animator:LivingPicture":0,"Bottled Lightning":9,"Grinning Jar":43,"ReplayTheSpireMod:Lightbulb":6},{"hubris:DisguiseKit":5,"animator:ShionDessert":12,"Torii":8,"animator:TheMissingPiece":0,"PreservedInsect":10,"White Beast Statue":11,"Nunchaku":21,"hubris:Backtick":8,"hubris:Spice":3,"animator:LivingPicture":0,"Bottled Lightning":5,"Grinning Jar":22,"ReplayTheSpireMod:Lightbulb":5},{"hubris:DisguiseKit":21,"animator:ShionDessert":70,"Torii":45,"animator:TheMissingPiece":0,"PreservedInsect":57,"White Beast Statue":65,"Nunchaku":134,"hubris:Backtick":45,"hubris:Spice":9,"animator:LivingPicture":0,"Bottled Lightning":21,"Grinning Jar":140,"ReplayTheSpireMod:Lightbulb":21}]},"card_choices":[{"not_picked":["animator:Gillette","animator:OrikoMikuni"],"picked":"animator:Mitsurugi","floor":1},{"not_picked":["animator:OrikoMikuni","animator:AcuraAkari"],"picked":"animator:GazelDwargon","floor":2},{"not_picked":["animator:Konayuki","animator:Viivi"],"picked":"animator:OrikoMikuni","floor":3},{"not_picked":["animator:Benimaru","animator:Souei"],"picked":"animator:Kaijin","floor":5},{"not_picked":["animator:AcuraTooru","animator:Boros"],"picked":"animator:UneriGinkaku","floor":6},{"not_picked":["animator:Verdia","animator:AcuraTooru","Armaments"],"picked":"animator:Greed","floor":12},{"not_picked":["animator:Sloth","animator:Tatsumaki","hubris:SpiceAddiction"],"picked":"animator:ChaikaBohdan","floor":14},{"not_picked":["animator:Greed","animator:Hans","Corruption"],"picked":"animator:Eris","floor":16},{"not_picked":["animator:YunYun","animator:Mitsurugi"],"picked":"animator:Vanir","floor":18},{"not_picked":["animator:ElricEdward+1","animator:ChaikaBohdan","animator:WinryRockbell"],"picked":"Thunderclap","floor":20},{"not_picked":["animator:Viivi","animator:SayakaMiki","Searing Blow"],"picked":"animator:AcuraTooru+1","floor":23},{"not_picked":["animator:AcuraTooru","hubris:SpiceAddiction","Body Slam"],"picked":"animator:Sonic","floor":25},{"not_picked":["animator:Mitsurugi","animator:Verdia"],"picked":"animator:Aqua","floor":27},{"not_picked":["animator:IrohaTamaki+1","animator:MumenRider","Clash"],"picked":"animator:Millim","floor":28},{"not_picked":["animator:Mitsurugi","animator:Shion","Headbutt"],"picked":"animator:Azekura+1","floor":30},{"not_picked":["animator:YuiTsuruno","animator:Father","Cleave"],"picked":"animator:Togame+1","floor":31},{"not_picked":["animator:HomuraAkemi","animator:Wiz","Feed"],"picked":"animator:Envy","floor":33},{"not_picked":["animator:MumenRider","animator:Millim+1","Whirlwind"],"picked":"animator:Kaijin+1","floor":36},{"not_picked":["animator:Geryuganshoop","animator:Shuna","Defy Death"],"picked":"animator:Emonzaemon+1","floor":39},{"not_picked":["animator:HigakiRinne","animator:SilverFang","ReplayTheSpireMod:Limb From Limb"],"picked":"animator:Shion","floor":40},{"not_picked":["animator:Mitsurugi","animator:Verdia"],"picked":"animator:Vanir","floor":41},{"not_picked":["hubris:SpiceAddiction","animator:ElricEdward+1","animator:Shuna","Body Slam"],"picked":"SKIP","floor":45},{"not_picked":["animator:ElricEdward+1","animator:Benimaru","animator:RoyMustang+1"],"picked":"Seeing Red","floor":48}],"player_experience":199387,"relics_obtained":[{"floor":4,"key":"hubris:Spice"},{"floor":6,"key":"ReplayTheSpireMod:Lightbulb"},{"floor":9,"key":"Bottled Lightning"},{"floor":12,"key":"hubris:Spice"},{"floor":21,"key":"PreservedInsect"},{"floor":23,"key":"White Beast Statue"},{"floor":25,"key":"animator:ShionDessert"},{"floor":40,"key":"Nunchaku"},{"floor":43,"key":"Grinning Jar"}],"event_choices":[{"damage_healed":0,"gold_gain":0,"player_choice":"Bought 1 Potion","damage_taken":0,"max_hp_gain":0,"max_hp_loss":0,"event_name":"The Woman in Blue","floor":19,"gold_loss":0},{"damage_healed":0,"gold_gain":0,"player_choice":"Embrace Madness","damage_taken":11,"max_hp_gain":0,"max_hp_loss":0,"event_name":"Winding Halls","floor":37,"gold_loss":0,"cards_obtained":["animator:HigakiRinne"]},{"damage_healed":0,"gold_gain":0,"player_choice":"Ignored","damage_taken":0,"max_hp_gain":0,"max_hp_loss":0,"event_name":"Purifier","floor":38,"gold_loss":0}],"is_beta":false,"boss_relics":[{"not_picked":["hubris:Stopwatch","Replay:Grab Bag"],"picked":"hubris:Backtick"},{"not_picked":["Runic Dome","hubris:Spice","Ring of Chaos"]}],"items_purged_floors":[],"is_endless":false,"potions_floor_spawned":[12,14,16,20,23,25,27,28,30,31,33,35,36,39,40,41,45,48],"killed_by":"Donu and Deca","ascension_level":0}}