{"host":"wbn3xdfsa5pc2kse","time":1614253127,"event":{"mods":["AchievementEnabler","BaseMod","Bestiary","Colored Map","Colored Powertips","Curses Come First","Highlight Path","Minty Spire (QoL Compilation)","Permanent Neow","Rare Cards Sparkle","Relic Stats","StSLib"],"gold_per_floor":[119,119,137,154,173,173,208,208,259,191,222,239,239,259,259,352,352,370,385,15,59,59,59,97,110,110,110,154,178,178,217,217,313,313,331,331,24,24,39,39,74,89,144,187,27,50,50,64,64,64,64,64,14,58,58,58],"floor_reached":55,"language":"ZHT","playtime":2235,"items_purged":["Strike_R","Flex"],"score":1411,"play_id":"87028400-8b51-4a95-8906-62b9a71b7909","local_time":"20210225193847","is_ascension_mode":true,"campfire_choices":[{"data":"Clothesline","floor":6.0,"key":"SMITH"},{"data":"Hemokinesis","floor":8.0,"key":"SMITH"},{"data":"Blood for Blood","floor":15.0,"key":"SMITH"},{"data":"Brutality","floor":23.0,"key":"SMITH"},{"data":"Dual Wield","floor":27.0,"key":"SMITH"},{"data":"Rupture","floor":32.0,"key":"SMITH"},{"data":"Rupture","floor":40.0,"key":"SMITH"},{"floor":47.0,"key":"RECALL"},{"data":"Rupture","floor":49.0,"key":"SMITH"},{"data":"Feel No Pain","floor":52.0,"key":"SMITH"}],"circlet_count":0,"master_deck":["AscendersBane","Bash","Clothesline+1","Rupture+1","Spot Weakness","Reaper","Hemokinesis+1","True Grit","Sentinel","Blood for Blood+1","Brutality+1","Headbutt","Thunderclap","Rupture+1","Dual Wield+1","Reaper","Feel No Pain+1","Rupture+1","Metallicize","Corruption","Iron Wave","Power Through","Shockwave","Heavy Blade","Reckless Charge","Berserk","Shrug It Off","Battle Trance+1","Dark Embrace","Sever Soul+1","Armaments+1"],"relics":["Velvet Choker","Mummified Hand","Pen Nib","Anchor","Letter Opener","Golden Idol","Snecko Eye","Strange Spoon","Red Mask","Meat on the Bone","Ornamental Fan","Lantern","Bronze Scales","Ginger","Pandora\u0027s Box","Paper Frog","Unceasing Top","Toy Ornithopter","Regal Pillow","Membership Card","Bag of Marbles"],"acts_visited":["Exordium","TheCity","TheBeyond","TheEnding"],"potions_floor_usage":[55],"damage_taken":[{"damage":7.0,"enemies":"Jaw Worm","floor":1.0,"turns":4.0},{"damage":4.0,"enemies":"Cultist","floor":3.0,"turns":4.0},{"damage":4.0,"enemies":"Small Slimes","floor":4.0,"turns":4.0},{"damage":9.0,"enemies":"Blue Slaver","floor":5.0,"turns":3.0},{"damage":15.0,"enemies":"Lagavulin","floor":7.0,"turns":5.0},{"damage":8.0,"enemies":"Gremlin Nob","floor":11.0,"turns":3.0},{"damage":2.0,"enemies":"Looter","floor":12.0,"turns":2.0},{"damage":8.0,"enemies":"Gremlin Gang","floor":14.0,"turns":4.0},{"damage":27.0,"enemies":"The Guardian","floor":16.0,"turns":9.0},{"damage":4.0,"enemies":"Chosen","floor":18.0,"turns":4.0},{"damage":20.0,"enemies":"Spheric Guardian","floor":19.0,"turns":4.0},{"damage":28.0,"enemies":"Masked Bandits","floor":21.0,"turns":3.0},{"damage":32.0,"enemies":"Slavers","floor":24.0,"turns":4.0},{"damage":25.0,"enemies":"Snake Plant","floor":25.0,"turns":4.0},{"damage":27.0,"enemies":"Gremlin Leader","floor":28.0,"turns":6.0},{"damage":21.0,"enemies":"Sentry and Sphere","floor":29.0,"turns":5.0},{"damage":14.0,"enemies":"Slavers","floor":31.0,"turns":4.0},{"damage":10.0,"enemies":"Champ","floor":33.0,"turns":6.0},{"damage":2.0,"enemies":"3 Darklings","floor":35.0,"turns":3.0},{"damage":24.0,"enemies":"3 Shapes","floor":39.0,"turns":4.0},{"damage":31.0,"enemies":"Reptomancer","floor":41.0,"turns":6.0},{"damage":47.0,"enemies":"Transient","floor":42.0,"turns":5.0},{"damage":46.0,"enemies":"Nemesis","floor":44.0,"turns":5.0},{"damage":13.0,"enemies":"3 Darklings","floor":46.0,"turns":4.0},{"damage":20.0,"enemies":"Writhing Mass","floor":48.0,"turns":5.0},{"damage":35.0,"enemies":"Time Eater","floor":50.0,"turns":5.0},{"damage":62.0,"enemies":"Shield and Spear","floor":54.0,"turns":4.0},{"damage":71,"enemies":"The Heart","floor":55,"turns":5}],"seed_played":"-1780463447800679197","potions_obtained":[{"floor":5.0,"key":"Swift Potion"},{"floor":7.0,"key":"LiquidBronze"},{"floor":11.0,"key":"ColorlessPotion"},{"floor":16.0,"key":"SkillPotion"},{"floor":19.0,"key":"Swift Potion"},{"floor":21.0,"key":"Weak Potion"},{"floor":33.0,"key":"DuplicationPotion"},{"floor":44.0,"key":"PowerPotion"}],"is_trial":false,"path_per_floor":["M","?","M","M","M","R","E","R","T","?","E","M","?","M","R","B",null,"M","M","$","?","?","R","E","M","T","R","E","M","?","E","R","B",null,"M","?","$","T","M","R","E","M","T","E","$","M","R","M","R","B",null,"R","$","E","B"],"character_chosen":"IRONCLAD","items_purchased":["Rupture","Strange Spoon","Energy Potion","Paper Frog","Shrug It Off","Membership Card"],"campfire_rested":0,"item_purchase_floors":[20,20,20,37,37,45],"current_hp_per_floor":[61,61,57,53,51,51,46,46,46,46,38,36,36,42,42,15,55,51,38,38,38,38,38,56,56,56,56,68,68,68,63,63,67,68,68,68,68,68,65,65,68,57,57,68,68,68,68,68,68,68,68,68,68,68,0,0],"gold":58,"neow_bonus":"BOSS_RELIC","is_daily":false,"chose_seed":false,"campfire_upgraded":9,"win_rate":0.0,"timestamp":1614253127,"path_taken":["M","?","?","?","M","R","E","R","T","?","E","?","?","M","R","BOSS","M","M","$","?","?","R","E","?","T","R","E","M","?","E","R","BOSS","M","?","?","?","M","R","E","?","T","E","$","M","R","?","R","BOSS","R","$","E","BOSS"],"items_purchased_type":["Card","Relic","Potion","Relic","Card","Relic"],"build_version":"2020-12-22","purchased_purges":2,"victory":false,"max_hp_per_floor":[75,75,75,75,75,75,75,75,75,75,75,75,68,68,68,68,68,68,68,68,68,68,68,68,68,68,68,68,68,68,68,68,68,68,68,68,68,68,68,68,68,68,68,68,68,68,68,68,68,68,68,68,68,68,68,68],"relic_stats":{"Regal Pillow":0,"counters":[28,123],"Golden Idol":153,"Pen Nib":[21],"Letter Opener":[78],"Ginger":[12],"Strange Spoon":[47],"Mummified Hand":[203],"Ornamental Fan":[96],"Bronze Scales":[204],"Snecko Eye":[181,174,156,150],"Pandora\u0027s Box":["Iron Wave","Flex","Power Through","Shockwave","Heavy Blade","Reckless Charge","Berserk"],"obtain_stats":[{"Lantern":28,"Regal Pillow":44,"Golden Idol":13,"Velvet Choker":0,"Pen Nib":9,"Letter Opener":11,"Ginger":31,"Burning Blood":0,"Strange Spoon":20,"Anchor":10,"Mummified Hand":7,"Ornamental Fan":26,"Bronze Scales":30,"Snecko Eye":17,"Pandora\u0027s Box":34,"Red Mask":21,"Bag of Marbles":54,"Membership Card":45,"Unceasing Top":41,"Toy Ornithopter":43,"Meat on the Bone":24,"Paper Frog":37},{"Lantern":15,"Regal Pillow":23,"Golden Idol":7,"Velvet Choker":0,"Pen Nib":5,"Letter Opener":6,"Ginger":17,"Burning Blood":0,"Strange Spoon":11,"Anchor":5,"Mummified Hand":5,"Ornamental Fan":14,"Bronze Scales":16,"Snecko Eye":9,"Pandora\u0027s Box":18,"Red Mask":12,"Bag of Marbles":27,"Membership Card":23,"Unceasing Top":21,"Toy Ornithopter":22,"Meat on the Bone":13,"Paper Frog":19},{"Lantern":63,"Regal Pillow":101,"Golden Idol":25,"Velvet Choker":0,"Pen Nib":20,"Letter Opener":23,"Ginger":72,"Burning Blood":0,"Strange Spoon":46,"Anchor":20,"Mummified Hand":20,"Ornamental Fan":57,"Bronze Scales":68,"Snecko Eye":38,"Pandora\u0027s Box":78,"Red Mask":49,"Bag of Marbles":119,"Membership Card":101,"Unceasing Top":91,"Toy Ornithopter":96,"Meat on the Bone":53,"Paper Frog":81}],"Unceasing Top":[0],"Toy Ornithopter":6,"Meat on the Bone":0},"card_choices":[{"not_picked":["Iron Wave","Warcry"],"picked":"Clothesline","floor":1.0},{"not_picked":["Flex","Heavy Blade"],"picked":"Spot Weakness","floor":3.0},{"not_picked":["Sever Soul","Heavy Blade"],"picked":"Reaper","floor":4.0},{"not_picked":["Body Slam","Sever Soul","Rupture"],"picked":"SKIP","floor":5.0},{"not_picked":["Heavy Blade","Perfected Strike"],"picked":"Hemokinesis","floor":7.0},{"not_picked":["Anger","Iron Wave"],"picked":"True Grit","floor":11.0},{"not_picked":["Reckless Charge","Cleave"],"picked":"Sentinel","floor":12.0},{"not_picked":["Anger","Shrug It Off"],"picked":"Blood for Blood","floor":14.0},{"not_picked":["Impervious","Feed"],"picked":"Brutality","floor":16.0},{"not_picked":["Reckless Charge","Pummel"],"picked":"Headbutt","floor":18.0},{"not_picked":["Iron Wave","Havoc","Thunderclap"],"picked":"SKIP","floor":19.0},{"not_picked":["Iron Wave","Havoc"],"picked":"Thunderclap","floor":19.0},{"not_picked":["Clash","Second Wind"],"picked":"Dual Wield","floor":21.0},{"not_picked":["Clothesline","Berserk"],"picked":"Feel No Pain","floor":24.0},{"not_picked":["Perfected Strike","Clothesline","Clash"],"picked":"SKIP","floor":25.0},{"not_picked":["Cleave+1","Spot Weakness"],"picked":"Rupture","floor":28.0},{"not_picked":["Rage","Pummel","Warcry"],"picked":"SKIP","floor":29.0},{"not_picked":["Barricade","Rupture"],"picked":"Metallicize","floor":31.0},{"not_picked":["Fiend Fire","Brutality"],"picked":"Corruption","floor":33.0},{"not_picked":["Metallicize","Headbutt","Heavy Blade"],"picked":"SKIP","floor":35.0},{"not_picked":["Shrug It Off","Body Slam+1","True Grit"],"picked":"SKIP","floor":39.0},{"not_picked":["Perfected Strike","Wild Strike"],"picked":"Battle Trance+1","floor":41.0},{"not_picked":["Havoc+1","Spot Weakness","Wild Strike+1"],"picked":"SKIP","floor":42.0},{"not_picked":["Burning Pact+1","Exhume"],"picked":"Dark Embrace","floor":44.0},{"not_picked":["Perfected Strike","Ghostly Armor"],"picked":"Sever Soul+1","floor":46.0},{"not_picked":["Iron Wave","Thunderclap"],"picked":"Armaments+1","floor":48.0},{"not_picked":["Headbutt+1","Intimidate","Perfected Strike+1"],"picked":"SKIP","floor":54.0}],"player_experience":878559,"relics_obtained":[{"floor":7.0,"key":"Mummified Hand"},{"floor":9.0,"key":"Pen Nib"},{"floor":11.0,"key":"Letter Opener"},{"floor":21.0,"key":"Red Mask"},{"floor":24.0,"key":"Meat on the Bone"},{"floor":26.0,"key":"Ornamental Fan"},{"floor":28.0,"key":"Lantern"},{"floor":31.0,"key":"Ginger"},{"floor":41.0,"key":"Unceasing Top"},{"floor":43.0,"key":"Toy Ornithopter"},{"floor":44.0,"key":"Regal Pillow"},{"floor":54.0,"key":"Bag of Marbles"}],"event_choices":[{"damage_healed":0.0,"max_hp_gain":0.0,"max_hp_loss":0.0,"gold_gain":0.0,"cards_transformed":["Strike_R"],"event_name":"Transmorgrifier","player_choice":"Transformed","floor":2.0,"gold_loss":0.0,"damage_taken":0.0,"cards_obtained":["Rupture"]},{"damage_healed":0.0,"max_hp_gain":0.0,"max_hp_loss":0.0,"gold_gain":0.0,"event_name":"WeMeetAgain","player_choice":"Paid Gold","floor":10.0,"gold_loss":68.0,"damage_taken":0.0,"relics_obtained":["Anchor"]},{"damage_healed":0.0,"max_hp_gain":0.0,"max_hp_loss":7.0,"gold_gain":0.0,"event_name":"Golden Idol","player_choice":"Lose Max HP","floor":13.0,"gold_loss":0.0,"damage_taken":0.0,"relics_obtained":["Golden Idol"]},{"damage_healed":0.0,"max_hp_gain":0.0,"max_hp_loss":0.0,"gold_gain":0.0,"event_name":"Masked Bandits","player_choice":"Fought Bandits","floor":21.0,"gold_loss":0.0,"damage_taken":0.0},{"damage_healed":0.0,"max_hp_gain":0.0,"max_hp_loss":0.0,"gold_gain":0.0,"event_name":"Duplicator","player_choice":"Copied","floor":22.0,"gold_loss":0.0,"damage_taken":0.0,"cards_obtained":["Reaper"]},{"damage_healed":0.0,"max_hp_gain":0.0,"max_hp_loss":0.0,"gold_gain":0.0,"event_name":"The Mausoleum","player_choice":"Opened","floor":30.0,"gold_loss":0.0,"damage_taken":0.0,"relics_obtained":["Bronze Scales"],"cards_obtained":["Writhe"]},{"cards_removed":["Writhe"],"damage_healed":0.0,"max_hp_gain":0.0,"max_hp_loss":0.0,"gold_gain":0.0,"event_name":"Wheel of Change","player_choice":"Card Removal","floor":36.0,"gold_loss":0.0,"damage_taken":0.0}],"is_beta":false,"boss_relics":[{"not_picked":["Tiny House","Coffee Dripper"],"picked":"Snecko Eye"},{"not_picked":["Runic Pyramid","Fusion Hammer"],"picked":"Pandora\u0027s Box"}],"items_purged_floors":[20,53],"is_endless":false,"potions_floor_spawned":[5,7,11,16,19,21,33,39,42,44],"killed_by":"The Heart","ascension_level":16}}