{"host":"thn8o1tmql8xszd5","time":1614286971,"event":{"mods":["2.2 Compatiblity","AchievementEnabler","BaseMod","Bestiary","Block Reminder","Colored Map","Curses Come First","DeckTracker","Downfall","Highlight Path","Minty Spire (QoL Compilation)","Permanent Neow","Quick Restart","Random Character Button","Relic Sorter","Relic Stats","Spire Arcade","StSLib"],"gold_per_floor":[99,118,118,118,118,130,130,17,28,103,183,217,13,47,62,159,159,159,177,177,177,195,230,253,12,12,40,40,58,58,87,101,197,197,97,109,122,172,172,183,208,8,8,34,83,94,94,112,132,132,132,132,132,132],"floor_reached":52,"language":"ENG","playtime":4337,"items_purged":["Slimebound:WasteNot"],"score":1232,"play_id":"df6606e6-eca3-444a-90e9-01369eb914e2","local_time":"20210225160251","is_ascension_mode":true,"campfire_choices":[{"data":"Slimebound:CorrosiveSpit","floor":1,"key":"SMITH"},{"data":"Slimebound:DouseInSlime","floor":18,"key":"SMITH"},{"data":"expansioncontent:DashGenerateEvil","floor":26,"key":"SMITH"},{"floor":28,"key":"REST"},{"floor":35,"key":"RECALL"},{"floor":42,"key":"REST"},{"data":"Slimebound:CheckThePlaybook","floor":47,"key":"SMITH"}],"circlet_count":0,"master_deck":["AscendersBane","Slimebound:Tackle+1","Slimebound:Split","Slimebound:CorrosiveSpit+1","Slimebound:RollThrough","Slimebound:SplitLeeching","Slimebound:SplitMire","Slimebound:BestDefense","Slimebound:LivingWall","Slimebound:FinishingTackle","Slimebound:MassFeed","expansioncontent:DashGenerateEvil+1","Slimebound:MassFeed","Slimebound:DouseInSlime+1","Slimebound:MassFeed","Slimebound:Repurpose","Slimebound:ForwardTackle","Slimebound:TagTeam","Slimebound:SplitSpecialist","Slimebound:Schlurp+1","Slimebound:ComboTackle","Slimebound:SplitAcid","expansioncontent:QuickStudy","Slimebound:CheckThePlaybook+1","Slimebound:SplitAcid+1","Slimebound:Teamwork","Slimebound:LeadByExample","expansioncontent:GuardianWhirl","Slimebound:SlimeSpikes+1","Slimebound:Prepare+1"],"relics":["Slimebound:AbsorbEndCombat","Boot","Ornamental Fan","Gambling Chip","Guardian:PocketSentry","Pandora\u0027s Box","Slimebound:SlimedTailRelic","MawBank","White Beast Statue","Vajra","Mercury Hourglass","Busted Crown","downfall:HeartBlessingGreen","Peace Pipe","Bag of Marbles","downfall:HeartBlessingRed","downfall:HeartBlessingBlue","Bottled Lightning","Turnip"],"acts_visited":["Exordium","TheCity","TheBeyond","TheEnding"],"potions_floor_usage":[9,14,19,19,29,31,32,33,50],"damage_taken":[{"damage":4,"enemies":"Small Slimes","floor":2,"turns":4},{"damage":2,"enemies":"2 Louse","floor":6,"turns":3},{"damage":0,"enemies":"downfall:FleeingMerchant","floor":8,"turns":4},{"damage":5,"enemies":"Jaw Worm","floor":9,"turns":4},{"damage":17,"enemies":"Lagavulin","floor":12,"turns":7},{"damage":1,"enemies":"downfall:FleeingMerchant","floor":13,"turns":4},{"damage":19,"enemies":"3 Sentries","floor":14,"turns":7},{"damage":12,"enemies":"Exordium Thugs","floor":15,"turns":3},{"damage":11,"enemies":"SI_SHIV_ARCHETYPE","floor":16,"turns":9},{"damage":0,"enemies":"Spheric Guardian","floor":19,"turns":4},{"damage":15,"enemies":"Chosen","floor":22,"turns":3},{"damage":29,"enemies":"Book of Stabbing","floor":23,"turns":4},{"damage":3,"enemies":"downfall:FleeingMerchant","floor":25,"turns":4},{"damage":49,"enemies":"Gremlin Leader","floor":27,"turns":6},{"damage":0,"enemies":"Snake Plant","floor":29,"turns":2},{"damage":3,"enemies":"Book of Stabbing","floor":31,"turns":3},{"damage":17,"enemies":"Centurion and Healer","floor":32,"turns":3},{"damage":32,"enemies":"IC_MUSHROOM_ARCHETYPE","floor":33,"turns":7},{"damage":11,"enemies":"3 Shapes","floor":36,"turns":3},{"damage":36,"enemies":"3 Darklings","floor":37,"turns":4},{"damage":1,"enemies":"3 Darklings","floor":38,"turns":4},{"damage":40,"enemies":"Maw","floor":40,"turns":6},{"damage":31,"enemies":"Reptomancer","floor":44,"turns":5},{"damage":6,"enemies":"2 Orb Walkers","floor":45,"turns":2},{"damage":0,"enemies":"Jaw Worm Horde","floor":46,"turns":2},{"damage":0,"enemies":"Spire Growth","floor":48,"turns":3},{"damage":1,"enemies":"4 Shapes","floor":49,"turns":3},{"damage":41,"enemies":"WA_ARCHETYPE_DIVINITY","floor":50,"turns":9},{"damage":174,"enemies":"downfall:CharBossMerchant","floor":52,"turns":8}],"seed_played":"177772145503196173","potions_obtained":[{"floor":2,"key":"DistilledChaos"},{"floor":9,"key":"sneckomod:MuddlingPotion"},{"floor":15,"key":"Block Potion"},{"floor":16,"key":"Slimebound:SlimedPotion"},{"floor":27,"key":"DistilledChaos"},{"floor":29,"key":"AttackPotion"},{"floor":31,"key":"SteroidPotion"},{"floor":32,"key":"Slimebound:ThreeZeroPotion"},{"floor":33,"key":"Fire Potion"},{"floor":36,"key":"hexamod:SoulburnPotion"},{"floor":37,"key":"FairyPotion"},{"floor":38,"key":"CultistPotion"}],"is_trial":false,"path_per_floor":["R","M","?","?","?","M","T","$","M","?","T","E","$","E","M","B",null,"R","M","?","?","M","E","T","$","R","E","R","M","?","E","M","B",null,"R","M","M","?","?","M","T","R","?","E","?","M","R","M","M","B",null,"E"],"character_chosen":"SLIMEBOUND","items_purchased":["Slimebound:BestDefense","Slimebound:LivingWall","expansioncontent:DashGenerateEvil","expansioncontent:QuickStudy"],"campfire_rested":2,"item_purchase_floors":[8,8,13,25],"current_hp_per_floor":[65,65,65,65,65,65,65,69,66,66,66,53,56,46,43,43,71,71,80,80,80,74,49,49,52,52,11,36,40,40,37,38,12,72,72,73,41,44,44,12,12,54,54,31,33,35,35,37,36,3,86,0,0,0],"gold":132,"neow_bonus":"TEN_PERCENT_HP_BONUS","is_daily":false,"chose_seed":false,"campfire_upgraded":4,"win_rate":0.0,"timestamp":1614286971,"path_taken":["R","M","?","?","?","?","T","?","M","?","?","E","$","E","M","BOSS","R","M","?","?","M","E","T","$","R","E","R","M","?","E","M","BOSS","R","M","M","?","?","M","T","R","?","E","?","?","R","M","M","BOSS","E"],"items_purchased_type":["Card","Card","Card","Card"],"build_version":"2020-12-22","purchased_purges":1,"victory":false,"max_hp_per_floor":[71,71,71,71,71,71,71,71,71,71,71,71,71,74,77,80,80,80,83,83,83,86,86,86,86,86,86,86,86,86,86,92,92,92,92,98,98,98,98,98,98,108,108,108,114,114,114,114,114,114,114,114,114,114],"relic_stats":{"Peace Pipe":1,"Busted Crown":20,"counters":[29,129],"Ornamental Fan":[36],"Gambling Chip":[38],"Pandora\u0027s Box":["Slimebound:MassFeed","Slimebound:Repurpose","Slimebound:WasteNot","Slimebound:ForwardTackle","Slimebound:TagTeam","Slimebound:SplitSpecialist"],"Turnip":[0],"Boot":[10],"MawBank":12,"obtain_stats":[{"downfall:HeartBlessingRed":42,"Vajra":30,"downfall:HeartBlessingGreen":35,"Guardian:PocketSentry":14,"Boot":7,"MawBank":24,"White Beast Statue":27,"Mercury Hourglass":31,"Peace Pipe":38,"Busted Crown":34,"Ornamental Fan":11,"downfall:HeartBlessingBlue":42,"Gambling Chip":12,"Pandora\u0027s Box":17,"Turnip":45,"Slimebound:AbsorbEndCombat":0,"Bag of Marbles":39,"Bottled Lightning":44,"Slimebound:SlimedTailRelic":23},{"downfall:HeartBlessingRed":22,"Vajra":15,"downfall:HeartBlessingGreen":18,"Guardian:PocketSentry":7,"Boot":2,"MawBank":12,"White Beast Statue":14,"Mercury Hourglass":16,"Peace Pipe":21,"Busted Crown":18,"Ornamental Fan":4,"downfall:HeartBlessingBlue":22,"Gambling Chip":5,"Pandora\u0027s Box":9,"Turnip":24,"Slimebound:AbsorbEndCombat":0,"Bag of Marbles":21,"Bottled Lightning":23,"Slimebound:SlimedTailRelic":12},{"downfall:HeartBlessingRed":97,"Vajra":67,"downfall:HeartBlessingGreen":80,"Guardian:PocketSentry":32,"Boot":7,"MawBank":55,"White Beast Statue":65,"Mercury Hourglass":70,"Peace Pipe":91,"Busted Crown":80,"Ornamental Fan":15,"downfall:HeartBlessingBlue":97,"Gambling Chip":21,"Pandora\u0027s Box":44,"Turnip":104,"Slimebound:AbsorbEndCombat":0,"Bag of Marbles":91,"Bottled Lightning":102,"Slimebound:SlimedTailRelic":55}],"Mercury Hourglass":[196]},"card_choices":[{"not_picked":["Slimebound:ForwardTackle","Slimebound:SplitSpecialist"],"picked":"Slimebound:RollThrough","floor":2},{"not_picked":["Slimebound:SplitBruiser","Slimebound:Schlurp"],"picked":"Slimebound:SplitLeeching","floor":6},{"not_picked":["Slimebound:ItLooksTasty","Slimebound:TongueLash"],"picked":"Slimebound:SplitMire","floor":8},{"not_picked":["Slimebound:GoopSpray","Slimebound:SplitAcid"],"picked":"Slimebound:FinishingTackle","floor":9},{"not_picked":["Slimebound:LeechEnergy","Slimebound:SplitLeeching"],"picked":"Slimebound:MassFeed","floor":12},{"not_picked":["Slimebound:Prepare","Slimebound:LivingWall","Slimebound:SplitMire"],"picked":"SKIP","floor":13},{"not_picked":["Slimebound:SplitAcid","Slimebound:SamplingLick"],"picked":"Slimebound:MassFeed","floor":14},{"not_picked":["Slimebound:SplitMire","Slimebound:DivideAndConquer","Slimebound:ItLooksTasty"],"picked":"SKIP","floor":15},{"not_picked":["Slimebound:SelfFormingGoo","Slimebound:WasteNot"],"picked":"Slimebound:DouseInSlime","floor":16},{"not_picked":["Slimebound:RejuvenatingLick","Slimebound:ItLooksTasty"],"picked":"Slimebound:Schlurp+1","floor":19},{"not_picked":["Slimebound:Schlurp","Slimebound:SamplingLick"],"picked":"Slimebound:ComboTackle","floor":22},{"not_picked":["Slimebound:RainOfGoop","Slimebound:HungryTackle","Slimebound:ProtectTheBoss+1"],"picked":"SKIP","floor":23},{"not_picked":["Slimebound:GoopTackle","Slimebound:LeechingTouch"],"picked":"Slimebound:SplitAcid","floor":25},{"not_picked":["Slimebound:ItLooksTasty","Slimebound:GrowthPunch+1","Slimebound:LivingWall"],"picked":"SKIP","floor":27},{"not_picked":["Slimebound:HauntingLick","Slimebound:LeechingTouch","Slimebound:ServeAndProtect"],"picked":"SKIP","floor":29},{"not_picked":["Slimebound:RollThrough","Slimebound:SplitBruiser+1"],"picked":"Slimebound:CheckThePlaybook","floor":31},{"not_picked":["Slimebound:PressTheAttack","Slimebound:FormOfPuddle"],"picked":"Slimebound:SplitAcid+1","floor":32},{"not_picked":["Slimebound:TagTeam","Slimebound:SlimeSlap"],"picked":"Slimebound:Teamwork","floor":33},{"not_picked":["Slimebound:SplitBruiser"],"picked":"SKIP","floor":36},{"not_picked":["Slimebound:LivingWall"],"picked":"SKIP","floor":37},{"not_picked":[],"picked":"Slimebound:LeadByExample","floor":38},{"not_picked":["Slimebound:SlimeSpikes"],"picked":"SKIP","floor":40},{"not_picked":["expansioncontent:PolyBeam","expansioncontent:Chronoboost"],"picked":"expansioncontent:GuardianWhirl","floor":43},{"not_picked":["Slimebound:LeechingTouch+1"],"picked":"SKIP","floor":44},{"not_picked":[],"picked":"Slimebound:SlimeSpikes+1","floor":45},{"not_picked":[],"picked":"Slimebound:Prepare+1","floor":46},{"not_picked":["Slimebound:SplitLeeching"],"picked":"SKIP","floor":48},{"not_picked":["Slimebound:SlimeTap"],"picked":"SKIP","floor":49}],"player_experience":860991,"relics_obtained":[{"floor":7,"key":"Boot"},{"floor":11,"key":"Ornamental Fan"},{"floor":12,"key":"Gambling Chip"},{"floor":14,"key":"Guardian:PocketSentry"},{"floor":23,"key":"Slimebound:SlimedTailRelic"},{"floor":24,"key":"MawBank"},{"floor":27,"key":"White Beast Statue"},{"floor":31,"key":"Mercury Hourglass"},{"floor":38,"key":"Peace Pipe"},{"floor":39,"key":"Bag of Marbles"},{"floor":44,"key":"Bottled Lightning"},{"floor":45,"key":"Turnip"}],"event_choices":[{"damage_healed":0,"gold_gain":0,"player_choice":"Fight","damage_taken":0,"max_hp_gain":0,"max_hp_loss":0,"event_name":"Mysterious Sphere","floor":45,"gold_loss":0}],"is_beta":false,"boss_relics":[{"not_picked":["Empty Cage","SlaversCollar"],"picked":"Pandora\u0027s Box"},{"not_picked":["Astrolabe","Velvet Choker"],"picked":"Busted Crown"}],"items_purged_floors":[25],"is_endless":false,"potions_floor_spawned":[2,9,15,16,27,29,31,32,33,36,37,38,40,44,45,46,48,49],"killed_by":"downfall:CharBossMerchant","ascension_level":12}}