{"host":"gn4zoccfnie4id9c","time":1614285136,"event":{"mods":["AchievementEnabler","BaseMod","Colored Map","Minty Spire (QoL Compilation)"],"gold_per_floor":[212,182,195,215,139,158,158,174,201,227,227,239,270,73,73,169,169,189,204,204,222,234,234,56,69,69,17,17,29,29,110,110,211,211,223,40,54,67,86,86,86],"floor_reached":40,"language":"ENG","playtime":3841,"items_purged":[],"score":477,"play_id":"26cad54d-0be6-4d36-8bb8-26e16161a39d","local_time":"20210225153216","is_ascension_mode":false,"campfire_choices":[{"data":"SandsOfTime","floor":7,"key":"SMITH"},{"floor":11,"key":"REST"},{"data":"Crescendo","floor":15,"key":"SMITH"},{"floor":23,"key":"REST"},{"floor":30,"key":"REST"},{"floor":32,"key":"REST"}],"circlet_count":0,"master_deck":["Strike_P","Strike_P+1","Strike_P","Strike_P","Defend_P","Defend_P","Defend_P","Defend_P","Eruption","Vigilance","SandsOfTime+1","Crescendo+1","Protect","BattleHymn","DeceiveReality","FlurryOfBlows+1","CutThroughFate","SignatureMove","ReachHeaven","Prostrate","Alpha","Prostrate","Tantrum+1","EmptyFist+1","MentalFortress+1","EmptyBody","Meditate","CrushJoints","PathToVictory+1","FlurryOfBlows","Wallop","Vault","ClearTheMind","Apotheosis","WheelKick","PathToVictory","Consecrate+1"],"relics":["PureWater","Strawberry","Centennial Puzzle","Whetstone","TheAbacus","Philosopher\u0027s Stone","Dream Catcher","InkBottle","Mummified Hand","Black Star"],"acts_visited":["Exordium","TheCity","TheBeyond"],"potions_floor_usage":[6,10,13,16,18,33,33,39],"damage_taken":[{"damage":1,"enemies":"Jaw Worm","floor":1,"turns":3},{"damage":3,"enemies":"Cultist","floor":3,"turns":5},{"damage":0,"enemies":"2 Louse","floor":4,"turns":3},{"damage":2,"enemies":"Exordium Wildlife","floor":6,"turns":4},{"damage":5,"enemies":"Looter","floor":8,"turns":4},{"damage":3,"enemies":"3 Sentries","floor":10,"turns":4},{"damage":1,"enemies":"2 Fungi Beasts","floor":12,"turns":3},{"damage":5,"enemies":"Lagavulin","floor":13,"turns":3},{"damage":0,"enemies":"Slime Boss","floor":16,"turns":6},{"damage":8,"enemies":"Spheric Guardian","floor":18,"turns":5},{"damage":4,"enemies":"Shell Parasite","floor":19,"turns":3},{"damage":36,"enemies":"3 Cultists","floor":21,"turns":6},{"damage":11,"enemies":"Cultist and Chosen","floor":22,"turns":4},{"damage":8,"enemies":"Centurion and Healer","floor":25,"turns":4},{"damage":24,"enemies":"Snake Plant","floor":29,"turns":4},{"damage":27,"enemies":"Automaton","floor":33,"turns":11},{"damage":16,"enemies":"3 Darklings","floor":35,"turns":4},{"damage":6,"enemies":"Orb Walker","floor":37,"turns":4},{"damage":10,"enemies":"Sphere and 2 Shapes","floor":38,"turns":4},{"damage":16,"enemies":"Spire Growth","floor":39,"turns":4},{"damage":36,"enemies":"Giant Head","floor":40,"turns":7}],"seed_played":"-3691609757760257728","potions_obtained":[{"floor":1,"key":"Weak Potion"},{"floor":2,"key":"SmokeBomb"},{"floor":2,"key":"SpeedPotion"},{"floor":4,"key":"AttackPotion"},{"floor":8,"key":"ColorlessPotion"},{"floor":13,"key":"LiquidMemories"},{"floor":21,"key":"SpeedPotion"},{"floor":22,"key":"SpeedPotion"},{"floor":25,"key":"BlessingOfTheForge"}],"is_trial":false,"path_per_floor":["M","?","M","M","$","M","R","M","T","E","R","M","E","$","R","B",null,"M","M","?","M","M","R","$","M","T","$","?","M","R","T","R","B",null,"M","$","M","M","M","E"],"character_chosen":"WATCHER","items_purchased":["BattleHymn","Prostrate","TheAbacus","Dream Catcher","EmptyBody","CrushJoints","Apotheosis"],"campfire_rested":4,"item_purchase_floors":[5,14,14,24,24,27,36],"current_hp_per_floor":[71,71,68,68,68,66,66,61,68,65,79,78,73,73,73,73,79,71,67,60,24,13,36,36,28,28,28,28,4,27,27,50,23,79,63,63,57,47,31,0,0],"gold":86,"neow_bonus":"HUNDRED_GOLD","is_daily":false,"chose_seed":false,"campfire_upgraded":2,"win_rate":0.0,"timestamp":1614285136,"path_taken":["M","?","M","?","$","M","R","M","T","E","R","M","E","$","R","BOSS","M","M","?","?","M","R","$","M","T","$","?","M","R","?","R","BOSS","M","$","M","M","M","E"],"items_purchased_type":["Card","Card","Relic","Relic","Card","Card","Card"],"build_version":"2020-12-22","purchased_purges":0,"victory":false,"max_hp_per_floor":[72,72,72,72,72,72,72,72,79,79,79,79,79,79,79,79,79,79,79,79,79,79,79,79,79,79,79,79,79,79,79,79,79,79,79,79,79,79,79,79,79],"card_choices":[{"not_picked":["Swivel","BowlingBash"],"picked":"SandsOfTime","floor":1},{"not_picked":["JustLucky","EmptyBody"],"picked":"Crescendo","floor":3},{"not_picked":["FollowUp","TalkToTheHand"],"picked":"Protect","floor":4},{"not_picked":["PathToVictory","SashWhip"],"picked":"DeceiveReality","floor":6},{"not_picked":["Weave","Adaptation"],"picked":"FlurryOfBlows","floor":8},{"not_picked":["Nirvana","JustLucky"],"picked":"CutThroughFate","floor":10},{"not_picked":["Conclude","Crescendo"],"picked":"SignatureMove","floor":12},{"not_picked":["CrushJoints","Brilliance"],"picked":"ReachHeaven","floor":13},{"not_picked":["Scrawl","Establishment"],"picked":"Alpha","floor":16},{"not_picked":["Evaluate","Consecrate"],"picked":"Prostrate","floor":18},{"not_picked":["SandsOfTime+1","FollowUp+1"],"picked":"Tantrum+1","floor":19},{"not_picked":["CarveReality","Fasting2+1"],"picked":"EmptyFist+1","floor":21},{"not_picked":["Prostrate","Sanctity"],"picked":"MentalFortress+1","floor":22},{"not_picked":["Prostrate+1","ThirdEye"],"picked":"Meditate","floor":25},{"not_picked":["Collect","Prostrate"],"picked":"PathToVictory+1","floor":29},{"not_picked":["FlyingSleeves+1","EmptyBody+1"],"picked":"FlurryOfBlows","floor":30},{"not_picked":["SashWhip","Halt"],"picked":"Wallop","floor":32},{"not_picked":["Blasphemy","Omniscience"],"picked":"Vault","floor":33},{"not_picked":["Evaluate+1","JustLucky+1"],"picked":"ClearTheMind","floor":35},{"not_picked":["ClearTheMind","InnerPeace+1"],"picked":"WheelKick","floor":37},{"not_picked":["CrushJoints+1","Tantrum"],"picked":"PathToVictory","floor":38},{"not_picked":["CrushJoints+1","FlyingSleeves+1"],"picked":"Consecrate+1","floor":39}],"player_experience":128666,"relics_obtained":[{"floor":9,"key":"Strawberry"},{"floor":10,"key":"Centennial Puzzle"},{"floor":13,"key":"Whetstone"},{"floor":26,"key":"InkBottle"},{"floor":31,"key":"Mummified Hand"}],"event_choices":[{"damage_healed":0,"gold_gain":0,"player_choice":"Bought 2 Potions","damage_taken":0,"max_hp_gain":0,"max_hp_loss":0,"event_name":"The Woman in Blue","floor":2,"gold_loss":0},{"damage_healed":0,"gold_gain":0,"player_choice":"Damaged","damage_taken":7,"max_hp_gain":0,"max_hp_loss":0,"event_name":"Wheel of Change","floor":20,"gold_loss":0},{"damage_healed":0,"gold_gain":0,"player_choice":"Ignored","damage_taken":0,"max_hp_gain":0,"max_hp_loss":0,"event_name":"Vampires","floor":28,"gold_loss":0}],"is_beta":false,"boss_relics":[{"not_picked":["Sozu","Snecko Eye"],"picked":"Philosopher\u0027s Stone"},{"not_picked":["Runic Dome","SacredBark"],"picked":"Black Star"}],"items_purged_floors":[],"is_endless":false,"potions_floor_spawned":[1,4,8,13,21,22,25,29],"killed_by":"Giant Head","ascension_level":0}}