{"host":"24j0rle15g8q9bc9","time":1614221458,"event":{"mods":["2.2 Compatiblity","Act Like it!","Bartender","BaseMod","Better Note","Card Forge","Colored Map","Colored Powertips","DeckTracker","Downfall","Elementarium","Hallownest","Hubris","Jorbs\u0027s Wanderer Trilogy","Minty Spire (QoL Compilation)","Rare Cards Sparkle","Remilia??????","StSLib","The Bug Knight","The Death Knight","The Necromancer","Treasure Hunter"],"gold_per_floor":[124,140,140,65,84,84,115,115,115,115,129,144,159,177,177,282,282,300,406,406,183,195,229,229,248,298,298,312,339,356,129,129,227,227,244,244,244,306,320,320,334,334,359,359,377,56,72,87,87,87,87],"floor_reached":50,"language":"ENG","playtime":4278,"items_purged":["Shame"],"score":511,"play_id":"618fa190-4998-4a83-ae90-773810397ecf","local_time":"20210224225058","is_ascension_mode":false,"campfire_choices":[{"floor":6.0,"key":"RECALL"},{"data":"TH:BikiniMail","floor":10.0,"key":"SMITH"},{"floor":15.0,"key":"REST"},{"floor":24,"key":"REST"},{"floor":27,"key":"REST"},{"floor":32,"key":"REST"},{"floor":40,"key":"REST"},{"floor":42,"key":"REST"},{"floor":44,"key":"REST"},{"floor":49,"key":"REST"}],"circlet_count":0,"master_deck":["HollowMod:NailStrikeStart+1","HollowMod:NailStrikeStart+1","HollowMod:NailStrikeStart+1","HollowMod:QuickDashStart+1","HollowMod:QuickDashStart+1","HollowMod:QuickDashStart+1","HollowMod:QuickDashStart+1","HollowMod:FocusHealStart+1","HollowMod:PogoStrike+1","HollowMod:SharpenedNail+1","HollowMod:SoulSplash+1","TH:CursedSword+1","HollowMod:ShapeofUnn+1","TH:BikiniMail+1","HollowMod:HeavyBlow+1","TH:DeckOfManyThings+1","HollowMod:HornetsHelp+1","HollowMod:HowlingWraiths+1","HollowMod:SoulStrike+1","HollowMod:SoulSplash+1","TH:ElvenBoots+1","HollowMod:CycloneSlash+1","Sadistic Nature+1","HollowMod:DungDefenderAura+1","HollowMod:CoiledNail+1","HollowMod:MantisMark+1","HollowMod:RecoilStrike+1","HollowMod:CloakDash+1","HollowMod:HuntersJournal+1","HollowMod:SoulEater+1"],"relics":["HollowMod:KingsSoulRelic","Hammer of Thor","Seething Fire","Anvil of the Gods","Anchor","hubris:Towel","Oddly Smooth Stone","Hallownest:DreamNailRelic","Kunai","Red Mask","ClockworkSouvenir","hubris:ToyBattleship","HollowMod:MillibellesNoteRelic","hubris:Zylophone","hubris:ScarierMask","Hallownest:KingsIdolRelic","Hallownest:BeastSealRelic","Incense Burner","Strawberry","White_Cape"],"acts_visited":["Exordium","Hallownest:Greenpath","Hallownest:CityofTears"],"potions_floor_usage":[29,30,33,50,50],"damage_taken":[{"damage":0.0,"enemies":"Hallownest:monsterHuskWarrior","floor":1.0,"turns":2.0},{"damage":0.0,"enemies":"Hallownest:2_MossCreeps","floor":2.0,"turns":3.0},{"damage":0.0,"enemies":"Hallownest:monsterHuskGuard","floor":5.0,"turns":2.0},{"damage":1.0,"enemies":"Hallownest:eliteMossKnight","floor":7.0,"turns":5.0},{"damage":0.0,"enemies":"Hallownest:MossCreep_and_Mosskin","floor":11.0,"turns":4.0},{"damage":0.0,"enemies":"Hallownest:Guard_and_Warrior","floor":12.0,"turns":5.0},{"damage":1.0,"enemies":"Hallownest:1_Ooma_and_2_Uuma","floor":13.0,"turns":6.0},{"damage":1.0,"enemies":"Hallownest:2_Tiktiks_1_Baldur_1_Crawlid","floor":14.0,"turns":5.0},{"damage":12.0,"enemies":"Hallownest:BossHornet","floor":16.0,"turns":12.0},{"damage":0,"enemies":"Hallownest:Guard_and_Sentry","floor":18,"turns":5},{"damage":4,"enemies":"Hallownest:3_Youths","floor":22,"turns":9},{"damage":9,"enemies":"Hallownest:Nosk","floor":23,"turns":10},{"damage":6,"enemies":"Hallownest:2_Flukemon","floor":25,"turns":6},{"damage":0,"enemies":"Hallownest:2_Husk_Sentries","floor":28,"turns":3},{"damage":33,"enemies":"Hallownest:eliteSoulWarrior","floor":29,"turns":11},{"damage":4,"enemies":"Hallownest:Master_and_Novice","floor":30,"turns":2},{"damage":48,"enemies":"Hallownest:BossSoulMaster","floor":33,"turns":17},{"damage":5,"enemies":"Hallownest:3_Siblings","floor":35,"turns":8},{"damage":11,"enemies":"Hallownest:2_Primals","floor":38,"turns":4},{"damage":0,"enemies":"Hallownest:Shield_Heavy","floor":39,"turns":4},{"damage":0,"enemies":"Hallownest:Slobbering_and_Violent","floor":41,"turns":4},{"damage":0,"enemies":"Hallownest:2_Wandering_and_1_Horned","floor":45,"turns":4},{"damage":0,"enemies":"Hallownest:2_Great","floor":47,"turns":2},{"damage":8,"enemies":"Hallownest:Shield_Sturdy","floor":48,"turns":3},{"damage":127,"enemies":"Hallownest:BossHollowKnight","floor":50,"turns":9}],"seed_played":"2698538115538008877","potions_obtained":[{"floor":1.0,"key":"Energy Potion"},{"floor":12.0,"key":"Swift Potion"},{"floor":13.0,"key":"Fruit Juice"},{"floor":14.0,"key":"SpeedPotion"},{"floor":23,"key":"FairyPotion"},{"floor":25,"key":"ColorlessPotion"},{"floor":29,"key":"DeathKnight:BottledBloodEchoes"},{"floor":30,"key":"SkillPotion"},{"floor":38,"key":"champ:CounterPotion"},{"floor":45,"key":"AttackPotion"}],"is_trial":false,"path_per_floor":["M","M","?","?","M","R","E","?","T","R","M","M","M","M","R","B",null,"M","?","?","$","M","E","R","M","T","R","M","E","M","$","R","B",null,"M","?","?","?","M","R","M","R","T","R","M","$","M","M","R","B"],"character_chosen":"THE_BUGKNIGHT","items_purchased":["ClockworkSouvenir","Sadistic Nature","HollowMod:DungDefenderAura","White_Cape","HollowMod:SoulEater"],"campfire_rested":8,"item_purchase_floors":[21,31,31,46,46],"current_hp_per_floor":[75,75,75,80,80,80,80,80,80,80,80,80,84,83,85,73,85,85,85,85,85,85,76,85,79,79,85,85,58,54,54,79,43,85,80,80,80,69,69,85,85,85,92,92,92,92,92,84,92,0,0],"gold":87,"neow_bonus":"RANDOM_COMMON_RELIC","is_daily":false,"chose_seed":false,"campfire_upgraded":1,"win_rate":0.0,"timestamp":1614221458,"path_taken":["M","M","?","?","M","R","E","?","T","R","M","M","M","M","R","BOSS","M","?","?","?","M","E","R","?","T","R","M","E","?","?","R","BOSS","M","?","?","?","M","R","?","R","T","R","M","$","M","M","R","BOSS"],"items_purchased_type":["Relic","Card","Card","Relic","Card"],"build_version":"2020-12-22","purchased_purges":1,"victory":false,"max_hp_per_floor":[75,75,75,80,80,80,80,80,80,80,80,80,85,85,85,85,85,85,85,85,85,85,85,85,85,85,85,85,85,85,85,85,85,85,85,85,85,85,85,85,85,85,92,92,92,92,92,92,92,92,92],"card_choices":[{"not_picked":["HollowMod:Grubsong","HollowMod:LifebloodCocoon"],"picked":"HollowMod:SharpenedNail","floor":1.0},{"not_picked":["HollowMod:DreamGate","HollowMod:InfectedCysts"],"picked":"HollowMod:SoulSplash","floor":2.0},{"not_picked":["HollowMod:InfectedAttack","HollowMod:InfectedCysts","HollowMod:VengefulVoid"],"picked":"SKIP","floor":5.0},{"not_picked":["TH:TreasureMap"],"picked":"TH:CursedSword","floor":7.0},{"not_picked":["HollowMod:InfectedCysts","HollowMod:MidwifesHunger"],"picked":"HollowMod:ShapeofUnn","floor":7.0},{"not_picked":["TH:Mimic"],"picked":"TH:BikiniMail","floor":9.0},{"not_picked":["HollowMod:InfectedCysts","HollowMod:DesolateDive"],"picked":"HollowMod:HeavyBlow","floor":11.0},{"not_picked":["HollowMod:TaintedHusks","HollowMod:CornifersMapStart","HollowMod:NewJinnsSoul"],"picked":"SKIP","floor":12.0},{"not_picked":["HollowMod:SiblingsSouls","HollowMod:SharpenedNail","HollowMod:LifebloodCocoon"],"picked":"SKIP","floor":13.0},{"not_picked":["HollowMod:InfectedAttack","HollowMod:NewGlowingWomb","HollowMod:SiblingsSouls"],"picked":"SKIP","floor":14.0},{"not_picked":["TH:BikiniMail"],"picked":"TH:DeckOfManyThings","floor":16.0},{"not_picked":["HollowMod:SoulMaster","HollowMod:PureVessel"],"picked":"HollowMod:HornetsHelp","floor":16.0},{"not_picked":["HollowMod:NewLittleFool+1","HollowMod:InfectedCysts+1","HollowMod:SharpenedNail+1"],"picked":"SKIP","floor":18},{"not_picked":["HollowMod:WraithStrike","HollowMod:InfectedAttack","HollowMod:ShadowDash"],"picked":"SKIP","floor":22},{"not_picked":["HollowMod:InfectedCysts","HollowMod:TaintedHusks"],"picked":"HollowMod:HowlingWraiths","floor":23},{"not_picked":["TH:ArmorSpikes","TH:Mimic"],"picked":"SKIP","floor":23},{"not_picked":["HollowMod:LifebloodCocoon","HollowMod:SoulSplash"],"picked":"HollowMod:SoulStrike","floor":25},{"not_picked":["TH:CursedSword","TH:CopperCoins"],"picked":"SKIP","floor":26},{"not_picked":["HollowMod:SoulSplash","HollowMod:CrystalDash","HollowMod:VengefulVoid"],"picked":"SKIP","floor":28},{"not_picked":["HollowMod:HowlingWraiths","HollowMod:HeavyBlow+1"],"picked":"HollowMod:SoulSplash","floor":29},{"not_picked":["TH:ArmorSpikes"],"picked":"TH:ElvenBoots","floor":29},{"not_picked":["HollowMod:ChannelNail","HollowMod:InfectedAttack+1"],"picked":"HollowMod:CycloneSlash","floor":30},{"not_picked":["HollowMod:LifebloodCocoon+1","HollowMod:DreamGate"],"picked":"HollowMod:CoiledNail","floor":35},{"not_picked":["HollowMod:AbyssShriek","HollowMod:DoubleDash+1"],"picked":"HollowMod:RecoilStrike+1","floor":38},{"not_picked":["HollowMod:Grubsong","HollowMod:RecoilStrike"],"picked":"HollowMod:CloakDash+1","floor":39},{"not_picked":["HollowMod:SoulSplash","HollowMod:DescendingDark","HollowMod:CoiledNail+1"],"picked":"SKIP","floor":41},{"not_picked":["TH:TreasureMap","TH:EnergyPotion"],"picked":"SKIP","floor":43},{"not_picked":["HollowMod:InfectedCysts","HollowMod:CloakDash"],"picked":"HollowMod:HuntersJournal+1","floor":45},{"not_picked":["HollowMod:HowlingWraiths+1","HollowMod:SoulSplash+1","HollowMod:SoulStrike"],"picked":"SKIP","floor":47},{"not_picked":["HollowMod:ChannelNail","HollowMod:PerfectDash+1","HollowMod:SharpenedShadows"],"picked":"SKIP","floor":48}],"player_experience":86766,"relics_obtained":[{"floor":7.0,"key":"Oddly Smooth Stone"},{"floor":9.0,"key":"Kunai"},{"floor":23,"key":"hubris:ToyBattleship"},{"floor":26,"key":"HollowMod:MillibellesNoteRelic"},{"floor":29,"key":"hubris:Zylophone"},{"floor":38,"key":"Incense Burner"},{"floor":43,"key":"Strawberry"}],"event_choices":[],"is_beta":false,"boss_relics":[{"not_picked":["Cursed Key","Astrolabe"],"picked":"HollowMod:KingsSoulRelic"},{"not_picked":["hubris:BlackHole","Velvet Choker"],"picked":"hubris:ScarierMask"}],"items_purged_floors":[21],"is_endless":false,"potions_floor_spawned":[1,7,12,13,14,23,25,29,30,38,45,47],"killed_by":"Hallownest:BossHollowKnight","ascension_level":0}}