{"host":"9czo1ewqehy3yunx","time":1614224851,"event":{"mods":["AchievementEnabler","Act Like it!","BaseMod","CapriCore","Colored Powertips","DeckTracker","GifTheSpireLib","GungeonMod","Hermit","Keyboard Shortcuts","Koishi","Lobotomy","Marisa£¨Ùöéë¡¡Øª×âÞÞ£©","Minty Spire (QoL Compilation)","Permanent Neow","Quick Restart","StSLib","SuperFastMode","Td1madao Mod","The Bug Knight","The Cursed","The Hierophant","The Immortal","The Jungle","The Poker Player","The Runesmith"],"gold_per_floor":[112,127,144,144,29,29,41,41,88,88,88,100,100,117,117,213,213,227,245,245,256,11,11,11],"floor_reached":23,"language":"KOR","playtime":1169,"items_purged":[],"score":208,"play_id":"858ae0b7-6e4d-4ed3-b1fb-d87015fd5d21","local_time":"20210225124731","is_ascension_mode":false,"campfire_choices":[{"data":"hermit:Determination","floor":6,"key":"SMITH"},{"data":"hermit:LowProfile","floor":8,"key":"SMITH"},{"data":"hermit:Gestalt","floor":11,"key":"SMITH"},{"data":"hermit:Virtue","floor":13,"key":"SMITH"},{"data":"hermit:Gestalt","floor":15,"key":"SMITH"}],"circlet_count":0,"master_deck":["hermit:Strike_Hermit","hermit:Strike_Hermit","hermit:Strike_Hermit","hermit:Strike_Hermit","hermit:Defend_Hermit","hermit:Defend_Hermit","hermit:Defend_Hermit+1","hermit:Defend_Hermit","hermit:Snapshot","hermit:Covet+1","hermit:Gestalt+1","hermit:Determination+1","hermit:LowProfile+1","hermit:Gestalt+1","hermit:Virtue+1","hermit:Glare","hermit:Gambit","hermit:Quickdraw","hermit:Quickdraw","Ghostly","Ghostly","Ghostly","Ghostly","Ghostly","hermit:Virtue","hermit:Desperado","hermit:Glare","hermit:Determination+1"],"relics":["hermit:Momento","DemoMod:GnawedKey","War Paint","hermit:BartenderGlass","DollysMirror"],"acts_visited":["Exordium","TheCity"],"potions_floor_usage":[16,16,16,18,18,19,19,21,21,23,23],"damage_taken":[{"damage":11,"enemies":"Jaw Worm","floor":1,"turns":3},{"damage":11,"enemies":"Small Slimes","floor":2,"turns":3},{"damage":5,"enemies":"2 Louse","floor":3,"turns":2},{"damage":9,"enemies":"Large Slime","floor":7,"turns":7},{"damage":3,"enemies":"Red Slaver","floor":12,"turns":5},{"damage":6,"enemies":"Exordium Wildlife","floor":14,"turns":5},{"damage":4,"enemies":"Slime Boss","floor":16,"turns":15},{"damage":8,"enemies":"Spheric Guardian","floor":18,"turns":6},{"damage":10,"enemies":"Shell Parasite","floor":19,"turns":6},{"damage":15,"enemies":"Centurion and Healer","floor":21,"turns":12},{"damage":22,"enemies":"Book of Stabbing","floor":23,"turns":4}],"seed_played":"7889629239457022377","potions_obtained":[{"floor":2,"key":"hermit:Tonic"},{"floor":3,"key":"Weak Potion"},{"floor":7,"key":"EssenceOfSteel"},{"floor":16,"key":"FearPotion"},{"floor":19,"key":"ColorlessPotion"},{"floor":21,"key":"AttackPotion"}],"is_trial":false,"path_per_floor":["M","M","M","?","$","R","M","R","T","$","R","M","R","M","R","B",null,"M","M","?","M","$","E"],"character_chosen":"HERMIT","items_purchased":["DemoMod:GnawedKey","hermit:Desperado","hermit:Glare","DollysMirror"],"campfire_rested":0,"item_purchase_floors":[5,22,22,22],"current_hp_per_floor":[64,53,48,48,48,48,39,39,39,39,39,36,36,30,30,26,75,67,57,37,22,22,0,0],"gold":11,"neow_bonus":"THREE_CARDS","is_daily":false,"chose_seed":false,"campfire_upgraded":5,"win_rate":0.0,"timestamp":1614224851,"path_taken":["M","M","M","?","$","R","M","R","T","$","R","M","R","M","R","BOSS","M","M","?","M","$","E"],"items_purchased_type":["Relic","Card","Card","Relic"],"build_version":"2020-12-22","purchased_purges":0,"victory":false,"max_hp_per_floor":[75,75,75,75,75,75,75,75,75,75,75,75,75,75,75,75,75,75,75,37,37,37,37,37],"card_choices":[{"not_picked":["hermit:BodyArmor","hermit:Coalescence"],"picked":"hermit:Gestalt","floor":0},{"not_picked":["hermit:Coalescence","hermit:TakeAim"],"picked":"hermit:Determination","floor":1},{"not_picked":["hermit:Vantage","hermit:Deadeye"],"picked":"hermit:LowProfile","floor":2},{"not_picked":["hermit:CursedWeapon","hermit:BodyArmor","hermit:Dive"],"picked":"SKIP","floor":3},{"not_picked":["hermit:ShadowCloak","hermit:GhostlyPresence"],"picked":"hermit:Gestalt","floor":7},{"not_picked":["hermit:Snipe","hermit:ShadowCloak"],"picked":"hermit:Virtue","floor":12},{"not_picked":["hermit:FlashPowder","hermit:Deadeye"],"picked":"hermit:Glare","floor":14},{"not_picked":["hermit:OverwhelmingPower","hermit:DeadOrAlive"],"picked":"hermit:Gambit","floor":16},{"not_picked":["hermit:Snipe","hermit:CursedWeapon"],"picked":"hermit:Quickdraw","floor":18},{"not_picked":["hermit:Shortfuse","hermit:CalledShot"],"picked":"hermit:Quickdraw","floor":19},{"not_picked":["hermit:Shortfuse","hermit:Quickdraw"],"picked":"hermit:Virtue","floor":21}],"player_experience":261739,"relics_obtained":[{"floor":9,"key":"War Paint"}],"event_choices":[{"damage_healed":0,"gold_gain":0,"player_choice":"Leave","damage_taken":0,"max_hp_gain":0,"max_hp_loss":0,"event_name":"The Cleric","floor":4,"gold_loss":0},{"damage_healed":0,"gold_gain":0,"player_choice":"Became a Ghost","damage_taken":0,"max_hp_gain":0,"max_hp_loss":38,"event_name":"Ghosts","floor":20,"gold_loss":0,"cards_obtained":["Ghostly","Ghostly","Ghostly","Ghostly","Ghostly"]}],"is_beta":false,"boss_relics":[{"not_picked":["Philosopher\u0027s Stone","hermit:DentedPlate"],"picked":"hermit:BartenderGlass"}],"items_purged_floors":[],"is_endless":false,"potions_floor_spawned":[2,3,7,16,19,21],"killed_by":"Book of Stabbing","ascension_level":0}}