{"host":"vrsxkkch9ccrec7k","time":1614213643,"event":{"mods":["Act Like it!","BaseMod","Bestiary","Better Altar","Better Match","Better Note","Better Sensory Stone","Better Skull","Better Third Choice","Better Vampires","Downfall","Minty Spire (QoL Compilation)","Permanent Neow","Relic Stats","Spicy Shops","StSLib"],"gold_per_floor":[99,113,132,151,3,3,27,59,71,83,80,92,104,141,172,255,267,279,307,319,2,21,21,21,40,66,66,81,110,10,10,29,29,29,29],"floor_reached":33,"language":"ENG","playtime":2552,"items_purged":["champ:Strike"],"score":513,"play_id":"670ef907-e433-44db-8ee7-de2f1acbdefd","local_time":"20210224194043","is_ascension_mode":true,"campfire_choices":[{"data":"champ:Taunt","floor":1,"key":"SMITH"},{"data":"champ:GladiatorForm","floor":6,"key":"SMITH"},{"data":"champ:Haymaker","floor":9,"key":"SMITH"},{"data":"champ:FocusedDefense","floor":13,"key":"SMITH"},{"data":"champ:TornadoPunch","floor":18,"key":"SMITH"},{"data":"champ:StanceDance","floor":23,"key":"SMITH"},{"floor":27,"key":"REST"},{"data":"champ:StanceDance","floor":30,"key":"SMITH"}],"circlet_count":0,"master_deck":["AscendersBane","champ:Strike","champ:Strike","champ:Strike","champ:Defend","champ:Defend","champ:Defend","champ:Defend","champ:Execute","champ:Taunt+1","champ:Haymaker+1","champ:TornadoPunch+1","champ:GutPunch","champ:GladiatorForm+1","champ:FocusedDefense+1","champ:StanceDance+1","champ:EnGarde","champ:DancingMaster+1","champ:Circumvent","champ:ShieldWall+1","champ:StanceDance+1","champ:CrookedStrike","champ:Circumvent","champ:StanceDance+1"],"relics":["champ:ChampionCrown","Happy Flower","Pantograph","MawBank","Frozen Egg 2","expansioncontent:StudyCardRelic","Oddly Smooth Stone","Nunchaku","MealTicket","downfall:HeartBlessingGreen"],"acts_visited":["Exordium","TheCity"],"potions_floor_usage":[5,14,14,16,29,33],"damage_taken":[{"damage":13,"enemies":"Cultist","floor":2,"turns":4},{"damage":13,"enemies":"Small Slimes","floor":3,"turns":4},{"damage":12,"enemies":"Jaw Worm","floor":4,"turns":4},{"damage":10,"enemies":"downfall:FleeingMerchant","floor":5,"turns":4},{"damage":19,"enemies":"Lots of Slimes","floor":8,"turns":2},{"damage":25,"enemies":"downfall:FleeingMerchant","floor":11,"turns":4},{"damage":8,"enemies":"Gremlin Nob","floor":14,"turns":4},{"damage":13,"enemies":"Blue Slaver","floor":15,"turns":3},{"damage":76,"enemies":"DF_ARCHETYPE_STREAMLINE","floor":16,"turns":14},{"damage":37,"enemies":"downfall:LooterAlt2","floor":19,"turns":4},{"damage":30,"enemies":"downfall:FleeingMerchant","floor":21,"turns":4},{"damage":15,"enemies":"Spheric Guardian","floor":22,"turns":3},{"damage":26,"enemies":"Snake Plant","floor":25,"turns":4},{"damage":27,"enemies":"Gremlin Leader","floor":26,"turns":7},{"damage":10,"enemies":"Centurion and Healer","floor":28,"turns":6},{"damage":32,"enemies":"Book of Stabbing","floor":29,"turns":7},{"damage":0,"enemies":"Chosen and Byrds","floor":32,"turns":3},{"damage":116,"enemies":"SI_MIRROR_ARCHETYPE","floor":33,"turns":16}],"seed_played":"8567925239114722675","potions_obtained":[{"floor":3,"key":"Fruit Juice"},{"floor":4,"key":"PowerPotion"},{"floor":8,"key":"Block Potion"},{"floor":14,"key":"BlessingOfTheForge"},{"floor":15,"key":"Explosive Potion"},{"floor":19,"key":"BlessingOfTheForge"},{"floor":26,"key":"Guardian:BlockOnCardUsePotion"},{"floor":32,"key":"SteroidPotion"}],"is_trial":false,"path_per_floor":["R","M","M","M","$","R","T","M","R","?","$","?","R","E","M","B",null,"R","M","?","$","M","R","T","M","E","R","M","E","R","?","M","B"],"character_chosen":"THE_CHAMP","items_purchased":["Pantograph","champ:ShieldWall+1","Oddly Smooth Stone"],"campfire_rested":1,"item_purchase_floors":[5,21,21],"current_hp_per_floor":[73,70,67,65,70,70,70,61,61,86,81,81,81,73,70,50,77,77,60,55,55,55,55,55,39,42,67,67,50,50,50,50,0,0,0],"gold":29,"neow_bonus":"RANDOM_COMMON_RELIC","is_daily":false,"chose_seed":false,"campfire_upgraded":7,"win_rate":0.0,"timestamp":1614213643,"path_taken":["R","M","M","M","$","R","T","M","R","?","?","?","R","E","M","BOSS","R","M","?","$","M","R","T","?","E","R","M","E","R","?","M","BOSS"],"items_purchased_type":["Relic","Card","Relic"],"build_version":"2020-12-22","purchased_purges":1,"victory":false,"max_hp_per_floor":[81,81,81,81,86,86,86,86,86,86,86,86,86,86,86,86,86,86,86,86,86,86,86,86,86,86,86,86,86,86,86,86,86,86,86],"relic_stats":{"Nunchaku":[5],"Happy Flower":[32],"counters":[18,97],"Pantograph":41,"MealTicket":0,"MawBank":168,"obtain_stats":[{"Nunchaku":26,"Happy Flower":0,"Pantograph":5,"Oddly Smooth Stone":21,"champ:ChampionCrown":0,"MealTicket":29,"downfall:HeartBlessingGreen":30,"expansioncontent:StudyCardRelic":17,"Frozen Egg 2":14,"MawBank":7},{"Nunchaku":14,"Happy Flower":0,"Pantograph":4,"Oddly Smooth Stone":11,"champ:ChampionCrown":0,"MealTicket":16,"downfall:HeartBlessingGreen":16,"expansioncontent:StudyCardRelic":9,"Frozen Egg 2":7,"MawBank":4},{"Nunchaku":65,"Happy Flower":0,"Pantograph":16,"Oddly Smooth Stone":51,"champ:ChampionCrown":0,"MealTicket":78,"downfall:HeartBlessingGreen":78,"expansioncontent:StudyCardRelic":43,"Frozen Egg 2":26,"MawBank":16}]},"card_choices":[{"not_picked":["champ:Shatter","champ:Parry"],"picked":"champ:Haymaker","floor":2},{"not_picked":["champ:BladeFlurry","champ:Haymaker"],"picked":"champ:TornadoPunch","floor":3},{"not_picked":["champ:BerserkersShout","champ:RapidStrikes"],"picked":"champ:GutPunch","floor":4},{"not_picked":["champ:TornadoPunch","champ:FanOfKnives"],"picked":"champ:GladiatorForm","floor":5},{"not_picked":["champ:RapidStrikes","champ:TornadoPunch"],"picked":"champ:FocusedBerserking","floor":8},{"not_picked":["champ:Shatter","champ:PreciseThrust"],"picked":"champ:FocusedDefense","floor":11},{"not_picked":["champ:BerserkersShout","champ:SetATrap"],"picked":"champ:StanceDance","floor":14},{"not_picked":["champ:CrownThrow","champ:PreciseThrust"],"picked":"champ:EnGarde","floor":15},{"not_picked":["champ:EnchantSword","champ:TripleStrike"],"picked":"champ:DancingMaster+1","floor":16},{"not_picked":["champ:SkillfulDodge","champ:EnGarde","champ:StanceDance"],"picked":"SKIP","floor":19},{"not_picked":["champ:EnragedBash+1","champ:BerserkersShout"],"picked":"champ:Circumvent","floor":21},{"not_picked":["champ:PerfectedStrike","champ:TornadoPunch"],"picked":"champ:StanceDance+1","floor":22},{"not_picked":["champ:BladeFlurry","champ:HeartStrike"],"picked":"champ:CrookedStrike","floor":25},{"not_picked":["champ:Backstep","champ:TornadoPunch","champ:CrownThrow+1"],"picked":"SKIP","floor":26},{"not_picked":["champ:RisingSlash","champ:BerserkersShout"],"picked":"champ:Circumvent","floor":28},{"not_picked":["champ:Encircle","champ:EnGarde"],"picked":"champ:StanceDance","floor":29},{"not_picked":["champ:DeathBlow","champ:RecklessLeap","champ:FanOfKnives"],"picked":"SKIP","floor":32}],"player_experience":2022980,"relics_obtained":[{"floor":7,"key":"MawBank"},{"floor":14,"key":"Frozen Egg 2"},{"floor":26,"key":"Nunchaku"},{"floor":29,"key":"MealTicket"}],"event_choices":[{"cards_removed":["champ:FocusedBerserking"],"damage_healed":25,"gold_gain":0,"player_choice":"Offered Uncommon","damage_taken":0,"max_hp_gain":0,"max_hp_loss":0,"event_name":"Bonfire Elementals","floor":10,"gold_loss":0},{"damage_healed":0,"gold_gain":1,"player_choice":"LEAVE","damage_taken":0,"max_hp_gain":0,"max_hp_loss":0,"event_name":"betterThird:BetterScrap","floor":12,"gold_loss":0,"cards_obtained":["Offering"]}],"is_beta":false,"boss_relics":[{"not_picked":["Philosopher\u0027s Stone","Calling Bell"],"picked":"expansioncontent:StudyCardRelic"}],"items_purged_floors":[21],"is_endless":false,"potions_floor_spawned":[3,4,8,14,15,19,26,28,32],"killed_by":"SI_MIRROR_ARCHETYPE","ascension_level":16}}