{"host":"veh3iuu7yass7ajm","time":1614225184,"event":{"mods":["2.2 Compatiblity","BaseMod","Beaked The Cultist","BetterRewards","Clockwork Mod","Colored Map","Colored Powertips","Conspire","DeckTracker","Downfall","GungeonMod","Hermit","Jedi Mod","Minty Spire (QoL Compilation)","RatMod","Relic Relevance Reorder","StSLib","Strawberry Spire","The Animator","The Death Knight","The Gatherer","Unknown Chances","Waifu the Spire"],"gold_per_floor":[115,115,115,134,144,178,178,198,198,216,250,86,86,112,112,217,217,234,246,24,39,58,58,78,78,103,103,103,115,132,167,167,262,262,276,24,36,54,54,54,64,64,64,64,93,3,3,3,3,3],"floor_reached":51,"language":"ENG","playtime":2643,"items_purged":["Strike_B","Strike_B"],"score":911,"play_id":"8fa378c2-28fb-4d57-bece-a020fc803707","local_time":"20210225165304","is_ascension_mode":true,"campfire_choices":[{"data":"Ball Lightning","floor":7.0,"key":"SMITH"},{"floor":13.0,"key":"REST"},{"data":"Loop","floor":15.0,"key":"SMITH"},{"data":"jedi:reiji","floor":23.0,"key":"SMITH"},{"data":"jedi:blockon","floor":25.0,"key":"SMITH"},{"floor":28,"key":"REST"},{"data":"Sunder","floor":32,"key":"SMITH"},{"floor":40,"key":"REST"},{"data":"strawberrySpire:AngeryBot","floor":42,"key":"SMITH"},{"floor":44,"key":"REST"},{"data":"jedi:overflow","floor":47,"key":"SMITH"},{"floor":49,"key":"REST"}],"circlet_count":0,"master_deck":["Defend_B+1","Defend_B","Defend_B","Zap+1","Conserve Battery","Cold Snap","Ball Lightning+1","Loop+1","Sweeping Beam","Buffer","jedi:blockon+1","Sunder+1","jedi:reiji+1","Reboot","Necronomicurse","strawberrySpire:NeonFlight","jedi:hex","strawberrySpire:Refactor","strawberrySpire:AngeryBot+1","Blizzard","Coolheaded+1","jedi:overflow+1"],"relics":["Cracked Core","Cables","jedi:archwizardhat","jedi:shrinkray","jedi:crownofsimplicity","jedi:hotpepper","strawberrySpire:ElectricRodnt","strawberrySpire:ElefentMask","Necronomicon","jedi:heavyjacket","conspire:SpecialSausage","Toy Ornithopter","conspire:DecoderRing"],"acts_visited":["Exordium","TheCity","TheBeyond"],"potions_floor_usage":[33,33,38,38],"damage_taken":[{"damage":6.0,"enemies":"2 Louse","floor":1.0,"turns":3.0},{"damage":0.0,"enemies":"conspire:RoseBush","floor":4.0,"turns":2.0},{"damage":0.0,"enemies":"Cultist","floor":5.0,"turns":4.0},{"damage":21.0,"enemies":"Gremlin Nob","floor":6.0,"turns":4.0},{"damage":1.0,"enemies":"Exordium Wildlife","floor":8.0,"turns":3.0},{"damage":0.0,"enemies":"2 Fungi Beasts","floor":10.0,"turns":3.0},{"damage":9.0,"enemies":"Lagavulin","floor":11.0,"turns":4.0},{"damage":3.0,"enemies":"3 Sentries","floor":14.0,"turns":5.0},{"damage":13.0,"enemies":"Hexaghost","floor":16.0,"turns":7.0},{"damage":6.0,"enemies":"conspire:FuzzyDice","floor":18.0,"turns":5.0},{"damage":0.0,"enemies":"Spheric Guardian","floor":19.0,"turns":4.0},{"damage":0.0,"enemies":"conspire:HollyBat","floor":21.0,"turns":7.0},{"damage":8.0,"enemies":"Shelled Parasite and Fungi","floor":22.0,"turns":3.0},{"damage":0.0,"enemies":"3 Cultists","floor":24.0,"turns":3.0},{"damage":0,"enemies":"Snecko","floor":29,"turns":2},{"damage":0,"enemies":"Cultist and Chosen","floor":30,"turns":3},{"damage":2,"enemies":"conspire:Head Lice","floor":31,"turns":6},{"damage":21,"enemies":"Collector","floor":33,"turns":6},{"damage":13,"enemies":"3 Darklings","floor":35,"turns":3},{"damage":0,"enemies":"3 Shapes","floor":37,"turns":4},{"damage":18,"enemies":"Jaw Worm Horde","floor":38,"turns":3},{"damage":25,"enemies":"3 Darklings","floor":41,"turns":4},{"damage":0,"enemies":"Giant Head","floor":45,"turns":6},{"damage":42,"enemies":"Donu and Deca","floor":50,"turns":11}],"seed_played":"-3454926961646489645","potions_obtained":[{"floor":1.0,"key":"SkillPotion"},{"floor":6.0,"key":"FearPotion"},{"floor":14.0,"key":"GamblersBrew"},{"floor":16.0,"key":"Fire Potion"},{"floor":21.0,"key":"Strength Potion"},{"floor":22.0,"key":"AttackPotion"},{"floor":24.0,"key":"jedi:wingpotion"},{"floor":31,"key":"Guardian:BlockOnCardUsePotion"},{"floor":37,"key":"Dexterity Potion"}],"is_trial":false,"path_per_floor":["M","?","?","M","M","E","R","M","T","M","E","$","R","E","R","B",null,"M","M","$","M","M","R","M","R","T","?","R","M","M","E","R","B",null,"M","$","M","M","?","R","M","R","T","R","E","?","R","$","R","B",null],"character_chosen":"DEFECT","items_purchased":["Loop","Sweeping Beam","strawberrySpire:ElectricRodnt","Sunder","strawberrySpire:AngeryBot","Blizzard"],"campfire_rested":5,"item_purchase_floors":[12,12,20,20,36,36],"current_hp_per_floor":[69,62,62,62,62,41,41,40,40,40,31,31,53,50,50,37,56,50,50,50,50,42,42,42,42,42,26,42,42,42,40,40,19,56,43,43,43,25,25,41,16,16,16,32,32,32,32,32,48,6],"gold":3,"neow_bonus":"REMOVE_CARD","is_daily":false,"chose_seed":false,"campfire_upgraded":7,"win_rate":0.0,"timestamp":1614225184,"path_taken":["M","?","?","M","?","E","R","M","T","M","E","$","R","E","R","BOSS","M","M","$","M","M","R","M","R","T","?","R","M","M","E","R","BOSS","M","$","M","M","?","R","M","R","T","R","E","?","R","$","R","BOSS"],"items_purchased_type":["Card","Card","Relic","Card","Card","Card"],"build_version":"2020-12-22","purchased_purges":2,"victory":true,"max_hp_per_floor":[75,75,75,75,75,75,75,75,75,75,75,75,75,75,75,75,56,56,56,56,56,56,56,56,56,56,56,56,56,56,56,56,56,56,56,56,56,56,56,56,56,56,56,56,56,56,56,56,56,56],"card_choices":[{"not_picked":["Steam","jedi:overflow"],"picked":"Conserve Battery","floor":1.0},{"not_picked":["strawberrySpire:BlasterWyrm","strawberrySpire:NeonFlight","jedi:blockon"],"picked":"SKIP","floor":4.0},{"not_picked":["strawberrySpire:Disconnect","Streamline"],"picked":"Cold Snap","floor":5.0},{"not_picked":["Glacier","strawberrySpire:GearCrunch"],"picked":"Ball Lightning","floor":6.0},{"not_picked":["Self Repair","jedi:BurstLightning","Ball Lightning"],"picked":"SKIP","floor":8.0},{"not_picked":["Force Field","jedi:BurstLightning","jedi:overflow"],"picked":"SKIP","floor":10.0},{"not_picked":["strawberrySpire:DataDump","jedi:sharpshooter","strawberrySpire:Gammacceleration"],"picked":"SKIP","floor":11.0},{"not_picked":["Tempest","Leap","Hologram"],"picked":"SKIP","floor":14.0},{"not_picked":["Biased Cognition","All For One"],"picked":"Buffer","floor":16.0},{"not_picked":["strawberrySpire:DataDump+1","Streamline+1"],"picked":"jedi:blockon","floor":18.0},{"not_picked":["Force Field+1","Cold Snap","Hologram"],"picked":"SKIP","floor":19.0},{"not_picked":["Reprogram","jedi:BurstFrost"],"picked":"jedi:reiji","floor":21.0},{"not_picked":["strawberrySpire:THEL","jedi:BurstFrost"],"picked":"Reboot","floor":22.0},{"not_picked":["Leap+1","Beam Cell","strawberrySpire:Disconnect"],"picked":"SKIP","floor":24.0},{"not_picked":["strawberrySpire:Disconnect+1","Streamline+1"],"picked":"strawberrySpire:NeonFlight","floor":29},{"not_picked":["Streamline","Storm","Rainbow"],"picked":"SKIP","floor":30},{"not_picked":["Stack+1","jedi:gatheringstorm"],"picked":"jedi:hex","floor":31},{"not_picked":["jedi:darknesscall","Seek"],"picked":"strawberrySpire:Refactor","floor":33},{"not_picked":["strawberrySpire:Adapter+1","Compile Driver","BootSequence+1"],"picked":"SKIP","floor":35},{"not_picked":["strawberrySpire:DataDump","jedi:BurstFrost","strawberrySpire:Adapter+1"],"picked":"SKIP","floor":37},{"not_picked":["Cold Snap","strawberrySpire:Package"],"picked":"Coolheaded+1","floor":38},{"not_picked":["Scrape+1","Reboot","Rebound"],"picked":"SKIP","floor":41},{"not_picked":["strawberrySpire:Package","strawberrySpire:GearCrunch+1"],"picked":"jedi:overflow","floor":45}],"player_experience":175338,"relics_obtained":[{"floor":6.0,"key":"Cables"},{"floor":9.0,"key":"jedi:archwizardhat"},{"floor":11.0,"key":"jedi:shrinkray"},{"floor":14.0,"key":"jedi:crownofsimplicity"},{"floor":26.0,"key":"strawberrySpire:ElefentMask"},{"floor":27,"key":"Necronomicon"},{"floor":31,"key":"jedi:heavyjacket"},{"floor":43,"key":"Toy Ornithopter"},{"floor":45,"key":"conspire:DecoderRing"}],"event_choices":[{"cards_removed":["Strike_B"],"damage_healed":0.0,"max_hp_gain":0.0,"max_hp_loss":0.0,"gold_gain":0.0,"event_name":"Golden Wing","player_choice":"Card Removal","floor":2.0,"gold_loss":0.0,"damage_taken":7.0},{"damage_healed":0.0,"max_hp_gain":0.0,"max_hp_loss":0.0,"gold_gain":0.0,"event_name":"Upgrade Shrine","player_choice":"Upgraded","floor":3.0,"gold_loss":0.0,"damage_taken":0.0,"cards_upgraded":["Zap"]},{"damage_healed":0,"gold_gain":0,"player_choice":"Obtained Book","damage_taken":16,"max_hp_gain":0,"max_hp_loss":0,"event_name":"Cursed Tome","floor":27,"gold_loss":0},{"cards_removed":["Defend_B"],"damage_healed":0,"gold_gain":0,"player_choice":"Removed Skill","damage_taken":0,"max_hp_gain":0,"max_hp_loss":0,"event_name":"Falling","floor":39,"gold_loss":0},{"cards_removed":["Dualcast"],"damage_healed":0,"gold_gain":0,"player_choice":"Upgrade and Remove","damage_taken":0,"max_hp_gain":0,"max_hp_loss":0,"event_name":"Designer","floor":46,"gold_loss":90,"cards_upgraded":["Defend_B"]}],"is_beta":false,"boss_relics":[{"not_picked":["conspire:RunicOctahedron","bronze:MakeshiftBattery"],"picked":"jedi:hotpepper"},{"not_picked":["Busted Crown","beaked:SacredDeck"],"picked":"conspire:SpecialSausage"}],"items_purged_floors":[12,36],"is_endless":false,"potions_floor_spawned":[1,6,14,16,21,22,24,31,37],"ascension_level":2}}