{"host":"w4ub8crw9ou4a5am","time":1614274752,"event":{"mods":["2.2 Compatiblity","BaseMod","Challenge The Spire","Colored Powertips","Duelist Mod","Hermit","HololiveMod","Jorbs\u0027s Wanderer Trilogy","KinomotoSakuraMod(????)","Koishi","Marisa????????","Minty Spire (QoL Compilation)","Quick Restart","Rare Cards Sparkle","Reimu??????","Remilia??????","StSLib","The Animator","The Bug Knight","The Cursed","The Disciple","The Hierophant","The Jungle","The Marked","The Necromancer","The Senshi","The Servant 0.9.4","WarShipGirlsR/????R mod"],"gold_per_floor":[114,114,129,144,159,174,174,174,174,174,204,197,212,224,224,302,302,317,317,277,277,127,156,170,200,200,193,118,133,133,133,133,233,233,248,263,278,278,293,293,323,20,20,32,62,62,62,77,77],"floor_reached":50,"language":"ENG","playtime":8639,"items_purged":["Poor:ReiMu"],"score":1019,"play_id":"f123aa09-dfc2-4290-98df-64435a5e907e","local_time":"20210225123912","daily_mods":["Insanity","Time Dilation","Night Terrors"],"is_ascension_mode":false,"campfire_choices":[{"data":"TheCursedMod:AbyssShockwave","floor":10,"key":"SMITH"},{"data":"TheCursedMod:OutForBlood","floor":15,"key":"SMITH"},{"data":"TheCursedMod:HellsGateOpen","floor":30,"key":"SMITH"},{"data":"TheCursedMod:HellsGateOpen","floor":32,"key":"SMITH"},{"floor":40,"key":"REST"},{"floor":46,"key":"REST"}],"circlet_count":0,"master_deck":["TheCursedMod:SurpriseAttack","TheCursedMod:Obscuration","TheCursedMod:Stigma","TheCursedMod:CircleOfFlame","TheCursedMod:RavingStaff","TheCursedMod:VitalStrike","TheCursedMod:Obscuration","TheCursedMod:SaltUponWound","TheCursedMod:SoulReap","TheCursedMod:CircleOfFocus","TheCursedMod:SurpriseAttack","TheCursedMod:CircleOfWindfury","TheCursedMod:BlessingInDisguise","TheCursedMod:CursedBlade","TheCursedMod:SpitefulPray+1","TheCursedMod:SpitefulPlan","TheCursedMod:SurpriseAttack","TheCursedMod:CursedBlade","TheCursedMod:Obscuration","TheCursedMod:CursedBlade","TheCursedMod:FleshFromBone","TheCursedMod:VitalStrike","TheCursedMod:VitalStrike","TheCursedMod:BlessingInDisguise","TheCursedMod:CursedAmulet","TheCursedMod:CursedArmor","TheCursedMod:Obscuration","TheCursedMod:WearCloak","TheCursedMod:RavingStaff","TheCursedMod:CircleOfCorruption","TheCursedMod:CircleOfWindfury","TheCursedMod:CursedAmulet","TheCursedMod:CircleOfCorruption","TheCursedMod:CursedAmulet","TheCursedMod:CursedShiv","TheCursedMod:DoubleShield","TheCursedMod:CursedBlade","TheCursedMod:SaltUponWound","TheCursedMod:SpitefulPlan","TheCursedMod:ReleasedKnowledge","TheCursedMod:Stigma","TheCursedMod:TacticalStrike","TheCursedMod:RavingStaff","TheCursedMod:SmokeScreen","TheCursedMod:DoubleShield","TheCursedMod:LuckyCharm","TheCursedMod:ManaBullet","TheCursedMod:HellsGateOpen","TheCursedMod:VitalStrike","TheCursedMod:HellsGateOpen+1","TheCursedMod:CircleOfCorruption","TheCursedMod:AbyssShockwave+1","TheCursedMod:CursedShiv","TheCursedMod:CursedBlade","TheCursedMod:OutForBlood+1","TheCursedMod:CursedAmulet+1","TheCursedMod:SpitefulPray+1","TheCursedMod:WearCloak+1","TheCursedMod:CircleOfAbyss+1","TheCursedMod:ManaBullet","TheCursedMod:CircleOfFlame+1","TheCursedMod:SpreadPlague+1","TheCursedMod:HellsGateOpen+1","TheCursedMod:BloodBarrier+1","TheCursedMod:CircleOfFlame+1","TheCursedMod:AbyssShockwave","TheCursedMod:DarkBarrier+1","TheCursedMod:Hemoplague+1","TheCursedMod:Obscuration+1","TheCursedMod:RavingStaff+1","TheCursedMod:TacticalStrike+1","TheCursedMod:StunningStrike","TheCursedMod:SurpriseAttack","TheCursedMod:CursedMace+1","TheCursedMod:CircleOfFlame+1","TheCursedMod:ReleasedStrength+1"],"relics":["TheCursedMod:BlackMagic101","YidongShenshe:ReiMu","Toxic Egg 2","FossilizedHelix","RedLine:ReiMu","ZunR:ReiMu","PreservedInsect","Nunchaku","Blood Vial","HollowMod:LifeEnderRelic","Fusion Hammer","Smiling Mask","TheCursedMod:DemonicMark","Ginger","Calipers","ScarletDevilRocket"],"acts_visited":["Exordium","TheCity","TheBeyond"],"potions_floor_usage":[6,11,16,16,33,33,33,49,49,49],"damage_taken":[{"damage":0,"enemies":"2 Louse","floor":1,"turns":1},{"damage":0,"enemies":"Small Slimes","floor":3,"turns":1},{"damage":0,"enemies":"Jaw Worm","floor":4,"turns":3},{"damage":0,"enemies":"Large Slime","floor":5,"turns":5},{"damage":0,"enemies":"2 Fungi Beasts","floor":6,"turns":2},{"damage":2,"enemies":"HollowMod:MossKnight","floor":11,"turns":3},{"damage":0,"enemies":"Gremlin Gang","floor":12,"turns":2},{"damage":0,"enemies":"Blue Slaver","floor":13,"turns":1},{"damage":0,"enemies":"3 Louse","floor":14,"turns":2},{"damage":22,"enemies":"The Guardian","floor":16,"turns":4},{"damage":0,"enemies":"Chosen","floor":18,"turns":4},{"damage":0,"enemies":"Gremlin Leader","floor":23,"turns":1},{"damage":0,"enemies":"Chosen and Byrds","floor":24,"turns":3},{"damage":0,"enemies":"theDuelist:KaibaA2","floor":25,"turns":3},{"damage":0,"enemies":"Snecko","floor":27,"turns":2},{"damage":0,"enemies":"Centurion and Healer","floor":29,"turns":4},{"damage":43,"enemies":"Collector","floor":33,"turns":7},{"damage":0,"enemies":"3 Shapes","floor":35,"turns":3},{"damage":0,"enemies":"Orb Walker","floor":36,"turns":2},{"damage":0,"enemies":"Spire Growth","floor":37,"turns":3},{"damage":0,"enemies":"Jaw Worm Horde","floor":39,"turns":2},{"damage":0,"enemies":"Reptomancer","floor":41,"turns":3},{"damage":0,"enemies":"2 Orb Walkers","floor":44,"turns":2},{"damage":0,"enemies":"HollowMod:StalkingDevout","floor":45,"turns":3},{"damage":0,"enemies":"Sphere and 2 Shapes","floor":48,"turns":2},{"damage":66,"enemies":"Donu and Deca","floor":49,"turns":8}],"seed_played":"3523290589944034342","potions_obtained":[{"floor":3,"key":"TheCursedMod:DregsPotion"},{"floor":4,"key":"Block Potion"},{"floor":6,"key":"AttackPotion"},{"floor":11,"key":"PowerPotion"},{"floor":16,"key":"SteroidPotion"},{"floor":23,"key":"TheCursedMod:DregsPotion"},{"floor":27,"key":"FearPotion"},{"floor":33,"key":"Ancient Potion"},{"floor":35,"key":"Dexterity Potion"},{"floor":36,"key":"Weak Potion"}],"is_trial":false,"path_per_floor":["M","?","M","M","M","M","?","?","T","R","E","M","M","M","R","B",null,"M","?","?","?","$","E","M","E","T","M","$","M","R","?","R","B",null,"M","M","M","?","M","R","E","$","T","?","E","R","?","M","B",null],"character_chosen":"THE_CURSED","items_purchased":["PreservedInsect","TheCursedMod:DemonicMark","TheCursedMod:SurpriseAttack"],"campfire_rested":2,"item_purchase_floors":[22,42,42],"current_hp_per_floor":[75,75,75,75,75,75,75,80,80,80,78,80,80,80,80,58,80,80,80,80,80,80,80,80,80,80,80,80,80,80,80,80,37,80,80,80,80,80,80,75,75,75,75,75,75,70,70,70,4],"gold":77,"neow_bonus":"","is_daily":true,"chose_seed":false,"campfire_upgraded":4,"win_rate":0.0,"timestamp":1614274752,"path_taken":["M","?","M","M","M","M","?","?","T","R","E","M","M","M","R","BOSS","M","?","?","?","$","E","M","E","T","M","$","M","R","?","R","BOSS","M","M","M","?","M","R","E","$","T","?","E","R","?","M","BOSS"],"items_purchased_type":["Relic","Relic","Card"],"build_version":"2020-12-22","purchased_purges":1,"victory":true,"max_hp_per_floor":[75,75,75,75,75,75,75,80,80,80,80,80,80,80,80,80,80,80,80,80,80,80,80,80,80,80,80,80,80,80,80,80,80,80,80,80,80,80,80,75,75,75,75,75,75,70,70,70,70],"card_choices":[{"not_picked":["TheCursedMod:Obscuration","TheCursedMod:RapidMovement"],"picked":"TheCursedMod:HellsGateOpen","floor":1},{"not_picked":["TheCursedMod:CursedMace","TheCursedMod:RavingStaff"],"picked":"TheCursedMod:CircleOfCorruption","floor":3},{"not_picked":["TheCursedMod:SmokeScreen","TheCursedMod:FleshFromBone"],"picked":"TheCursedMod:AbyssShockwave","floor":4},{"not_picked":["TheCursedMod:AbyssShockwave","TheCursedMod:Torture"],"picked":"TheCursedMod:CursedShiv","floor":5},{"not_picked":["TheCursedMod:CursedMace","TheCursedMod:Stretching"],"picked":"TheCursedMod:CursedBlade","floor":6},{"not_picked":["TheCursedMod:SpitefulPray+1","TheCursedMod:SpitefulStrike"],"picked":"TheCursedMod:OutForBlood","floor":11},{"not_picked":["TheCursedMod:Stigma","TheCursedMod:RavingStaff"],"picked":"TheCursedMod:CursedAmulet+1","floor":12},{"not_picked":["TheCursedMod:CircleOfCorruption+1","TheCursedMod:ReleasedKnowledge+1"],"picked":"TheCursedMod:SpitefulPray+1","floor":13},{"not_picked":["TheCursedMod:TacticalStrike","TheCursedMod:AbyssShockwave"],"picked":"TheCursedMod:WearCloak+1","floor":14},{"not_picked":["TheCursedMod:Neurasthenia+1","TheCursedMod:StunningStrike"],"picked":"TheCursedMod:CircleOfAbyss+1","floor":16},{"not_picked":["TheCursedMod:Stretching+1","TheCursedMod:Mangle+1"],"picked":"TheCursedMod:ManaBullet","floor":18},{"not_picked":["TheCursedMod:Obscuration+1","TheCursedMod:AshesToAshes+1"],"picked":"TheCursedMod:SpreadPlague+1","floor":23},{"not_picked":["TheCursedMod:LuckyCharm","TheCursedMod:Obscuration+1"],"picked":"TheCursedMod:HellsGateOpen","floor":24},{"not_picked":["TheCursedMod:SpitefulPlan","TheCursedMod:RavingStaff+1"],"picked":"TheCursedMod:BloodBarrier+1","floor":25},{"not_picked":["TheCursedMod:Stretching+1","TheCursedMod:CursedAmulet+1"],"picked":"TheCursedMod:CircleOfFlame+1","floor":27},{"not_picked":["TheCursedMod:CursedShiv","TheCursedMod:CursedMace"],"picked":"TheCursedMod:AbyssShockwave","floor":29},{"not_picked":["TheCursedMod:OutForBlood","TheCursedMod:Neurasthenia+1"],"picked":"TheCursedMod:DarkBarrier+1","floor":33},{"not_picked":["TheCursedMod:WearCloak+1","TheCursedMod:CursedShiv+1"],"picked":"TheCursedMod:Hemoplague+1","floor":35},{"not_picked":["TheCursedMod:SaltUponWound+1","TheCursedMod:CursedMace"],"picked":"TheCursedMod:Obscuration+1","floor":36},{"not_picked":["TheCursedMod:RapidMovement+1","TheCursedMod:Mangle"],"picked":"TheCursedMod:RavingStaff+1","floor":37},{"not_picked":["TheCursedMod:Wield","TheCursedMod:BlessingInDisguise+1"],"picked":"TheCursedMod:TacticalStrike+1","floor":39},{"not_picked":["TheCursedMod:BlessingInDisguise+1","TheCursedMod:CursedAmulet+1"],"picked":"TheCursedMod:StunningStrike","floor":41},{"not_picked":["TheCursedMod:CursedBoomerang","TheCursedMod:WearCloak+1"],"picked":"TheCursedMod:CursedMace+1","floor":44},{"not_picked":["TheCursedMod:CursedMace","TheCursedMod:CursedSpellbook+1"],"picked":"TheCursedMod:CircleOfFlame+1","floor":45},{"not_picked":["TheCursedMod:PrepareRite+1","TheCursedMod:Stigma+1"],"picked":"TheCursedMod:ReleasedStrength+1","floor":48}],"player_experience":1779317,"relics_obtained":[{"floor":9,"key":"Toxic Egg 2"},{"floor":11,"key":"FossilizedHelix"},{"floor":23,"key":"Nunchaku"},{"floor":25,"key":"Blood Vial"},{"floor":26,"key":"HollowMod:LifeEnderRelic"},{"floor":41,"key":"Smiling Mask"},{"floor":43,"key":"Ginger"},{"floor":44,"key":"Calipers"},{"floor":45,"key":"ScarletDevilRocket"}],"event_choices":[{"damage_healed":0,"gold_gain":0,"player_choice":"Ignored","damage_taken":0,"max_hp_gain":0,"max_hp_loss":0,"event_name":"Golden Wing","floor":2,"gold_loss":0},{"damage_healed":0,"gold_gain":0,"player_choice":"Take Tiny Shrine away","damage_taken":0,"relics_obtained":["YidongShenshe:ReiMu"],"max_hp_gain":0,"max_hp_loss":0,"event_name":"yidonshenshe","floor":7,"gold_loss":0,"cards_obtained":["Poor:ReiMu"]},{"damage_healed":0,"gold_gain":0,"player_choice":"Donut","damage_taken":0,"max_hp_gain":5,"max_hp_loss":0,"event_name":"Big Fish","floor":8,"gold_loss":0},{"damage_healed":0,"gold_gain":0,"player_choice":"Read","damage_taken":0,"max_hp_gain":0,"max_hp_loss":0,"event_name":"The Library","floor":19,"gold_loss":0,"cards_obtained":["TheCursedMod:CircleOfFlame"]},{"damage_healed":0,"gold_gain":0,"player_choice":"Keep O-miki","damage_taken":0,"relics_obtained":["ZunR:ReiMu"],"max_hp_gain":0,"max_hp_loss":0,"event_name":"ZunEvent","floor":20,"gold_loss":40},{"damage_healed":0,"gold_gain":0,"player_choice":"Ignored","damage_taken":0,"max_hp_gain":0,"max_hp_loss":0,"event_name":"Beggar","floor":21,"gold_loss":0},{"damage_healed":0,"gold_gain":0,"player_choice":"Ignored","damage_taken":0,"max_hp_gain":0,"max_hp_loss":0,"event_name":"Vampires","floor":31,"gold_loss":0},{"cards_removed":["TheCursedMod:HellsGateOpen"],"damage_healed":0,"gold_gain":0,"player_choice":"Removed Power","damage_taken":0,"max_hp_gain":0,"max_hp_loss":0,"event_name":"Falling","floor":38,"gold_loss":0},{"damage_healed":0,"gold_gain":0,"player_choice":"Fight","damage_taken":0,"max_hp_gain":0,"max_hp_loss":0,"event_name":"Mysterious Sphere","floor":44,"gold_loss":0},{"damage_healed":0,"gold_gain":0,"player_choice":"Upgraded","damage_taken":0,"max_hp_gain":0,"max_hp_loss":0,"event_name":"Upgrade Shrine","floor":47,"gold_loss":0,"cards_upgraded":["TheCursedMod:SpitefulPray"]}],"is_beta":false,"boss_relics":[{"not_picked":["Hololive_ChaosS","SacredBark"],"picked":"RedLine:ReiMu"},{"not_picked":["TheCursedMod:FourLeafCloverCharm","Runic Dome"],"picked":"Fusion Hammer"}],"items_purged_floors":[28],"is_endless":false,"potions_floor_spawned":[3,4,6,11,16,23,27,33,35,36,37,44],"ascension_level":0}}