{"host":"dg9ago0zd82drrsw","time":1614235866,"event":{"mods":["BaseMod","Bestiary","Colored Powertips","Downfall","GifTheSpireLib","Minty Spire (QoL Compilation)","Relic Stats","StSLib"],"gold_per_floor":[99,119,134,134,147,160,187,187,198,40,40,40,40,25,40,138,138,138,338,348,258,258,258,258,258,289,67,84,99,99,99,114,209,209,209,226,244,294,309,131,156,156,156,156,156,183,83,126,163,163],"floor_reached":51,"language":"ENG","playtime":2386,"items_purged":["downfall:Haunted","Slimebound:Tackle"],"score":954,"play_id":"f40f09e9-c073-494c-81e2-fa89116bc867","local_time":"20210225095106","is_ascension_mode":true,"campfire_choices":[{"data":"Slimebound:Split","floor":1,"key":"SMITH"},{"data":"Slimebound:SlimeTap","floor":8,"key":"SMITH"},{"data":"Slimebound:LevelUp","floor":11,"key":"SMITH"},{"data":"Slimebound:FirmFortitude","floor":13,"key":"SMITH"},{"data":"Slimebound:CorrosiveSpit","floor":18,"key":"SMITH"},{"data":"Slimebound:LeadByExample","floor":23,"key":"SMITH"},{"data":"Slimebound:ServeAndProtect","floor":30,"key":"SMITH"},{"data":"Slimebound:Teamwork","floor":35,"key":"SMITH"},{"data":"Slimebound:SplitSpecialist","floor":42,"key":"SMITH"},{"data":"Slimebound:DuplicatedForm","floor":45,"key":"SMITH"},{"data":"Slimebound:MinionMaster","floor":47,"key":"SMITH"}],"circlet_count":0,"master_deck":["Slimebound:Strike_Slimebound+1","Slimebound:Strike_Slimebound+1","Slimebound:Strike_Slimebound+1","Slimebound:Defend_Slimebound+1","Slimebound:Defend_Slimebound+1","Slimebound:Defend_Slimebound+1","Slimebound:Defend_Slimebound+1","Slimebound:Split+1","Slimebound:CorrosiveSpit+1","Slimebound:SlimeTap+1","Slimebound:SplitSpecialist+1","Slimebound:GoopSpray","Slimebound:SplitSpecialist","Slimebound:ServeAndProtect+1","Slimebound:RallyTheTroops","Slimebound:SplitAcid","Slimebound:LevelUp+1","Slimebound:FirmFortitude+1","Slimebound:LeadByExample+1","Slimebound:GoopSpray","Slimebound:MinionMaster+1","Slimebound:SlimeSpikes+1","Slimebound:RejuvenatingLick","Slimebound:SplitSpecialist+1","Slimebound:SplitSpecialist","Slimebound:SplitBruiser","Slimebound:FormOfPuddle","Slimebound:ForwardTackle+1","Slimebound:Teamwork+1","Slimebound:SplitMire+1","Slimebound:SplitLeeching+1","Slimebound:FormOfPuddle","Slimebound:DuplicatedForm+1","Slimebound:RejuvenatingLick+1","Slimebound:ForwardTackle+1","Parasite","Slimebound:Equalize+1"],"relics":["Slimebound:AbsorbEndCombat","PreservedInsect","Pocketwatch","Runic Pyramid","downfall:RedIOU","Bag of Preparation","Mummified Hand","Eternal Feather","SlaversCollar","Incense Burner","Bag of Marbles","Kunai","Molten Egg 2","downfall:HeartBlessingGreen","CeramicFish"],"acts_visited":["Exordium","TheCity","TheBeyond"],"potions_floor_usage":[5,20,20,27,29,33,36,44,50,50,50],"damage_taken":[{"damage":2,"enemies":"Jaw Worm","floor":2,"turns":3},{"damage":0,"enemies":"Cultist","floor":3,"turns":3},{"damage":5,"enemies":"Small Slimes","floor":5,"turns":3},{"damage":6,"enemies":"Blue Slaver","floor":6,"turns":4},{"damage":7,"enemies":"2 Fungi Beasts","floor":9,"turns":4},{"damage":0,"enemies":"downfall:FleeingMerchant","floor":10,"turns":4},{"damage":0,"enemies":"downfall:FleeingMerchant","floor":14,"turns":4},{"damage":5,"enemies":"3 Louse","floor":15,"turns":3},{"damage":27,"enemies":"IC_STATUS_ARCHETYPE","floor":16,"turns":6},{"damage":21,"enemies":"3 Byrds","floor":20,"turns":5},{"damage":0,"enemies":"downfall:FleeingMerchant","floor":21,"turns":4},{"damage":25,"enemies":"Gremlin Leader","floor":26,"turns":6},{"damage":3,"enemies":"downfall:FleeingMerchant","floor":27,"turns":2},{"damage":10,"enemies":"downfall:LooterAlt2","floor":28,"turns":4},{"damage":0,"enemies":"Chosen and Byrds","floor":29,"turns":4},{"damage":16,"enemies":"Sentry and Sphere","floor":32,"turns":5},{"damage":46,"enemies":"SI_MIRROR_ARCHETYPE","floor":33,"turns":13},{"damage":1,"enemies":"3 Darklings","floor":36,"turns":5},{"damage":7,"enemies":"3 Shapes","floor":37,"turns":4},{"damage":0,"enemies":"3 Shapes","floor":38,"turns":5},{"damage":4,"enemies":"3 Darklings","floor":39,"turns":5},{"damage":9,"enemies":"3 Darklings","floor":44,"turns":4},{"damage":5,"enemies":"Giant Head","floor":46,"turns":6},{"damage":9,"enemies":"Reptomancer","floor":48,"turns":3},{"damage":2,"enemies":"Writhing Mass","floor":49,"turns":6},{"damage":8,"enemies":"DF_ARCHETYPE_ORBS","floor":50,"turns":7}],"seed_played":"3612485673967745062","potions_obtained":[{"floor":2,"key":"EssenceOfSteel"},{"floor":3,"key":"Weak Potion"},{"floor":9,"key":"SpeedPotion"},{"floor":20,"key":"GamblersBrew"},{"floor":26,"key":"Regen Potion"},{"floor":32,"key":"PowerPotion"},{"floor":33,"key":"Slimebound:SlimedPotion"},{"floor":37,"key":"Slimebound:SlimyTonguePotion"},{"floor":38,"key":"DuplicationPotion"},{"floor":44,"key":"bronze:BurnAndBuffPotion"},{"floor":48,"key":"Slimebound:SpawnSlimePotion"}],"is_trial":false,"path_per_floor":["R","M","M","?","M","M","T","R","M","$","R","T","R","$","M","B",null,"R","?","M","$","?","R","T","?","E","$","M","M","R","?","M","B",null,"R","M","M","?","M","$","T","R","?","?","R","E","R","E","M","B",null],"character_chosen":"SLIMEBOUND","items_purchased":["Slimebound:FirmFortitude","Mummified Hand","Slimebound:SplitSpecialist","Eternal Feather","Slimebound:FormOfPuddle"],"campfire_rested":0,"item_purchase_floors":[10,27,27,27,40],"current_hp_per_floor":[65,65,65,65,64,62,62,62,61,65,65,65,65,65,65,44,60,60,60,41,43,43,43,43,43,26,32,28,34,49,75,61,23,62,75,75,70,75,73,73,73,75,75,66,75,75,75,68,72,75],"gold":163,"neow_bonus":"THREE_CARDS","is_daily":false,"chose_seed":false,"campfire_upgraded":11,"win_rate":0.0,"timestamp":1614235866,"path_taken":["R","M","M","?","M","?","T","R","M","?","R","?","R","$","M","BOSS","R","?","M","$","?","R","T","?","E","?","M","M","R","?","M","BOSS","R","M","?","?","M","$","T","R","?","?","R","E","R","E","M","BOSS"],"items_purchased_type":["Card","Relic","Card","Relic","Card"],"build_version":"2020-12-22","purchased_purges":2,"victory":true,"max_hp_per_floor":[65,65,65,65,65,65,65,65,65,65,65,65,65,65,65,65,65,65,65,65,65,65,65,65,65,65,65,65,65,65,75,75,75,75,75,75,75,75,75,75,75,75,75,75,75,75,75,75,75,75],"relic_stats":{"counters":[26,119],"Mummified Hand":[45],"CeramicFish":27,"Eternal Feather":39,"PreservedInsect":360,"Bag of Preparation":[28],"Kunai":[1],"obtain_stats":[{"CeramicFish":48,"Eternal Feather":27,"downfall:HeartBlessingGreen":47,"PreservedInsect":7,"Bag of Preparation":26,"Incense Burner":38,"SlaversCollar":34,"Mummified Hand":27,"Tiny Chest":24,"Molten Egg 2":46,"downfall:RedIOU":25,"Slimebound:AbsorbEndCombat":0,"Bag of Marbles":41,"Kunai":43,"Pocketwatch":12,"Runic Pyramid":17},{"CeramicFish":24,"Eternal Feather":13,"downfall:HeartBlessingGreen":23,"PreservedInsect":4,"Bag of Preparation":12,"Incense Burner":20,"SlaversCollar":17,"Mummified Hand":13,"Tiny Chest":11,"Molten Egg 2":23,"downfall:RedIOU":11,"Slimebound:AbsorbEndCombat":0,"Bag of Marbles":21,"Kunai":21,"Pocketwatch":6,"Runic Pyramid":9},{"CeramicFish":106,"Eternal Feather":50,"downfall:HeartBlessingGreen":103,"PreservedInsect":13,"Bag of Preparation":48,"Incense Burner":89,"SlaversCollar":75,"Mummified Hand":50,"Tiny Chest":42,"Molten Egg 2":103,"downfall:RedIOU":42,"Slimebound:AbsorbEndCombat":0,"Bag of Marbles":94,"Kunai":94,"Pocketwatch":21,"Runic Pyramid":34}],"Pocketwatch":[43]},"card_choices":[{"not_picked":["Slimebound:PressTheAttack","Slimebound:ComboTackle"],"picked":"Slimebound:SlimeTap","floor":0},{"not_picked":["Slimebound:AcidTongue","Slimebound:HauntingLick"],"picked":"Slimebound:SplitSpecialist","floor":2},{"not_picked":["Slimebound:GrowthPunch","Slimebound:Schlurp"],"picked":"Slimebound:GoopSpray","floor":3},{"not_picked":["Slimebound:SplitAcid","Slimebound:GoopSpray"],"picked":"Slimebound:ServeAndProtect","floor":5},{"not_picked":["Slimebound:Nibble","Slimebound:ForwardTackle"],"picked":"Slimebound:RallyTheTroops","floor":6},{"not_picked":["Slimebound:SpikyOuterGoop","Slimebound:LeechingTouch"],"picked":"Slimebound:SplitAcid","floor":9},{"not_picked":["Slimebound:LeechingTouch","Slimebound:DivideAndConquer"],"picked":"Slimebound:LevelUp","floor":10},{"not_picked":["Slimebound:LeechEnergy","Slimebound:SlimeBrawl"],"picked":"Slimebound:LeadByExample","floor":14},{"not_picked":["Slimebound:PressTheAttack","Slimebound:ItLooksTasty"],"picked":"Slimebound:GoopSpray","floor":15},{"not_picked":["Slimebound:PrepareCrush","Slimebound:WasteNot"],"picked":"Slimebound:MinionMaster","floor":16},{"not_picked":["Slimebound:LivingWall","Slimebound:Dissolve"],"picked":"Slimebound:SlimeSpikes+1","floor":20},{"not_picked":["Slimebound:GrowthPunch","Slimebound:RollThrough"],"picked":"Slimebound:OozeBath","floor":21},{"not_picked":["Slimebound:FinishingTackle","Slimebound:GoopTackle"],"picked":"Slimebound:RejuvenatingLick","floor":26},{"not_picked":["Slimebound:GoopSpray","Slimebound:ProtectTheBoss"],"picked":"Slimebound:SplitSpecialist+1","floor":27},{"not_picked":["Slimebound:FlameTackle+1","Slimebound:Grow"],"picked":"Slimebound:SplitBruiser","floor":28},{"not_picked":["Slimebound:FinishingTackle+1","Slimebound:Recycling"],"picked":"Slimebound:FormOfPuddle","floor":29},{"not_picked":["Slimebound:GoopTackle","Slimebound:ServeAndProtect+1"],"picked":"Slimebound:ForwardTackle+1","floor":32},{"not_picked":["Slimebound:DouseInSlime","Slimebound:OneTwoCombo"],"picked":"Slimebound:Teamwork","floor":33},{"not_picked":["Slimebound:GoopSpray","Slimebound:LeechingTouch+1","Slimebound:LivingWall"],"picked":"SKIP","floor":36},{"not_picked":["Slimebound:ProtectTheBoss+1","Slimebound:Repurpose+1"],"picked":"Slimebound:SplitMire+1","floor":37},{"not_picked":["Slimebound:PressTheAttack+1","Slimebound:HungryTackle"],"picked":"Slimebound:SplitLeeching+1","floor":38},{"not_picked":["Slimebound:SplitMire+1","Slimebound:BestDefense+1","Slimebound:RollThrough+1"],"picked":"SKIP","floor":39},{"not_picked":["Slimebound:Dissolve+1","Slimebound:SlimeBarrage"],"picked":"Slimebound:DuplicatedForm","floor":44},{"not_picked":["Slimebound:SplitMire+1","Slimebound:ItLooksTasty+1"],"picked":"Slimebound:RejuvenatingLick+1","floor":46},{"not_picked":["Slimebound:Recollect+1","Slimebound:Prepare"],"picked":"Slimebound:ForwardTackle+1","floor":48},{"not_picked":["Slimebound:RejuvenatingLick+1","Slimebound:Recollect"],"picked":"Slimebound:Equalize+1","floor":49}],"player_experience":779787,"relics_obtained":[{"floor":7,"key":"PreservedInsect"},{"floor":12,"key":"Pocketwatch"},{"floor":24,"key":"Tiny Chest"},{"floor":26,"key":"Bag of Preparation"},{"floor":38,"key":"Incense Burner"},{"floor":41,"key":"Bag of Marbles"},{"floor":43,"key":"Kunai"},{"floor":46,"key":"Molten Egg 2"},{"floor":48,"key":"CeramicFish"}],"event_choices":[{"cards_removed":["Slimebound:OozeBath"],"damage_healed":16,"gold_gain":0,"player_choice":"Offered Rare","damage_taken":0,"max_hp_gain":10,"max_hp_loss":0,"event_name":"Bonfire Elementals","floor":31,"gold_loss":0}],"is_beta":false,"boss_relics":[{"not_picked":["Fusion Hammer","Calling Bell"],"picked":"Runic Pyramid"},{"not_picked":["Coffee Dripper","bronze:MakeshiftBattery"],"picked":"SlaversCollar"}],"items_purged_floors":[21,40],"is_endless":false,"potions_floor_spawned":[2,3,9,20,26,32,33,37,38,44,48],"ascension_level":5}}