{"host":"e8rlfedn69rz2s07","time":1614287040,"event":{"mods":["AchievementEnabler","BaseMod","Minty Spire (QoL Compilation)","Permanent Neow","Relic Stats"],"gold_per_floor":[112,126,140,140,153,153,180,27,27,44,44,59,70,35,35,35,35],"floor_reached":16,"language":"ENG","playtime":629,"items_purged":["Strike_B"],"score":208,"play_id":"1796602e-4969-46a6-8a86-3af5cbdf8e5d","local_time":"20210225230400","is_ascension_mode":true,"campfire_choices":[{"floor":6,"key":"REST"},{"data":"Biased Cognition","floor":15,"key":"SMITH"}],"circlet_count":0,"master_deck":["AscendersBane","Strike_B","Strike_B","Strike_B","Defend_B","Defend_B","Defend_B","Defend_B","Zap","Dualcast","Biased Cognition+1","Cold Snap","Sweeping Beam","Leap","Auto Shields","Electrodynamics","Genetic Algorithm","Undo","Undo"],"relics":["Cracked Core","Darkstone Periapt","InkBottle","Meat on the Bone"],"acts_visited":["Exordium"],"potions_floor_usage":[12,16],"damage_taken":[{"damage":0,"enemies":"Cultist","floor":1,"turns":3},{"damage":1,"enemies":"2 Louse","floor":2,"turns":3},{"damage":6,"enemies":"Jaw Worm","floor":3,"turns":3},{"damage":8,"enemies":"Looter","floor":5,"turns":3},{"damage":14,"enemies":"3 Sentries","floor":7,"turns":9},{"damage":9,"enemies":"3 Louse","floor":10,"turns":2},{"damage":24,"enemies":"Gremlin Gang","floor":12,"turns":4},{"damage":1,"enemies":"Red Slaver","floor":13,"turns":5},{"damage":80,"enemies":"The Guardian","floor":16,"turns":17}],"seed_played":"3074747968919419926","potions_obtained":[{"floor":2,"key":"PowerPotion"},{"floor":10,"key":"Regen Potion"},{"floor":13,"key":"Block Potion"}],"is_trial":false,"path_per_floor":["M","M","M","?","M","R","E","$","T","M","?","M","M","?","R","B"],"character_chosen":"DEFECT","items_purchased":["Genetic Algorithm"],"campfire_rested":1,"item_purchase_floors":[8],"current_hp_per_floor":[46,45,39,39,31,52,38,38,38,29,29,17,28,45,45,0,0],"gold":35,"neow_bonus":"THREE_RARE_CARDS","is_daily":false,"chose_seed":false,"campfire_upgraded":1,"win_rate":0.0,"timestamp":1614287040,"path_taken":["M","?","M","?","M","R","E","?","T","M","?","M","M","?","R","BOSS"],"items_purchased_type":["Card"],"build_version":"2020-12-22","purchased_purges":1,"victory":false,"max_hp_per_floor":[71,71,71,71,71,71,71,71,71,71,71,71,71,71,71,71,71],"relic_stats":{"Darkstone Periapt":0,"counters":[9,49],"obtain_stats":[{"Darkstone Periapt":7,"Cracked Core":0,"InkBottle":9,"Meat on the Bone":11},{"Darkstone Periapt":5,"Cracked Core":0,"InkBottle":5,"Meat on the Bone":6},{"Darkstone Periapt":21,"Cracked Core":0,"InkBottle":21,"Meat on the Bone":23}],"InkBottle":[6],"Meat on the Bone":24},"card_choices":[{"not_picked":["Amplify","Multi-Cast"],"picked":"Biased Cognition","floor":0},{"not_picked":["Beam Cell","Stack"],"picked":"Cold Snap","floor":1},{"not_picked":["Barrage","Steam"],"picked":"Sweeping Beam","floor":2},{"not_picked":["Redo","Go for the Eyes"],"picked":"Leap","floor":3},{"not_picked":["Aggregate","Stack"],"picked":"Auto Shields","floor":5},{"not_picked":["Genetic Algorithm","Rebound"],"picked":"Electrodynamics","floor":7},{"not_picked":["FTL","Aggregate"],"picked":"Undo","floor":10},{"not_picked":["Sweeping Beam","Scrape","Double Energy"],"picked":"SKIP","floor":12},{"not_picked":["Darkness","Steam"],"picked":"Undo","floor":13}],"player_experience":1137894,"relics_obtained":[{"floor":7,"key":"Darkstone Periapt"},{"floor":9,"key":"InkBottle"}],"event_choices":[{"damage_healed":0,"gold_gain":0,"player_choice":"Ignored","damage_taken":0,"max_hp_gain":0,"max_hp_loss":0,"event_name":"Liars Game","floor":4,"gold_loss":0},{"damage_healed":0,"gold_gain":0,"player_choice":"Searched \u00271\u0027 times","damage_taken":0,"relics_obtained":["Meat on the Bone"],"max_hp_gain":0,"max_hp_loss":0,"event_name":"Dead Adventurer","floor":11,"gold_loss":0},{"damage_healed":17,"gold_gain":0,"player_choice":"Healed","damage_taken":0,"max_hp_gain":0,"max_hp_loss":0,"event_name":"The Cleric","floor":14,"gold_loss":35}],"is_beta":false,"boss_relics":[],"items_purged_floors":[8],"is_endless":false,"potions_floor_spawned":[2,10,13],"killed_by":"The Guardian","ascension_level":20}}