{"host":"fanbhphodrg87rgt","time":1614288520,"event":{"mods":["Astrologer","BaseMod","Colored Powertips","Fiend Mod","Friendly Minions","Infinite Spire","Marisa????????","Minty Spire (QoL Compilation)","Replay The Spire","StSLib","Td1madao Mod","The Administrix","The Hierophant","The Mystic","The Servant 0.9.4"],"gold_per_floor":[123,48,68,89,108,131,31,95,95,129,129,165,183,223,223,326,326,343,201,201,201,222,222,102,135,135,148,148,168,168,201,201,303,303,325,341,362,2,25,25,56,72,97,97,121,121,121,152,152,152],"floor_reached":51,"language":"ENG","playtime":6870,"items_purged":["Three Hit","LuminesStrike","AdministrixMod:QuietConspiracy","AdministrixMod:CrackingPangu","EnergyFlow"],"score":1060,"play_id":"87ed4caa-2fa0-4ce7-8554-c3517109a96a","local_time":"20210225222840","daily_mods":["Draft"],"is_ascension_mode":true,"campfire_choices":[{"floor":15,"key":"REST"},{"data":"Im Angry","floor":23,"key":"SMITH"},{"floor":28,"key":"REST"},{"floor":32,"key":"REST"},{"floor":40,"key":"REST"},{"floor":44,"key":"REST"},{"floor":46,"key":"REST"},{"floor":49,"key":"REST"}],"circlet_count":0,"master_deck":["hierophant:FieryStrike","AdministrixMod:XianArts","BlazeAway+1","AdministrixMod:ExtolVirtue","AdministrixMod:SipOfSparks","AsteroidBelt","hierophant:OrnateBuckler","astrologer:Conjunction","PulseMagic","AdministrixMod:ImmortalGrace","CasketOfStar","Im Angry+1","AdministrixMod:RegentEdict","hierophant:MirrorShield+1","astrologer:MeteorShower+1","Reinforcement Parts+1","astrologer:Quincunx+1","Rupture"],"relics":["Apod","Replay:Wax Seal","The Courier","Prayer Wheel","PreservedInsect","Blue Doll","Empty Cage","Chemical X","WingedGreaves","Blood Vial","Runic Pyramid","infinitespire:WardingShard","Omamori","Fiend:Scarf","Medical Kit","Strawberry","Dream Catcher","infinitespire:EvilPickle"],"acts_visited":["Exordium","TheCity","TheBeyond"],"potions_floor_usage":[8,8,12,12,27,33,45,45],"damage_taken":[{"damage":0,"enemies":"Cultist","floor":1,"turns":2},{"damage":0,"enemies":"2 Louse","floor":3,"turns":2},{"damage":0,"enemies":"Small Slimes","floor":4,"turns":3},{"damage":6,"enemies":"Exordium Thugs","floor":5,"turns":3},{"damage":13,"enemies":"Gremlin Gang","floor":6,"turns":4},{"damage":2,"enemies":"3 Sentries","floor":8,"turns":7},{"damage":16,"enemies":"Replay:BlueRogue","floor":10,"turns":5},{"damage":0,"enemies":"Gremlin Nob","floor":12,"turns":2},{"damage":0,"enemies":"2 Fungi Beasts","floor":13,"turns":4},{"damage":8,"enemies":"Replay:BlueRogue","floor":14,"turns":4},{"damage":20,"enemies":"Hexaghost","floor":16,"turns":9},{"damage":0,"enemies":"Spheric Guardian","floor":18,"turns":3},{"damage":5,"enemies":"Shell Parasite","floor":22,"turns":5},{"damage":21,"enemies":"Gremlin Leader","floor":25,"turns":6},{"damage":26,"enemies":"3 Cultists","floor":27,"turns":6},{"damage":7,"enemies":"Chosen and Byrds","floor":29,"turns":6},{"damage":7,"enemies":"Book of Stabbing","floor":31,"turns":4},{"damage":26,"enemies":"Pondfish","floor":33,"turns":11},{"damage":18,"enemies":"3 Darklings","floor":35,"turns":5},{"damage":27,"enemies":"3 Shapes","floor":36,"turns":6},{"damage":25,"enemies":"Writhing Mass","floor":37,"turns":20},{"damage":12,"enemies":"3 Darklings","floor":39,"turns":4},{"damage":16,"enemies":"Reptomancer","floor":41,"turns":7},{"damage":6,"enemies":"Sphere and 2 Shapes","floor":42,"turns":5},{"damage":6,"enemies":"Transient","floor":45,"turns":5},{"damage":0,"enemies":"Maw","floor":48,"turns":7},{"damage":40,"enemies":"Time Eater","floor":50,"turns":13}],"seed_played":"5753691994220428868","potions_obtained":[{"floor":3,"key":"ColorlessPotion"},{"floor":5,"key":"SteroidPotion"},{"floor":8,"key":"FearPotion"},{"floor":10,"key":"Adrenaline Potion"},{"floor":14,"key":"Elixir"},{"floor":22,"key":"Explosive Potion"},{"floor":25,"key":"Milkshake"},{"floor":29,"key":"Venom Potion"},{"floor":41,"key":"Dexterity Potion"},{"floor":42,"key":"ColorlessPotion"},{"floor":45,"key":"Energy Potion"},{"floor":48,"key":"SteroidPotion"}],"is_trial":true,"path_per_floor":["M","$","M","M","M","M","$","?","T","E","?","E","M","E","R","B",null,"M","$","?","?","M","R","$","E","T","M","R","M","AVR","E","R","B",null,"M","M","M","$","M","R","E","M","T","R","M","R","?","M","R","B",null],"character_chosen":"TD1MADAO_CLASS","items_purchased":["AdministrixMod:RegentEdict","Chemical X","Medical Kit","Strawberry"],"campfire_rested":7,"item_purchase_floors":[19,24,38,38],"current_hp_per_floor":[70,70,70,70,64,51,51,49,49,33,33,33,33,25,46,26,70,70,70,70,70,65,65,65,44,44,20,41,36,36,31,52,28,70,52,27,4,11,1,24,10,6,6,29,25,48,48,50,73,35],"gold":152,"neow_bonus":"","is_daily":false,"chose_seed":false,"campfire_upgraded":1,"win_rate":0.0,"timestamp":1614288520,"path_taken":["M","$","M","M","?","?","$","?","T","E","?","E","M","E","R","BOSS","M","?","?","?","M","R","$","E","T","M","R","?","AVR","E","R","BOSS","M","?","M","$","M","R","E","M","T","R","M","R","?","M","R","BOSS"],"items_purchased_type":["Card","Relic","Relic","Relic"],"build_version":"2020-12-22","purchased_purges":5,"victory":true,"max_hp_per_floor":[70,70,70,70,70,70,70,70,70,70,70,70,70,70,70,70,70,70,70,70,70,70,70,70,70,70,70,70,70,70,70,70,70,70,70,70,70,77,77,77,77,77,77,77,77,77,77,77,77,77],"card_choices":[{"not_picked":["hierophant:DisplayOfPower","OpenUniverse"],"picked":"hierophant:FieryStrike","floor":0},{"not_picked":["Oblique Hack","hierophant:ThreeLashes"],"picked":"AdministrixMod:XianArts","floor":0},{"not_picked":["astrologer:Confirmation","AdministrixMod:SyncreticPlunge"],"picked":"AdministrixMod:CrackingPangu","floor":0},{"not_picked":["hierophant:Rebuild","Money Cant Rescue"],"picked":"Three Hit","floor":0},{"not_picked":["hierophant:RepressedViolence","astrologer:TheLovers"],"picked":"LuminesStrike","floor":0},{"not_picked":["SporeBomb","astrologer:ReadTheStars"],"picked":"BlazeAway","floor":0},{"not_picked":["astrologer:SolarFlare","hierophant:RustyCrate"],"picked":"EnergyFlow","floor":0},{"not_picked":["hierophant:OrnateBuckler","AsteroidBelt"],"picked":"AdministrixMod:ExtolVirtue","floor":0},{"not_picked":["astrologer:Divination","AdministrixMod:CenturiesAscent"],"picked":"AdministrixMod:SipOfSparks","floor":0},{"not_picked":["Black Dance","PowerUp"],"picked":"hierophant:OrnateBuckler","floor":0},{"not_picked":["hierophant:RustyCrate","Light Attack"],"picked":"AsteroidBelt","floor":0},{"not_picked":["AdministrixMod:Transition","hierophant:Remorse"],"picked":"hierophant:OrnateBuckler","floor":0},{"not_picked":["White Contract","astrologer:StarOfChange"],"picked":"astrologer:Conjunction","floor":0},{"not_picked":["astrologer:Shine","AdministrixMod:NoblePath"],"picked":"PulseMagic","floor":0},{"not_picked":["AdministrixMod:LightOfYourLife","AdministrixMod:SealAway"],"picked":"AdministrixMod:ImmortalGrace","floor":0},{"not_picked":["Oblique Hack","hierophant:Encroach","astrologer:TheLovers"],"picked":"SKIP","floor":1},{"not_picked":["AdministrixMod:Transition","Resistance","AdministrixMod:CenturiesAscent"],"picked":"SKIP","floor":3},{"not_picked":["AdministrixMod:BishamonBlessing","EarthLightRay"],"picked":"AdministrixMod:QuietConspiracy","floor":4},{"not_picked":["AdministrixMod:PassageOfAges","AdministrixMod:SealAway","Resistance"],"picked":"SKIP","floor":5},{"not_picked":["AdministrixMod:SipOfSparks","PowerUp","AdministrixMod:QuietConspiracy"],"picked":"SKIP","floor":6},{"not_picked":["astrologer:Moonlight","hierophant:RustyCrate"],"picked":"Here Defend Chip","floor":10},{"not_picked":["Perfect Defend","AdministrixMod:HiddenPower","hierophant:Sermon"],"picked":"SKIP","floor":12},{"not_picked":["hierophant:MorningPrayer","Machining","astrologer:Fate"],"picked":"SKIP","floor":13},{"not_picked":["hierophant:MorningPrayer","AdministrixMod:ImmortalGrace","GrandCross"],"picked":"SKIP","floor":13},{"not_picked":["UnstableBomb","AdministrixMod:LifeforceNet"],"picked":"CasketOfStar","floor":14},{"not_picked":["AdministrixMod:HaveItAll","Bursts"],"picked":"Im Angry","floor":16},{"not_picked":["hierophant:OrnateBuckler","Preloading+1","hierophant:Exaltation"],"picked":"SKIP","floor":18},{"not_picked":["OortCloud","astrologer:SpaceDust","WitchOfGreed"],"picked":"SKIP","floor":18},{"not_picked":["Oblique Hack","astrologer:Conjunction","Here Defend Chip"],"picked":"SKIP","floor":22},{"not_picked":["Black Shadow","AdministrixMod:FuneraryRites","astrologer:TheLovers+1"],"picked":"SKIP","floor":22},{"not_picked":["AsteroidBelt","Coercion","hierophant:Sermon+1"],"picked":"SKIP","floor":25},{"not_picked":["GrandCross","hierophant:Charity","hierophant:HammerAndAnvil"],"picked":"SKIP","floor":27},{"not_picked":["hierophant:DivineIntervention","AdministrixMod:RegentEdict","hierophant:SealAway+1"],"picked":"SKIP","floor":27},{"not_picked":["AdministrixMod:ImmortalPurity+1","astrologer:Temperance+1","hierophant:FaithHealing"],"picked":"SKIP","floor":29},{"not_picked":["UnstableBomb+1","AdministrixMod:ImmortalPurity","astrologer:StarOfRegret"],"picked":"SKIP","floor":29},{"not_picked":["Data Freezing","Here Defend Chip","NonDirectionalLaser"],"picked":"SKIP","floor":31},{"not_picked":["hierophant:Martyrdom","hierophant:AuricBeam+1","astrologer:StarOfRegret"],"picked":"SKIP","floor":35},{"not_picked":["AdministrixMod:Convergence+1","astrologer:TheLovers","hierophant:Remorse"],"picked":"SKIP","floor":35},{"not_picked":["AdministrixMod:Transition","PulseMagic+1","Black Hand"],"picked":"SKIP","floor":36},{"not_picked":["AdministrixMod:SyncreticSurge+1","NonDirectionalLaser","hierophant:Smite+1"],"picked":"SKIP","floor":36},{"not_picked":["ShootingEcho","Lunge+1"],"picked":"hierophant:MirrorShield+1","floor":37},{"not_picked":["hierophant:RepressedViolence+1","hierophant:HolyVerse+1","astrologer:Observe+1"],"picked":"SKIP","floor":37},{"not_picked":["AdministrixMod:SeventeenArticleLaser","astrologer:ShiningStar"],"picked":"astrologer:MeteorShower+1","floor":39},{"not_picked":["Lore","EnergyFlow","GrandCross"],"picked":"SKIP","floor":39},{"not_picked":["hierophant:Remorse+1","AdministrixMod:SipOfSparks+1","AdministrixMod:RisingSunPrince+1"],"picked":"SKIP","floor":41},{"not_picked":["Lunge+1","AdministrixMod:SipOfSparks"],"picked":"Reinforcement Parts+1","floor":42},{"not_picked":["DeepEcoloBomb+1","AdministrixMod:Transcension","AdministrixMod:PassageOfAges"],"picked":"SKIP","floor":42},{"not_picked":["Data Freezing","Afterwards","WitchOfGreed"],"picked":"SKIP","floor":45},{"not_picked":["Floating Swing Kick+1","astrologer:Radiance","AsteroidBelt"],"picked":"SKIP","floor":45},{"not_picked":["Acceleration","MysteriousBeam"],"picked":"astrologer:Quincunx+1","floor":46},{"not_picked":["New Defend Magic","hierophant:SealAway","WitchLeyline+1"],"picked":"SKIP","floor":48},{"not_picked":["astrologer:CometStrike","Paralysis","astrologer:FrozenStar"],"picked":"SKIP","floor":48},{"not_picked":["AdministrixMod:CenturiesAscent+1","Oblique Hack"],"picked":"Rupture","floor":49}],"player_experience":4821736,"relics_obtained":[{"floor":8,"key":"Replay:Wax Seal"},{"floor":9,"key":"The Courier"},{"floor":10,"key":"Prayer Wheel"},{"floor":12,"key":"PreservedInsect"},{"floor":14,"key":"Blue Doll"},{"floor":25,"key":"WingedGreaves"},{"floor":26,"key":"Blood Vial"},{"floor":31,"key":"Omamori"},{"floor":41,"key":"Dream Catcher"}],"event_choices":[{"damage_healed":0,"gold_gain":0,"player_choice":"Searched \u00272\u0027 times","damage_taken":0,"max_hp_gain":0,"max_hp_loss":0,"event_name":"Dead Adventurer","floor":8,"gold_loss":0},{"damage_healed":0,"gold_gain":0,"player_choice":"Upgraded","damage_taken":0,"max_hp_gain":0,"max_hp_loss":0,"event_name":"Upgrade Shrine","floor":11,"gold_loss":0,"cards_upgraded":["BlazeAway"]},{"damage_healed":0,"gold_gain":0,"player_choice":"Ignored","damage_taken":0,"max_hp_gain":0,"max_hp_loss":0,"event_name":"Vampires","floor":21,"gold_loss":0},{"damage_healed":0,"gold_gain":0,"player_choice":"Ignored","damage_taken":0,"max_hp_gain":0,"max_hp_loss":0,"event_name":"Transmorgrifier","floor":47,"gold_loss":0}],"is_beta":false,"boss_relics":[{"not_picked":["ReplayTheSpireMod:SealedPack","Replay:Grab Bag"],"picked":"Empty Cage"},{"not_picked":["Calling Bell","Replay:Ancient Bell"],"picked":"Fiend:Scarf"}],"items_purged_floors":[2,7,19,30,38],"is_endless":false,"potions_floor_spawned":[3,5,8,10,14,22,25,29,41,42,45,48],"ascension_level":1}}