{"host":"liwj66r6jjqhm4vi","time":1614273566,"event":{"mods":["BaseMod","Colored Map","Downfall","Minty Spire (QoL Compilation)","StSLib"],"gold_per_floor":[99,115,4,4,16,35,58,72,102,114,126,163,75,99,121,238,250,262,289,301,313,338,363,375,416,260,270,12,12,25,88,103,103,103,103],"floor_reached":33,"language":"ENG","playtime":2015,"items_purged":["downfall:Malfunctioning","Writhe","hexamod:Strike"],"score":279,"play_id":"c1861cd8-5e86-4543-9f45-0ade69244c0f","local_time":"20210225121926","is_ascension_mode":false,"campfire_choices":[{"data":"hexamod:WildfireWeapon","floor":1,"key":"SMITH"},{"data":"hexamod:BurningTouch","floor":11,"key":"SMITH"},{"floor":13,"key":"REST"},{"data":"hexamod:ForkedFlame","floor":18,"key":"SMITH"},{"floor":29,"key":"REST"}],"circlet_count":0,"master_deck":["hexamod:Strike+1","hexamod:Defend","hexamod:Defend","hexamod:Sear","hexamod:Float","hexamod:WildfireWeapon+1","hexamod:PhantomFireball+1","hexamod:PhantomFireball","hexamod:RainOfEmbers","hexamod:Hexaguard","hexamod:EtherealExpedition+1","hexamod:BurningTouch+1","hexamod:GhostflameBarrier","hexamod:Firestarter","hexamod:ForkedFlame+1","hexamod:Hexaguard","hexamod:WildfireWeapon","hexamod:SearingWound+1","hexamod:Again+1","hexamod:GhostShield+1","hexamod:GhostflameBarrier+1","hexamod:Incineration","hexamod:SearingWound","hexamod:HeatShield","hexamod:Hexaguard"],"relics":["hexamod:SpiritBrand","Gremlin Horn","MawBank","InkBottle","downfall:HeartBlessingBlue","Astrolabe","Thread and Needle","Matryoshka","Nunchaku","Medical Kit","Strange Spoon"],"acts_visited":["Exordium","TheCity"],"potions_floor_usage":[23,25,30,31,32],"damage_taken":[{"damage":0,"enemies":"Small Slimes","floor":2,"turns":4},{"damage":0,"enemies":"downfall:FleeingMerchant","floor":3,"turns":4},{"damage":0,"enemies":"2 Louse","floor":5,"turns":1},{"damage":6,"enemies":"Jaw Worm","floor":6,"turns":3},{"damage":0,"enemies":"Blue Slaver","floor":8,"turns":2},{"damage":13,"enemies":"Lagavulin","floor":9,"turns":6},{"damage":4,"enemies":"Gremlin Nob","floor":12,"turns":3},{"damage":3,"enemies":"Exordium Thugs","floor":14,"turns":3},{"damage":1,"enemies":"Red Slaver","floor":15,"turns":3},{"damage":9,"enemies":"SI_SHIV_ARCHETYPE","floor":16,"turns":6},{"damage":23,"enemies":"3 Byrds","floor":19,"turns":4},{"damage":11,"enemies":"downfall:LooterAlt2","floor":22,"turns":4},{"damage":0,"enemies":"Snake Plant","floor":23,"turns":4},{"damage":11,"enemies":"Book of Stabbing","floor":25,"turns":4},{"damage":0,"enemies":"downfall:FleeingMerchant","floor":26,"turns":4},{"damage":16,"enemies":"Centurion and Healer","floor":27,"turns":3},{"damage":0,"enemies":"downfall:FleeingMerchant","floor":28,"turns":4},{"damage":0,"enemies":"Snecko","floor":30,"turns":5},{"damage":4,"enemies":"downfall:FleeingMerchant","floor":31,"turns":3},{"damage":9,"enemies":"Snake Plant","floor":32,"turns":4},{"damage":54,"enemies":"IC_MUSHROOM_ARCHETYPE","floor":33,"turns":7}],"seed_played":"-1927493694784253477","potions_obtained":[{"floor":8,"key":"SneckoOil"},{"floor":9,"key":"EntropicBrew"},{"floor":12,"key":"CultistPotion"},{"floor":14,"key":"GamblersBrew"},{"floor":16,"key":"BlessingOfTheForge"},{"floor":23,"key":"hexamod:DoubleChargePotion"},{"floor":25,"key":"EntropicBrew"},{"floor":30,"key":"EntropicBrew"}],"is_trial":false,"path_per_floor":["R","M","$","?","M","M","T","M","E","?","R","E","R","M","M","B",null,"R","M","?","?","M","M","T","E","$","M","$","R","M","$","M","B"],"character_chosen":"THE_SPIRIT","items_purchased":["hexamod:RainOfEmbers","hexamod:Hexaguard","hexamod:HeatShield","Medical Kit","Strange Spoon"],"campfire_rested":2,"item_purchase_floors":[3,3,26,28,31],"current_hp_per_floor":[49,49,49,37,37,31,31,31,18,18,18,14,48,45,44,35,80,80,57,57,57,46,46,46,35,35,19,19,43,43,39,30,0,0,0],"gold":103,"neow_bonus":"THREE_RARE_CARDS","is_daily":false,"chose_seed":false,"campfire_upgraded":3,"win_rate":0.0,"timestamp":1614273566,"path_taken":["R","M","$","?","M","M","T","M","E","?","R","E","R","M","M","BOSS","R","M","?","?","M","M","T","E","$","?","?","R","M","$","M","BOSS"],"items_purchased_type":["Card","Card","Card","Relic","Relic"],"build_version":"2020-12-22","purchased_purges":3,"victory":false,"max_hp_per_floor":[70,70,70,70,70,70,70,70,70,70,70,70,80,80,80,80,80,80,80,80,80,80,80,80,80,80,80,80,80,80,80,80,80,80,80],"card_choices":[{"not_picked":["hexamod:HexaLevel","hexamod:FifthSeal"],"picked":"hexamod:WildfireWeapon","floor":0},{"not_picked":["hexamod:HauntingEcho","hexamod:FlamesFromBeyond"],"picked":"hexamod:PhantomFireball","floor":2},{"not_picked":["hexamod:InspiringFlames","hexamod:GhostOfSpireFuture"],"picked":"hexamod:PhantomFireball","floor":3},{"not_picked":["hexamod:CatchUp","hexamod:ThirdSeal"],"picked":"hexamod:EtherealExpedition","floor":5},{"not_picked":["hexamod:ThermalTransfer","hexamod:EtherealExpedition"],"picked":"hexamod:BurningTouch","floor":6},{"not_picked":["hexamod:NecessarySacrifice","hexamod:HeatMetal"],"picked":"hexamod:GhostflameBarrier","floor":8},{"not_picked":["hexamod:AdvancingGuard","hexamod:Hexaguard","hexamod:SpectersWail"],"picked":"SKIP","floor":9},{"not_picked":["hexamod:Rewind","hexamod:GhostShield"],"picked":"hexamod:Firestarter","floor":12},{"not_picked":["hexamod:RetreatToShadows","hexamod:FlamesFromBeyond"],"picked":"hexamod:ForkedFlame","floor":14},{"not_picked":["hexamod:SwordOfDarkness","hexamod:NightmareStrike"],"picked":"hexamod:Hexaguard","floor":15},{"not_picked":["hexamod:TimeOfNeed","hexamod:SixthSeal"],"picked":"hexamod:WildfireWeapon","floor":16},{"not_picked":["hexamod:FlamesFromBeyond","hexamod:InspiringFlames"],"picked":"hexamod:GhostflameBarrier+1","floor":19},{"not_picked":["hexamod:NightmareStrike","hexamod:GhostLash"],"picked":"hexamod:SearingWound","floor":22},{"not_picked":["hexamod:RetreatToShadows","hexamod:InspiringFlames","hexamod:SpectralAdrenaline"],"picked":"SKIP","floor":23},{"not_picked":["hexamod:RadiantFlame","hexamod:RetreatToShadows","hexamod:InspiringFlames"],"picked":"SKIP","floor":25},{"not_picked":["hexamod:InspiringFlames","hexamod:Haunt","hexamod:SpectralAdrenaline"],"picked":"SKIP","floor":26},{"not_picked":["hexamod:AdvancingGuard","hexamod:Firestarter+1","hexamod:FourthSeal"],"picked":"SKIP","floor":27},{"not_picked":["hexamod:GhostShield","hexamod:NightmareGuise+1","hexamod:SwordOfDarkness"],"picked":"SKIP","floor":28},{"not_picked":["hexamod:InspiringFlames","hexamod:FastForward","hexamod:AdvancingGuard"],"picked":"SKIP","floor":30},{"not_picked":["hexamod:PhantomCloak+1","hexamod:Incineration","hexamod:NightmareStrike+1"],"picked":"SKIP","floor":31},{"not_picked":["hexamod:SpectersWail","hexamod:Firestarter"],"picked":"hexamod:Hexaguard","floor":32}],"player_experience":197429,"relics_obtained":[{"floor":9,"key":"MawBank"},{"floor":12,"key":"InkBottle"},{"floor":24,"key":"Matryoshka"},{"floor":25,"key":"Nunchaku"}],"event_choices":[{"damage_healed":0,"gold_gain":0,"player_choice":"Success","damage_taken":12,"relics_obtained":["Gremlin Horn"],"max_hp_gain":0,"max_hp_loss":0,"event_name":"Scrap Ooze","floor":4,"gold_loss":0}],"is_beta":false,"boss_relics":[{"not_picked":["Tiny House","Fusion Hammer"],"picked":"Astrolabe"}],"items_purged_floors":[26,28,31],"is_endless":false,"potions_floor_spawned":[8,9,12,14,16,23,25,30],"killed_by":"IC_MUSHROOM_ARCHETYPE","ascension_level":0}}