{"host":"d8rriawq55pp7qsq","time":1614244418,"event":{"mods":["AchievementEnabler","BaseMod","Minty Spire (QoL Compilation)"],"gold_per_floor":[118,134,147,157,3,3,13,38,85,99,116,41,56,91,91,195,195,210,227,147,161,161,161],"floor_reached":22,"language":"ENG","playtime":6506,"items_purged":["Strike_R","Defend_R"],"score":298,"play_id":"6a6c55f3-469c-4c25-9ff8-a6aa50b62851","local_time":"20210225041338","is_ascension_mode":true,"campfire_choices":[{"data":"Perfected Strike","floor":6,"key":"SMITH"},{"floor":15,"key":"REST"}],"circlet_count":0,"master_deck":["Strike_R","Strike_R","Strike_R","Strike_R","Defend_R","Defend_R+1","Defend_R+1","Bash","Perfected Strike+1","Twin Strike","Wild Strike","Uppercut","Blood for Blood","Inflame","Armaments","Clothesline","Reaper","Armaments+1","Power Through+1","Twin Strike+1"],"relics":["Burning Blood","War Paint","Pear","Dream Catcher","The Courier","Philosopher\u0027s Stone"],"acts_visited":["Exordium","TheCity"],"potions_floor_usage":[8,16,21],"damage_taken":[{"damage":6,"enemies":"Cultist","floor":1,"turns":3},{"damage":10,"enemies":"Small Slimes","floor":2,"turns":4},{"damage":4,"enemies":"Jaw Worm","floor":3,"turns":4},{"damage":12,"enemies":"Exordium Wildlife","floor":4,"turns":3},{"damage":36,"enemies":"Exordium Thugs","floor":7,"turns":5},{"damage":37,"enemies":"3 Sentries","floor":8,"turns":7},{"damage":13,"enemies":"Blue Slaver","floor":10,"turns":2},{"damage":6,"enemies":"Red Slaver","floor":11,"turns":2},{"damage":1,"enemies":"3 Louse","floor":13,"turns":3},{"damage":30,"enemies":"Lagavulin","floor":14,"turns":4},{"damage":37,"enemies":"Hexaghost","floor":16,"turns":10},{"damage":21,"enemies":"2 Thieves","floor":18,"turns":4},{"damage":19,"enemies":"Chosen","floor":19,"turns":4},{"damage":63,"enemies":"3 Cultists","floor":21,"turns":5},{"damage":26,"enemies":"Shelled Parasite and Fungi","floor":22,"turns":2}],"seed_played":"9116937239206649237","potions_obtained":[{"floor":4,"key":"BloodPotion"},{"floor":10,"key":"ColorlessPotion"},{"floor":11,"key":"Swift Potion"},{"floor":14,"key":"Swift Potion"},{"floor":16,"key":"LiquidBronze"},{"floor":19,"key":"Weak Potion"}],"is_trial":false,"path_per_floor":["M","M","M","M","$","R","M","E","T","M","M","$","M","E","R","B",null,"M","M","$","M","M"],"character_chosen":"IRONCLAD","items_purchased":["War Paint"],"campfire_rested":1,"item_purchase_floors":[5],"current_hp_per_floor":[80,76,78,72,72,72,42,38,38,31,31,31,36,12,41,10,76,73,66,66,24,0,0],"gold":161,"neow_bonus":"TEN_PERCENT_HP_BONUS","is_daily":false,"chose_seed":false,"campfire_upgraded":1,"win_rate":0.0,"timestamp":1614244418,"path_taken":["M","M","M","M","$","R","?","E","T","?","M","?","M","E","R","BOSS","M","M","$","M","M"],"items_purchased_type":["Relic"],"build_version":"2020-12-22","purchased_purges":2,"victory":false,"max_hp_per_floor":[88,88,88,88,88,88,88,98,98,98,98,98,98,98,98,98,98,98,98,98,98,98,98],"card_choices":[{"not_picked":["Armaments","Body Slam"],"picked":"Perfected Strike","floor":1},{"not_picked":["Bloodletting","Double Tap"],"picked":"Twin Strike","floor":2},{"not_picked":["Clash","Power Through"],"picked":"Wild Strike","floor":3},{"not_picked":["True Grit","Intimidate","Searing Blow"],"picked":"SKIP","floor":4},{"not_picked":["True Grit","Iron Wave"],"picked":"Uppercut","floor":7},{"not_picked":["Body Slam","Uppercut"],"picked":"Blood for Blood","floor":8},{"not_picked":["Twin Strike","Disarm"],"picked":"Inflame","floor":10},{"not_picked":["Intimidate","Armaments","Flex"],"picked":"SKIP","floor":11},{"not_picked":["Headbutt","Heavy Blade"],"picked":"Armaments","floor":13},{"not_picked":["Double Tap","Heavy Blade","True Grit"],"picked":"SKIP","floor":14},{"not_picked":["True Grit","Heavy Blade"],"picked":"Clothesline","floor":15},{"not_picked":["Brutality","Impervious"],"picked":"Reaper","floor":16},{"not_picked":["Armaments+1","Wild Strike","Thunderclap"],"picked":"SKIP","floor":18},{"not_picked":["Wild Strike","Thunderclap"],"picked":"Armaments+1","floor":18},{"not_picked":["Twin Strike","Heavy Blade"],"picked":"Power Through+1","floor":19},{"not_picked":["Flame Barrier","Sword Boomerang+1"],"picked":"Twin Strike+1","floor":21}],"player_experience":195744,"relics_obtained":[{"floor":8,"key":"Pear"},{"floor":9,"key":"Dream Catcher"},{"floor":14,"key":"The Courier"}],"event_choices":[],"is_beta":false,"boss_relics":[{"not_picked":["Black Blood","Busted Crown"],"picked":"Philosopher\u0027s Stone"}],"items_purged_floors":[12,20],"is_endless":false,"potions_floor_spawned":[4,10,11,14,16,19],"killed_by":"Shelled Parasite and Fungi","ascension_level":7}}