{"host":"ly3xxjo8nz2ssae4","time":1614221010,"event":{"mods":["BaseMod","Colored Map","DeckTracker","Highlight Path","Minty Spire (QoL Compilation)","Quick Restart"],"gold_per_floor":[360,373,33,104,34,65,76,86,136,151,169,169,9,27,27,124,124,144,154,154,164,177,204,223,77,104,117,137,137,137,463,463,564,564,574,590,604,614,203,234,234,251,251,263,280,124,124,144,144,144,144],"floor_reached":50,"language":"ENG","playtime":15670,"items_purged":["Injury","Rupture"],"score":624,"play_id":"d54f0d9c-b893-4411-9257-097d4bdedc02","local_time":"20210224214330","is_ascension_mode":false,"campfire_choices":[{"data":"Infernal Blade","floor":12.0,"key":"SMITH"},{"data":"Perfected Strike","floor":15.0,"key":"SMITH"},{"data":"Armaments","floor":29.0,"key":"SMITH"},{"data":"Inflame","floor":32.0,"key":"SMITH"},{"floor":41.0,"key":"RECALL"},{"data":"Limit Break","floor":49.0,"key":"SMITH"}],"circlet_count":0,"master_deck":["Strike_R+1","Strike_R+1","Strike_R+1","Strike_R+1","Strike_R+1","Defend_R+1","Defend_R+1","Defend_R+1","Defend_R+1","Bash","Perfected Strike+1","Infernal Blade+1","Hemokinesis","Rage","Clothesline","Twin Strike","Metallicize","Twin Strike","Feed","Offering","Pommel Strike","Juggernaut","Iron Wave","Armaments+1","Inflame+1","Twin Strike","Pommel Strike","Reaper","Pommel Strike","Rage","Berserk","Shrug It Off+1","Twin Strike+1","Shrug It Off+1","Limit Break+1","Armaments+1","Secret Technique"],"relics":["Burning Blood","Vajra","Meat on the Bone","Bronze Scales","Mark of Pain","Enchiridion","Bag of Marbles","Old Coin","Coffee Dripper","Medical Kit","PreservedInsect","Lantern","White Beast Statue","Pen Nib"],"acts_visited":["Exordium","TheCity","TheBeyond"],"potions_floor_usage":[50],"damage_taken":[{"damage":6.0,"enemies":"Jaw Worm","floor":1.0,"turns":4.0},{"damage":2.0,"enemies":"2 Louse","floor":2.0,"turns":2.0},{"damage":44.0,"enemies":"Gremlin Nob","floor":6.0,"turns":5.0},{"damage":2.0,"enemies":"Small Slimes","floor":7.0,"turns":3.0},{"damage":10.0,"enemies":"Exordium Wildlife","floor":8.0,"turns":4.0},{"damage":6.0,"enemies":"Blue Slaver","floor":10.0,"turns":3.0},{"damage":12.0,"enemies":"Exordium Thugs","floor":11.0,"turns":3.0},{"damage":6.0,"enemies":"Gremlin Gang","floor":14.0,"turns":3.0},{"damage":48.0,"enemies":"The Guardian","floor":16.0,"turns":9.0},{"damage":5.0,"enemies":"Shell Parasite","floor":18.0,"turns":3.0},{"damage":2.0,"enemies":"Chosen","floor":19.0,"turns":3.0},{"damage":10.0,"enemies":"Snecko","floor":21.0,"turns":4.0},{"damage":0.0,"enemies":"Centurion and Healer","floor":22.0,"turns":4.0},{"damage":30.0,"enemies":"Book of Stabbing","floor":23.0,"turns":4.0},{"damage":33.0,"enemies":"Shelled Parasite and Fungi","floor":24.0,"turns":4.0},{"damage":0.0,"enemies":"Snecko","floor":27.0,"turns":3.0},{"damage":16.0,"enemies":"3 Cultists","floor":28.0,"turns":3.0},{"damage":4.0,"enemies":"Slavers","floor":31.0,"turns":3.0},{"damage":87.0,"enemies":"Champ","floor":33.0,"turns":8.0},{"damage":14.0,"enemies":"3 Darklings","floor":35.0,"turns":3.0},{"damage":0.0,"enemies":"3 Shapes","floor":36.0,"turns":2.0},{"damage":25.0,"enemies":"3 Darklings","floor":37.0,"turns":4.0},{"damage":13.0,"enemies":"Sphere and 2 Shapes","floor":38.0,"turns":4.0},{"damage":30.0,"enemies":"Nemesis","floor":40.0,"turns":5.0},{"damage":15.0,"enemies":"Writhing Mass","floor":42.0,"turns":3.0},{"damage":5.0,"enemies":"Spire Growth","floor":44.0,"turns":3.0},{"damage":26.0,"enemies":"Maw","floor":45.0,"turns":7.0},{"damage":22.0,"enemies":"3 Darklings","floor":48.0,"turns":4.0},{"damage":68,"enemies":"Time Eater","floor":50,"turns":6}],"seed_played":"7051588221037338765","potions_obtained":[{"floor":6.0,"key":"BloodPotion"},{"floor":7.0,"key":"Regen Potion"},{"floor":11.0,"key":"Explosive Potion"},{"floor":16.0,"key":"Swift Potion"},{"floor":22.0,"key":"HeartOfIron"},{"floor":28.0,"key":"Energy Potion"},{"floor":36.0,"key":"AttackPotion"},{"floor":40.0,"key":"Dexterity Potion"},{"floor":44.0,"key":"LiquidMemories"},{"floor":45.0,"key":"SpeedPotion"},{"floor":48.0,"key":"DistilledChaos"}],"is_trial":false,"path_per_floor":["M","M","$","?","$","E","M","M","T","M","M","R","$","M","R","B",null,"M","M","?","M","M","E","M","$","T","M","M","R","?","E","R","B",null,"M","M","M","M","$","E","R","M","T","M","M","$","?","M","R","B"],"character_chosen":"IRONCLAD","items_purchased":["Vajra","Hemokinesis","Rupture","Rage","Offering","Reaper","Medical Kit","PreservedInsect","Pen Nib"],"campfire_rested":0,"item_purchase_floors":[3,3,3,5,13,25,39,39,46],"current_hp_per_floor":[80,80,80,80,80,42,58,54,54,54,48,48,48,51,51,36,83,83,86,70,69,75,51,39,39,39,60,90,90,90,95,95,26,95,95,95,88,84,84,70,70,64,64,65,64,64,64,60,60,0,0],"gold":144,"neow_bonus":"TWO_FIFTY_GOLD","is_daily":false,"chose_seed":false,"campfire_upgraded":5,"win_rate":0.0,"timestamp":1614221010,"path_taken":["M","M","$","?","$","E","M","M","T","M","M","R","$","M","R","BOSS","M","M","?","M","M","E","M","$","T","M","M","R","?","E","R","BOSS","M","M","M","M","$","E","R","M","T","M","M","$","?","M","R","BOSS"],"items_purchased_type":["Relic","Card","Card","Card","Card","Card","Relic","Relic","Relic"],"build_version":"2020-12-22","purchased_purges":2,"victory":false,"max_hp_per_floor":[80,80,80,80,80,80,80,80,80,80,80,80,80,83,83,83,83,83,86,86,89,89,89,92,92,92,95,95,95,95,95,95,95,95,95,95,95,98,98,101,101,104,104,104,104,104,104,104,104,104,104],"card_choices":[{"not_picked":["Armaments","Warcry"],"picked":"Perfected Strike","floor":1.0},{"not_picked":["Fire Breathing","Heavy Blade"],"picked":"Infernal Blade","floor":2.0},{"not_picked":["Uppercut","Barricade"],"picked":"Clothesline","floor":6.0},{"not_picked":["Perfected Strike","Armaments"],"picked":"Twin Strike","floor":7.0},{"not_picked":["Perfected Strike","Dark Embrace"],"picked":"Metallicize","floor":8.0},{"not_picked":["Flame Barrier","Shrug It Off"],"picked":"Twin Strike","floor":10.0},{"not_picked":["Rampage","Clothesline"],"picked":"Feed","floor":11.0},{"not_picked":["Armaments","Clash"],"picked":"Pommel Strike","floor":14.0},{"not_picked":["Reaper","Corruption"],"picked":"Juggernaut","floor":16.0},{"not_picked":["Disarm+1","Sword Boomerang"],"picked":"Iron Wave","floor":18.0},{"not_picked":["Iron Wave","Clothesline"],"picked":"Armaments","floor":19.0},{"not_picked":["Pommel Strike","Bloodletting"],"picked":"Inflame","floor":21.0},{"not_picked":["True Grit+1","Entrench","Clothesline"],"picked":"SKIP","floor":22.0},{"not_picked":["Disarm+1","Heavy Blade"],"picked":"Twin Strike","floor":23.0},{"not_picked":["Thunderclap","Iron Wave"],"picked":"Pommel Strike","floor":24.0},{"not_picked":["Shockwave","Clothesline","Clash"],"picked":"SKIP","floor":27.0},{"not_picked":["Shockwave+1","Cleave"],"picked":"Pommel Strike","floor":28.0},{"not_picked":["Flex","Warcry"],"picked":"Rage","floor":31.0},{"not_picked":["Feed","Double Tap"],"picked":"Berserk","floor":33.0},{"not_picked":["Flex","Body Slam+1"],"picked":"Shrug It Off+1","floor":35.0},{"not_picked":["Dark Embrace","Dropkick+1","Feel No Pain+1"],"picked":"SKIP","floor":36.0},{"not_picked":["Clothesline","Headbutt+1"],"picked":"Twin Strike+1","floor":37.0},{"not_picked":["Thunderclap","Metallicize","Heavy Blade+1"],"picked":"SKIP","floor":38.0},{"not_picked":["Pommel Strike","Disarm"],"picked":"Shrug It Off+1","floor":40.0},{"not_picked":["Iron Wave+1","Rampage+1","Clothesline+1"],"picked":"SKIP","floor":42.0},{"not_picked":["Clothesline+1","Anger"],"picked":"Limit Break","floor":44.0},{"not_picked":["Pommel Strike","Second Wind"],"picked":"Armaments+1","floor":45.0},{"not_picked":["Thinking Ahead","Swift Strike"],"picked":"Secret Technique","floor":47.0},{"not_picked":["Clothesline+1","Reckless Charge","True Grit"],"picked":"SKIP","floor":48.0}],"player_experience":279305,"relics_obtained":[{"floor":6.0,"key":"Meat on the Bone"},{"floor":9.0,"key":"Bronze Scales"},{"floor":20.0,"key":"Enchiridion"},{"floor":23.0,"key":"Bag of Marbles"},{"floor":31.0,"key":"Old Coin"},{"floor":40.0,"key":"Lantern"},{"floor":43.0,"key":"White Beast Statue"}],"event_choices":[{"damage_healed":0.0,"max_hp_gain":0.0,"max_hp_loss":0.0,"gold_gain":71.0,"event_name":"Golden Wing","player_choice":"Gained Gold","floor":4.0,"gold_loss":0.0,"damage_taken":0.0},{"damage_healed":0.0,"max_hp_gain":0.0,"max_hp_loss":0.0,"gold_gain":0.0,"event_name":"Cursed Tome","player_choice":"Obtained Book","floor":20.0,"gold_loss":0.0,"damage_taken":16.0},{"damage_healed":0.0,"max_hp_gain":0.0,"max_hp_loss":0.0,"gold_gain":0.0,"event_name":"Back to Basics","player_choice":"Simplicity","floor":30.0,"gold_loss":0.0,"damage_taken":0.0,"cards_upgraded":["Strike_R","Strike_R","Strike_R","Strike_R","Strike_R","Defend_R","Defend_R","Defend_R","Defend_R"]},{"damage_healed":0.0,"max_hp_gain":0.0,"max_hp_loss":0.0,"gold_gain":0.0,"event_name":"SensoryStone","player_choice":"Memory 1","floor":47.0,"gold_loss":0.0,"damage_taken":0.0}],"is_beta":false,"boss_relics":[{"not_picked":["Tiny House","Black Blood"],"picked":"Mark of Pain"},{"not_picked":["Empty Cage","Runic Dome"],"picked":"Coffee Dripper"}],"items_purged_floors":[3,39],"is_endless":false,"potions_floor_spawned":[6,7,11,16,18,22,28,31,33,36,40,44,45,48],"killed_by":"Time Eater","ascension_level":0}}