{"host":"ovcza0gnr2tscsgg","time":1614274721,"event":{"mods":["BaseMod","Colored Powertips","Marisa£®ÏF”Í°°ƒß¿Ì…≥£©","Minty Spire (QoL Compilation)","StSLib","The Bug Knight","UnlockEverythingMod","noobMod"],"gold_per_floor":[114,189,114,133,147,179,179,212,212,244,259,287,287,298,298,403,403,422,95,95,114,138,167,183,214,214,249,124,223,240,270,270,374,374,393,165,215,215,215,241,253,292,383,46,75,89,89,89,89,89],"floor_reached":51,"language":"ZHS","playtime":2527,"items_purged":["Defend_G","Defend_G","Defend_G","Defend_G"],"score":1311,"play_id":"b03e1445-cd8a-479c-991f-d5d8627ad1a3","local_time":"20210226013841","is_ascension_mode":true,"campfire_choices":[{"data":"Storm of Steel","floor":7.0,"key":"SMITH"},{"data":"Choke","floor":15.0,"key":"SMITH"},{"data":"Setup","floor":32,"key":"SMITH"},{"data":"Adrenaline","floor":41,"key":"SMITH"},{"data":"Adrenaline","floor":47,"key":"SMITH"},{"data":"Prepared","floor":49,"key":"SMITH"}],"circlet_count":0,"master_deck":["Strike_G","Strike_G+1","Strike_G","Strike_G","Strike_G","Survivor","Neutralize+1","Storm of Steel+1","Blade Dance","Expertise","Acrobatics","Underhanded Strike","Choke+1","Prepared+1","Infinite Blades","Defend_B","Escape Plan","Calculated Gamble+1","Setup+1","Blade Dance+1","Adrenaline+1","Reflex","Accuracy+1","Backstab","Trip","Discovery","Panache+1","Tools of the Trade+1","Outmaneuver+1","Accuracy+1","Prepared+1","Adrenaline+1"],"relics":["Ring of the Snake","ice","Bag of Marbles","Ornamental Fan","Pen Nib","Akabeko","Tiny Chest","HoveringKite","Bag of Preparation","PreservedInsect","Anchor","Toy Ornithopter","Frozen Egg 2","Torii","Vajra","Runic Pyramid","The Specimen","Unceasing Top","MawBank","Whetstone","Paper Crane","Gremlin Horn","Prayer Wheel"],"acts_visited":["Exordium","TheCity","TheBeyond"],"potions_floor_usage":[33,33,33],"damage_taken":[{"damage":12.0,"enemies":"Small Slimes","floor":1.0,"turns":3.0},{"damage":0.0,"enemies":"2 Louse","floor":4.0,"turns":2.0},{"damage":1.0,"enemies":"Cultist","floor":5.0,"turns":5.0},{"damage":23.0,"enemies":"Gremlin Nob","floor":6.0,"turns":6.0},{"damage":10.0,"enemies":"3 Sentries","floor":8.0,"turns":4.0},{"damage":4.0,"enemies":"HollowMod:MossKnight","floor":10.0,"turns":2.0},{"damage":0.0,"enemies":"3 Louse","floor":11.0,"turns":2.0},{"damage":0.0,"enemies":"3 Sentries","floor":12.0,"turns":4.0},{"damage":0.0,"enemies":"Blue Slaver","floor":14.0,"turns":2.0},{"damage":4.0,"enemies":"Slime Boss","floor":16.0,"turns":3.0},{"damage":10.0,"enemies":"3 Byrds","floor":18.0,"turns":4.0},{"damage":0.0,"enemies":"2 Thieves","floor":21.0,"turns":2.0},{"damage":0.0,"enemies":"Slavers","floor":23.0,"turns":1.0},{"damage":0.0,"enemies":"Shelled Parasite and Fungi","floor":24.0,"turns":2.0},{"damage":21.0,"enemies":"Gremlin Leader","floor":25.0,"turns":4.0},{"damage":0.0,"enemies":"Slavers","floor":27.0,"turns":1.0},{"damage":0.0,"enemies":"Snake Plant","floor":30.0,"turns":1.0},{"damage":9,"enemies":"HollowMod:Nosk","floor":31,"turns":4},{"damage":32,"enemies":"Automaton","floor":33,"turns":7},{"damage":1,"enemies":"3 Darklings","floor":35,"turns":2},{"damage":11,"enemies":"Mind Bloom Boss Battle","floor":37,"turns":2},{"damage":29,"enemies":"Nemesis","floor":40,"turns":3},{"damage":8,"enemies":"Reptomancer","floor":42,"turns":2},{"damage":0,"enemies":"Nemesis","floor":45,"turns":1},{"damage":0,"enemies":"Orb Walker","floor":46,"turns":1},{"damage":10,"enemies":"Donu and Deca","floor":50,"turns":2}],"seed_played":"-5765328563458092618","potions_obtained":[{"floor":1.0,"key":"Dexterity Potion"},{"floor":4.0,"key":"SmokeBomb"},{"floor":8.0,"key":"Weak Potion"},{"floor":11.0,"key":"EssenceOfSteel"},{"floor":16.0,"key":"Dexterity Potion"},{"floor":25.0,"key":"Strength Potion"},{"floor":31,"key":"LiquidBronze"},{"floor":33,"key":"ColorlessPotion"},{"floor":35,"key":"GamblersBrew"},{"floor":37,"key":"LiquidBronze"}],"is_trial":false,"path_per_floor":["M","?","$","M","M","E","R","E","T","E","M","E","?","M","R","B",null,"M","$","?","M","T","E","M","E","T","E","$","?","M","E","R","B",null,"M","$","?","?","T","E","R","E","T","$","E","M","R","?","R","B",null],"character_chosen":"THE_SILENT","items_purchased":["Bag of Preparation","Infinite Blades","Accuracy+1","Gremlin Horn","Accuracy+1","Prepared"],"campfire_rested":0,"item_purchase_floors":[19,19,36,44,44,44],"current_hp_per_floor":[51,40,40,40,39,70,70,60,60,56,56,56,49,49,49,45,69,59,59,59,59,59,59,59,38,38,38,38,38,38,29,29,95,95,94,94,83,73,73,44,44,36,36,36,36,36,36,36,36,26],"gold":89,"neow_bonus":"ONE_RANDOM_RARE_CARD","is_daily":false,"chose_seed":false,"campfire_upgraded":6,"win_rate":0.0,"timestamp":1614274721,"path_taken":["M","?","$","M","M","E","R","E","T","E","M","E","?","M","R","BOSS","M","$","?","?","?","E","M","E","T","E","$","?","M","E","R","BOSS","M","$","?","?","?","E","R","E","T","$","E","?","R","?","R","BOSS"],"items_purchased_type":["Relic","Card","Card","Relic","Card","Card"],"build_version":"2020-12-22","purchased_purges":4,"victory":true,"max_hp_per_floor":[70,70,70,70,70,70,70,72,72,73,74,75,75,76,76,77,77,90,90,90,91,91,91,92,95,95,95,95,95,95,95,95,95,95,96,96,102,102,102,103,103,105,105,105,105,105,105,105,105,107],"card_choices":[{"not_picked":["Flechettes","Poisoned Stab"],"picked":"Blade Dance","floor":1.0},{"not_picked":["Underhanded Strike","Poisoned Stab"],"picked":"Expertise","floor":4.0},{"not_picked":["Dash","PiercingWail","Dodge and Roll"],"picked":"SKIP","floor":5.0},{"not_picked":["All Out Attack","Die Die Die"],"picked":"Acrobatics","floor":6.0},{"not_picked":["Poisoned Stab","Dodge and Roll","Deflect"],"picked":"SKIP","floor":8.0},{"not_picked":["Skewer","Endless Agony","Blur"],"picked":"SKIP","floor":10.0},{"not_picked":["Slice","Sucker Punch","Deflect"],"picked":"SKIP","floor":11.0},{"not_picked":["Quick Slash","Bullet Time"],"picked":"Underhanded Strike","floor":12.0},{"not_picked":["Bane","Crippling Poison"],"picked":"Choke","floor":14.0},{"not_picked":["Malaise","Night Terror"],"picked":"Burst","floor":16.0},{"not_picked":["Backflip","Outmaneuver"],"picked":"Prepared+1","floor":18.0},{"not_picked":["Backflip+1","Cloak And Dagger+1"],"picked":"Escape Plan","floor":21.0},{"not_picked":["Sucker Punch+1","Riddle With Holes+1"],"picked":"Calculated Gamble","floor":23.0},{"not_picked":["Night Terror","Backflip"],"picked":"Setup","floor":24.0},{"not_picked":["Flying Knee","Expertise"],"picked":"Blade Dance+1","floor":25.0},{"not_picked":["Underhanded Strike","Bouncing Flask+1","Dodge and Roll"],"picked":"SKIP","floor":27.0},{"not_picked":["Catalyst","All Out Attack+1","Deflect"],"picked":"SKIP","floor":30.0},{"not_picked":["Caltrops+1","PiercingWail","Predator"],"picked":"SKIP","floor":31},{"not_picked":["Malaise","Burst"],"picked":"Adrenaline","floor":33},{"not_picked":["Dodge and Roll+1","PiercingWail"],"picked":"Reflex","floor":35},{"not_picked":["Underhanded Strike","Backflip+1"],"picked":"Backstab","floor":37},{"not_picked":["Discovery","Enlightenment"],"picked":"Trip","floor":38},{"not_picked":["Madness","Swift Strike"],"picked":"Discovery","floor":38},{"not_picked":["Madness","Discovery"],"picked":"Panache+1","floor":38},{"not_picked":["Endless Agony+1","Calculated Gamble"],"picked":"Tools of the Trade+1","floor":40},{"not_picked":["Dodge and Roll","Quick Slash"],"picked":"Outmaneuver+1","floor":42},{"not_picked":["Backflip+1","Slice","Bane+1"],"picked":"SKIP","floor":45},{"not_picked":["Acrobatics","Masterful Stab"],"picked":"Adrenaline","floor":46},{"not_picked":["Blur+1","Finisher+1","Caltrops+1"],"picked":"SKIP","floor":46}],"player_experience":150234,"relics_obtained":[{"floor":6.0,"key":"Bag of Marbles"},{"floor":8.0,"key":"Ornamental Fan"},{"floor":9.0,"key":"Pen Nib"},{"floor":10.0,"key":"Akabeko"},{"floor":12.0,"key":"Tiny Chest"},{"floor":22.0,"key":"PreservedInsect"},{"floor":23.0,"key":"Anchor"},{"floor":25.0,"key":"Toy Ornithopter"},{"floor":26.0,"key":"Frozen Egg 2"},{"floor":27.0,"key":"Torii"},{"floor":31,"key":"Vajra"},{"floor":37,"key":"The Specimen"},{"floor":39,"key":"Unceasing Top"},{"floor":40,"key":"MawBank"},{"floor":42,"key":"Whetstone"},{"floor":43,"key":"Paper Crane"},{"floor":45,"key":"Prayer Wheel"}],"event_choices":[{"damage_healed":0.0,"max_hp_gain":0.0,"max_hp_loss":0.0,"gold_gain":75.0,"event_name":"World of Goop","player_choice":"Gather Gold","floor":2.0,"gold_loss":0.0,"damage_taken":11.0},{"cards_removed":["Defend_G"],"damage_healed":0.0,"max_hp_gain":0.0,"max_hp_loss":0.0,"gold_gain":0.0,"event_name":"Golden Wing","player_choice":"Card Removal","floor":13.0,"gold_loss":0.0,"damage_taken":7.0},{"cards_removed":["Burst"],"damage_healed":0.0,"max_hp_gain":0.0,"max_hp_loss":0.0,"gold_gain":0.0,"event_name":"NoteForYourself","player_choice":"Took Card","floor":20.0,"gold_loss":0.0,"damage_taken":0.0,"cards_obtained":["Defend_B"]},{"damage_healed":0.0,"max_hp_gain":0.0,"max_hp_loss":0.0,"gold_gain":99.0,"event_name":"Nest","player_choice":"Stole From Cult","floor":29.0,"gold_loss":0.0,"damage_taken":0.0},{"damage_healed":0,"gold_gain":0,"player_choice":"Fight","damage_taken":0,"max_hp_gain":0,"max_hp_loss":0,"event_name":"MindBloom","floor":37,"gold_loss":0},{"damage_healed":0,"gold_gain":0,"player_choice":"Memory 3","damage_taken":10,"max_hp_gain":0,"max_hp_loss":0,"event_name":"SensoryStone","floor":38,"gold_loss":0},{"damage_healed":0,"gold_gain":0,"player_choice":"Upgraded","damage_taken":0,"max_hp_gain":0,"max_hp_loss":0,"event_name":"Upgrade Shrine","floor":48,"gold_loss":0,"cards_upgraded":["Calculated Gamble"]}],"is_beta":false,"boss_relics":[{"not_picked":["Cursed Key","Snecko Eye"],"picked":"HoveringKite"},{"not_picked":["Coffee Dripper","Tiny House"],"picked":"Runic Pyramid"}],"items_purged_floors":[3,19,28,36],"is_endless":false,"potions_floor_spawned":[1,4,8,11,16,25,27,31,33,35,37],"ascension_level":6}}