{"host":"d3bsw5ou8fswq5qc","time":1614266829,"event":{"mods":["Aspiration","BaseMod","Colored Map","Conspire","Downfall","GifTheSpireLib","Googly Eyes","Minty Spire (QoL Compilation)","Replay The Spire","StSLib","Stuff the Spire","The Jungle"],"gold_per_floor":[111,128,128,148,158,158,183,183,183,202,229,229,246,274,274,377,377,387,406,406,424,442,442,467,496,547,581,531,544,579,596,596,695,695,714,714,727,744,412,440,440,440],"floor_reached":41,"language":"FRA","playtime":4187,"items_purged":["downfall:Bewildered","Bash"],"score":610,"play_id":"c39d940c-2a64-45ea-8a5c-5126e6190d0d","local_time":"20210225162709","is_ascension_mode":true,"campfire_choices":[{"data":"Body Slam","floor":6,"key":"SMITH"},{"data":"Shrug It Off","floor":8,"key":"SMITH"},{"data":"Bash","floor":15,"key":"SMITH"},{"data":"Metallicize","floor":23,"key":"SMITH"},{"data":"Juggernaut","floor":32,"key":"SMITH"}],"circlet_count":0,"master_deck":["Strike_R","Strike_R","Strike_R","Strike_R","Strike_R","Defend_R","Defend_R","Defend_R","Defend_R","Bash+1","Body Slam+1","conspire:ExplosiveBarrier","Battle Trance","Headbutt","Shrug It Off+1","ReplayTheSpireMod:Stacked","Guardian:HyperBeam_Guardian","CurseOfTheBell","Metallicize+1","conspire:Charge","Cleave","Juggernaut+1","Shrug It Off","Iron Wave","Life Link+1","Offering","Iron Wave+1","True Grit+1","Body Slam","Metallicize","StuffTheSpire:RockThrow+1"],"relics":["Burning Blood","aspiration:Nostalgia","m_GuardianBlood","Bag of Marbles","Magic Flower","Oddly Smooth Stone","Smiling Mask","Calling Bell","Bronze Scales","StuffTheSpire:PointBlank","aspiration:DSix","sneckomod:BabySnecko","Red Mask","Bag of Preparation","Centennial Puzzle","Pet Ghost","Replay:PocketPolymizer","conspire:SlowCooker","conspire:Dentures","conspire:DeflatedDodgeball"],"acts_visited":["Exordium","TheCity","TheBeyond"],"potions_floor_usage":[5,24,33,33,33,33,33,41,41,41],"damage_taken":[{"damage":7,"enemies":"conspire:RoseBush","floor":1,"turns":4},{"damage":1,"enemies":"Cultist","floor":2,"turns":4},{"damage":0,"enemies":"Small Slimes","floor":4,"turns":3},{"damage":12,"enemies":"Gremlin Gang","floor":5,"turns":8},{"damage":39,"enemies":"Lagavulin","floor":7,"turns":6},{"damage":5,"enemies":"3 Louse","floor":10,"turns":6},{"damage":25,"enemies":"Gremlin Nob","floor":11,"turns":4},{"damage":0,"enemies":"2 Fungi Beasts","floor":13,"turns":3},{"damage":0,"enemies":"Replay:BlueRogue","floor":14,"turns":4},{"damage":40,"enemies":"The Guardian","floor":16,"turns":12},{"damage":1,"enemies":"Shell Parasite","floor":18,"turns":4},{"damage":18,"enemies":"2 Thieves","floor":19,"turns":3},{"damage":48,"enemies":"Centurion and Healer","floor":21,"turns":4},{"damage":6,"enemies":"Snake Plant","floor":22,"turns":4},{"damage":32,"enemies":"Masked Bandits","floor":24,"turns":5},{"damage":23,"enemies":"conspire:Head Lice","floor":25,"turns":6},{"damage":21,"enemies":"conspire:SneckoGhost","floor":27,"turns":7},{"damage":0,"enemies":"3 Cultists","floor":29,"turns":4},{"damage":12,"enemies":"Replay:Snechameleon","floor":30,"turns":5},{"damage":4,"enemies":"Sentry and Sphere","floor":31,"turns":4},{"damage":38,"enemies":"Collector","floor":33,"turns":10},{"damage":16,"enemies":"3 Darklings","floor":35,"turns":3},{"damage":10,"enemies":"3 Shapes","floor":37,"turns":2},{"damage":22,"enemies":"Maw","floor":38,"turns":7},{"damage":60,"enemies":"Giant Head","floor":40,"turns":8},{"damage":43,"enemies":"Writhing Mass","floor":41,"turns":4}],"seed_played":"-2108683524528313879","potions_obtained":[{"floor":1,"key":"champ:CounterPotion"},{"floor":5,"key":"Guardian:BlockOnCardUsePotion"},{"floor":7,"key":"LiquidBronze"},{"floor":11,"key":"Milkshake"},{"floor":14,"key":"Elixir"},{"floor":19,"key":"EntropicBrew"},{"floor":21,"key":"PowerPotion"},{"floor":25,"key":"Toxic Potion"},{"floor":27,"key":"DuplicationPotion"},{"floor":33,"key":"Swift Potion"},{"floor":35,"key":"Toxic Potion"}],"is_trial":false,"path_per_floor":["M","M","$","M","M","R","E","R","T","M","E","?","M","E","R","B",null,"M","M","?","M","M","R","?","E","T","E","$","M","E","M","R","B",null,"M","?","M","M","$","E","M"],"character_chosen":"IRONCLAD","items_purchased":["Metallicize","conspire:Dentures"],"campfire_rested":0,"item_purchase_floors":[39,39],"current_hp_per_floor":[80,80,80,80,80,80,53,53,53,66,59,59,77,80,80,58,80,80,80,80,50,62,62,48,43,43,40,40,58,64,78,78,58,80,80,80,80,76,76,34,0,0],"gold":440,"neow_bonus":"NOSTALGIA","is_daily":false,"chose_seed":false,"campfire_upgraded":5,"win_rate":0.0,"timestamp":1614266829,"path_taken":["M","M","$","M","M","R","E","R","T","M","E","?","M","E","R","BOSS","M","M","?","M","M","R","?","E","T","E","$","M","E","M","R","BOSS","M","?","?","M","$","E","M"],"items_purchased_type":["Card","Relic"],"build_version":"2020-12-22","purchased_purges":2,"victory":false,"max_hp_per_floor":[80,80,80,80,80,80,80,80,80,80,80,80,80,80,80,80,80,80,80,80,80,80,80,80,80,80,80,80,80,80,80,80,80,80,80,80,80,80,80,80,80,80],"card_choices":[{"not_picked":["Guardian:FloatingOrbs","Whirlwind"],"picked":"Body Slam","floor":1},{"not_picked":["Rage","ReplayTheSpireMod:LeadingStrike"],"picked":"conspire:ExplosiveBarrier","floor":2},{"not_picked":["Abandon","Guardian:WalkerClaw"],"picked":"Battle Trance","floor":4},{"not_picked":["Heavy Blade","Perfected Strike"],"picked":"Headbutt","floor":5},{"not_picked":["Blood for Blood","Wild Strike"],"picked":"Shrug It Off","floor":7},{"not_picked":["Guardian:RefractedBeam","Dual Wield","Anger"],"picked":"SKIP","floor":10},{"not_picked":["Heavy Blade","Headbutt"],"picked":"ReplayTheSpireMod:Stacked","floor":11},{"not_picked":["Abandon","Havoc","Guardian:RefractedBeam"],"picked":"SKIP","floor":13},{"not_picked":["StuffTheSpire:Pyroclast","StuffTheSpire:RockThrow","Hemogenesis"],"picked":"SKIP","floor":14},{"not_picked":["Double Tap","Guardian:WeakpointTargeting"],"picked":"Guardian:HyperBeam_Guardian","floor":16},{"not_picked":["conspire:ExplosiveBarrier","Flame Barrier"],"picked":"Metallicize","floor":18},{"not_picked":["Flex+1","Thunderclap"],"picked":"conspire:Charge","floor":19},{"not_picked":["Rampage","ReplayTheSpireMod:Strike From Hell+1","Perfected Strike"],"picked":"SKIP","floor":21},{"not_picked":["StuffTheSpire:RockThrow+1","StuffTheSpire:Slingshot"],"picked":"Cleave","floor":22},{"not_picked":["Intimidate","Shrug It Off"],"picked":"Juggernaut","floor":24},{"not_picked":["Clash","Flex"],"picked":"Shrug It Off","floor":25},{"not_picked":["Sever Soul","Rampage"],"picked":"Iron Wave","floor":27},{"not_picked":["Cleave+1","StuffTheSpire:Slingshot","Warcry"],"picked":"SKIP","floor":29},{"not_picked":["ReplayReversal","Wild Strike"],"picked":"Life Link","floor":30},{"not_picked":["Flex","StuffTheSpire:RagingBull","Clothesline+1"],"picked":"SKIP","floor":31},{"not_picked":["Immolate","Eclipse"],"picked":"Offering","floor":33},{"not_picked":["Reckless Charge","Havoc+1"],"picked":"Iron Wave+1","floor":35},{"not_picked":["Heavy Blade+1","Perfected Strike"],"picked":"True Grit+1","floor":37},{"not_picked":["Iron Wave","Hemokinesis+1"],"picked":"Body Slam","floor":38},{"not_picked":["ReplayTheSpireMod:Strike From Hell+1","Perfected Strike+1"],"picked":"StuffTheSpire:RockThrow+1","floor":40}],"player_experience":307922,"relics_obtained":[{"floor":7,"key":"Bag of Marbles"},{"floor":9,"key":"Magic Flower"},{"floor":11,"key":"Oddly Smooth Stone"},{"floor":14,"key":"Smiling Mask"},{"floor":17,"key":"Bronze Scales"},{"floor":17,"key":"StuffTheSpire:PointBlank"},{"floor":17,"key":"aspiration:DSix"},{"floor":24,"key":"Red Mask"},{"floor":25,"key":"Bag of Preparation"},{"floor":26,"key":"Centennial Puzzle"},{"floor":27,"key":"Pet Ghost"},{"floor":30,"key":"Replay:PocketPolymizer"},{"floor":40,"key":"conspire:DeflatedDodgeball"}],"event_choices":[{"damage_healed":0,"gold_gain":0,"player_choice":"1 cards matched","damage_taken":0,"max_hp_gain":0,"max_hp_loss":0,"event_name":"Match and Keep!","floor":12,"gold_loss":0,"cards_obtained":["Bash"]},{"damage_healed":0,"gold_gain":0,"player_choice":"Fought Bandits","damage_taken":0,"max_hp_gain":0,"max_hp_loss":0,"event_name":"Masked Bandits","floor":24,"gold_loss":0},{"damage_healed":0,"gold_gain":0,"player_choice":"Upgraded","damage_taken":0,"max_hp_gain":0,"max_hp_loss":0,"event_name":"Upgrade Shrine","floor":36,"gold_loss":0,"cards_upgraded":["Life Link"]}],"is_beta":false,"boss_relics":[{"not_picked":["conspire:RunicOctahedron","Ooze Armor"],"picked":"Calling Bell"},{"not_picked":["aspiration:RitualDagger","ReplayTheSpireMod:DimensionalGlitch"],"picked":"conspire:SlowCooker"}],"items_purged_floors":[28,39],"is_endless":false,"potions_floor_spawned":[1,5,7,11,14,19,21,25,27,30,31,33,35],"killed_by":"Writhing Mass","ascension_level":3}}