{"host":"0tbecx6mc13icp35","time":1614244619,"event":{"mods":["AchievementEnabler","BaseMod","Colored Map","Colored Powertips","DeckTracker","Minty Spire (QoL Compilation)","Relic Stats","Synergy Search","slay the spire mod where everything is the same but ironclad has a cowboy hat"],"gold_per_floor":[110,110,110,128,203,231,291,291,318,50,50,76,76,111,111,213,213,230,230,240,240,240,265,80,80,80,131,131,162,162,181,181,279,279,289,289,289,289,299,329,379,379,404,456,456,456,456,484,484,484],"floor_reached":51,"language":"ENG","playtime":2035,"items_purged":[],"score":1096,"play_id":"e6463c99-b138-47e1-b170-38d59965feaf","local_time":"20210225121659","is_ascension_mode":true,"campfire_choices":[{"floor":8,"key":"REST"},{"data":"Terror","floor":11,"key":"SMITH"},{"data":"Infinite Blades","floor":13,"key":"SMITH"},{"floor":15,"key":"REST"},{"data":"Storm of Steel","floor":25,"key":"SMITH"},{"data":"Adrenaline","floor":32,"key":"SMITH"},{"data":"Phantasmal Killer","floor":42,"key":"SMITH"},{"data":"Venomology","floor":45,"key":"SMITH"},{"floor":49,"key":"REST"}],"circlet_count":0,"master_deck":["Survivor","Neutralize","Infinite Blades+1","Infinite Blades","Terror+1","PiercingWail","Bandage Up","Poisoned Stab","Poisoned Stab","Storm of Steel+1","Die Die Die+1","Deflect","All Out Attack+1","RitualDagger","Backflip+1","Blur","Necronomicurse","Adrenaline+1","Riddle With Holes+1","Phantasmal Killer+1","Choke+1","Venomology+1","Dodge and Roll","Riddle With Holes","Bane","After Image","Bane","Tactician","All Out Attack","Backflip+1","Distraction","Blur","Blade Dance","Backstab+1","Accuracy+1"],"relics":["Ring of the Snake","NeowsBlessing","Regal Pillow","Question Card","Shuriken","Strawberry","Snake Skull","Tiny Chest","Anchor","SlaversCollar","Kunai","Sundial","Lee\u0027s Waffle","Toy Ornithopter","Juzu Bracelet","Necronomicon","Pear","Bottled Tornado","Pandora\u0027s Box","Paper Crane","Orichalcum","FossilizedHelix","Ancient Tea Set","Whetstone","The Courier","Centennial Puzzle"],"acts_visited":["Exordium","TheCity","TheBeyond"],"potions_floor_usage":[7,23,33,39,40,41,41,46,50],"damage_taken":[{"damage":0,"enemies":"Small Slimes","floor":1,"turns":1},{"damage":0,"enemies":"Jaw Worm","floor":4,"turns":1},{"damage":0,"enemies":"Gremlin Nob","floor":6,"turns":1},{"damage":24,"enemies":"Lagavulin Event","floor":7,"turns":5},{"damage":27,"enemies":"3 Sentries","floor":12,"turns":8},{"damage":24,"enemies":"Lagavulin","floor":14,"turns":5},{"damage":0,"enemies":"Slime Boss","floor":16,"turns":6},{"damage":6,"enemies":"Shell Parasite","floor":18,"turns":3},{"damage":24,"enemies":"Spheric Guardian","floor":20,"turns":4},{"damage":28,"enemies":"Book of Stabbing","floor":23,"turns":5},{"damage":0,"enemies":"Gremlin Leader","floor":29,"turns":6},{"damage":16,"enemies":"Snecko","floor":31,"turns":4},{"damage":23,"enemies":"Champ","floor":33,"turns":7},{"damage":9,"enemies":"Orb Walker","floor":35,"turns":3},{"damage":18,"enemies":"3 Shapes","floor":39,"turns":4},{"damage":3,"enemies":"Giant Head","floor":40,"turns":5},{"damage":26,"enemies":"Mind Bloom Boss Battle","floor":41,"turns":3},{"damage":0,"enemies":"Maw","floor":46,"turns":2},{"damage":2,"enemies":"Reptomancer","floor":48,"turns":4},{"damage":34,"enemies":"Time Eater","floor":50,"turns":7}],"seed_played":"-7159172175439476723","potions_obtained":[{"floor":1,"key":"DistilledChaos"},{"floor":4,"key":"AttackPotion"},{"floor":16,"key":"SmokeBomb"},{"floor":18,"key":"SteroidPotion"},{"floor":31,"key":"Swift Potion"},{"floor":39,"key":"SmokeBomb"},{"floor":40,"key":"EssenceOfSteel"}],"is_trial":false,"path_per_floor":["M","?","?","M","?","E","?","R","T","$","R","E","R","E","R","B",null,"M","?","M","?","T","E","$","R","T","T","?","E","T","M","R","B",null,"M","?","T","?","M","E","?","R","T","T","R","M","T","E","R","B",null],"character_chosen":"THE_SILENT","items_purchased":["Snake Skull","Bandage Up","Poisoned Stab","Lee\u0027s Waffle","Blur"],"campfire_rested":3,"item_purchase_floors":[10,10,10,24,24],"current_hp_per_floor":[70,70,70,70,59,59,35,70,77,77,77,54,54,34,72,76,77,75,75,55,49,49,25,84,84,84,84,68,82,82,70,70,56,94,85,85,85,85,76,82,68,68,68,68,68,77,77,75,94,60],"gold":484,"neow_bonus":"THREE_ENEMY_KILL","is_daily":false,"chose_seed":false,"campfire_upgraded":6,"win_rate":0.0,"timestamp":1614244619,"path_taken":["M","?","?","?","?","E","?","R","T","$","R","E","R","E","R","BOSS","M","?","M","?","?","E","$","R","T","?","?","E","?","M","R","BOSS","M","?","?","?","M","E","?","R","T","?","R","M","?","E","R","BOSS"],"items_purchased_type":["Relic","Card","Card","Relic","Card"],"build_version":"2020-12-22","purchased_purges":0,"victory":true,"max_hp_per_floor":[70,70,70,70,70,70,70,70,77,77,77,77,77,77,77,77,77,77,77,77,77,77,77,84,84,84,84,84,94,94,94,94,94,94,94,94,94,94,94,94,94,94,94,94,94,94,94,94,94,94],"relic_stats":{"Regal Pillow":29,"Lee\u0027s Waffle":59,"counters":[20,84],"Snake Skull":[27],"Juzu Bracelet":2,"Whetstone":["Choke","Die Die Die"],"Orichalcum":[0],"Question Card":15,"Centennial Puzzle":[3],"Shuriken":[66],"Sundial":[2],"Tiny Chest":3,"Pandora\u0027s Box":["Masterful Stab","Choke","Venomology","Dodge and Roll","Riddle With Holes","Bane","After Image","Bane","Tactician","All Out Attack"],"Necronomicon":[14],"Kunai":[43],"obtain_stats":[{"Regal Pillow":3,"Snake Skull":10,"Juzu Bracelet":27,"Whetstone":44,"Bottled Tornado":30,"Ancient Tea Set":43,"Centennial Puzzle":48,"Sundial":23,"Strawberry":9,"Tiny Chest":12,"Necronomicon":28,"Kunai":22,"Ring of the Snake":0,"Lee\u0027s Waffle":24,"Pear":29,"NeowsBlessing":0,"The Courier":47,"Paper Crane":37,"Orichalcum":40,"Question Card":6,"SlaversCollar":17,"Anchor":14,"Shuriken":7,"Pandora\u0027s Box":34,"Toy Ornithopter":26,"FossilizedHelix":41},{"Regal Pillow":1,"Snake Skull":4,"Juzu Bracelet":10,"Whetstone":17,"Bottled Tornado":11,"Ancient Tea Set":17,"Centennial Puzzle":19,"Sundial":10,"Strawberry":4,"Tiny Chest":5,"Necronomicon":10,"Kunai":9,"Ring of the Snake":0,"Lee\u0027s Waffle":10,"Pear":11,"NeowsBlessing":0,"The Courier":18,"Paper Crane":14,"Orichalcum":16,"Question Card":3,"SlaversCollar":7,"Anchor":6,"Shuriken":3,"Pandora\u0027s Box":13,"Toy Ornithopter":10,"FossilizedHelix":17},{"Regal Pillow":1,"Snake Skull":8,"Juzu Bracelet":39,"Whetstone":71,"Bottled Tornado":45,"Ancient Tea Set":71,"Centennial Puzzle":77,"Sundial":39,"Strawberry":8,"Tiny Chest":16,"Necronomicon":39,"Kunai":34,"Ring of the Snake":0,"Lee\u0027s Waffle":39,"Pear":45,"NeowsBlessing":0,"The Courier":73,"Paper Crane":59,"Orichalcum":68,"Question Card":3,"SlaversCollar":27,"Anchor":21,"Shuriken":3,"Pandora\u0027s Box":56,"Toy Ornithopter":39,"FossilizedHelix":71}],"Toy Ornithopter":30,"Ring of the Snake":[40]},"card_choices":[{"not_picked":["Choke","Leg Sweep"],"picked":"Infinite Blades","floor":1},{"not_picked":["Acrobatics","Flying Knee"],"picked":"Infinite Blades","floor":4},{"not_picked":["Flechettes","Deadly Poison"],"picked":"Terror","floor":6},{"not_picked":["Deadly Poison","Sucker Punch","Bane"],"picked":"PiercingWail","floor":7},{"not_picked":["PiercingWail","Slice","Quick Slash"],"picked":"Poisoned Stab","floor":12},{"not_picked":["Cloak And Dagger","Flying Knee","Well Laid Plans"],"picked":"Storm of Steel","floor":14},{"not_picked":["Burst","Storm of Steel","After Image"],"picked":"Die Die Die","floor":16},{"not_picked":["Expertise","Dagger Throw","Caltrops"],"picked":"Deflect","floor":18},{"not_picked":["PiercingWail+1","Dagger Spray","Finisher"],"picked":"All Out Attack+1","floor":20},{"not_picked":["Sucker Punch","Outmaneuver+1","Acrobatics+1"],"picked":"Backflip+1","floor":23},{"not_picked":["Bullet Time","Footwork","Deadly Poison"],"picked":"Adrenaline","floor":29},{"not_picked":["All Out Attack","Bane","Expertise"],"picked":"Riddle With Holes+1","floor":31},{"not_picked":["Venomology","Grand Finale","After Image"],"picked":"Phantasmal Killer","floor":33},{"not_picked":["Deadly Poison","Infinite Blades","Blur"],"picked":"Backflip+1","floor":35},{"not_picked":["Underhanded Strike+1","Backstab+1","Flechettes+1"],"picked":"Blur","floor":39},{"not_picked":["Distraction","Bullet Time","Catalyst"],"picked":"Blade Dance","floor":40},{"not_picked":["Catalyst+1","Prepared","Dagger Throw+1"],"picked":"Backstab+1","floor":41},{"not_picked":["Dagger Spray+1","A Thousand Cuts","Dagger Throw+1"],"picked":"Accuracy+1","floor":48}],"player_experience":86099,"relics_obtained":[{"floor":6,"key":"Question Card"},{"floor":9,"key":"Strawberry"},{"floor":12,"key":"Tiny Chest"},{"floor":14,"key":"Anchor"},{"floor":22,"key":"Kunai"},{"floor":23,"key":"Sundial"},{"floor":26,"key":"Toy Ornithopter"},{"floor":27,"key":"Juzu Bracelet"},{"floor":28,"key":"Necronomicon"},{"floor":29,"key":"Pear"},{"floor":30,"key":"Bottled Tornado"},{"floor":37,"key":"Paper Crane"},{"floor":40,"key":"Orichalcum"},{"floor":41,"key":"FossilizedHelix"},{"floor":43,"key":"Ancient Tea Set"},{"floor":44,"key":"Whetstone"},{"floor":47,"key":"The Courier"},{"floor":48,"key":"Centennial Puzzle"}],"event_choices":[{"damage_healed":0,"gold_gain":0,"player_choice":"Leave","damage_taken":0,"max_hp_gain":0,"max_hp_loss":0,"event_name":"The Cleric","floor":2,"gold_loss":0},{"damage_healed":0,"gold_gain":0,"player_choice":"Gave Potion","damage_taken":0,"relics_obtained":["Regal Pillow"],"max_hp_gain":0,"max_hp_loss":0,"event_name":"WeMeetAgain","floor":3,"gold_loss":0},{"damage_healed":0,"gold_gain":75,"player_choice":"Gather Gold","damage_taken":11,"max_hp_gain":0,"max_hp_loss":0,"event_name":"World of Goop","floor":5,"gold_loss":0},{"damage_healed":0,"gold_gain":30,"player_choice":"Searched \u00273\u0027 times","damage_taken":0,"relics_obtained":["Shuriken"],"max_hp_gain":0,"max_hp_loss":0,"event_name":"Dead Adventurer","floor":7,"gold_loss":0},{"damage_healed":0,"gold_gain":0,"player_choice":"Ignored","damage_taken":0,"max_hp_gain":0,"max_hp_loss":0,"event_name":"Ghosts","floor":19,"gold_loss":0},{"damage_healed":0,"gold_gain":0,"player_choice":"Joined the Cult","damage_taken":6,"max_hp_gain":0,"max_hp_loss":0,"event_name":"Nest","floor":21,"gold_loss":0,"cards_obtained":["RitualDagger"]},{"damage_healed":0,"gold_gain":0,"player_choice":"Obtained Book","damage_taken":16,"max_hp_gain":0,"max_hp_loss":0,"event_name":"Cursed Tome","floor":28,"gold_loss":0},{"damage_healed":0,"gold_gain":0,"player_choice":"Ignored","damage_taken":0,"max_hp_gain":0,"max_hp_loss":0,"event_name":"Tomb of Lord Red Mask","floor":36,"gold_loss":0},{"damage_healed":0,"gold_gain":0,"cards_transformed":["Masterful Stab"],"player_choice":"Transformed","damage_taken":0,"max_hp_gain":0,"max_hp_loss":0,"event_name":"Transmorgrifier","floor":38,"gold_loss":0,"cards_obtained":["Distraction"]},{"damage_healed":0,"gold_gain":0,"player_choice":"Fight","damage_taken":0,"max_hp_gain":0,"max_hp_loss":0,"event_name":"MindBloom","floor":41,"gold_loss":0}],"is_beta":false,"boss_relics":[{"not_picked":["Snecko Eye","Fusion Hammer"],"picked":"SlaversCollar"},{"not_picked":["Runic Pyramid","Tiny House"],"picked":"Pandora\u0027s Box"}],"items_purged_floors":[],"is_endless":false,"potions_floor_spawned":[1,4,16,18,31,39,40,46],"ascension_level":3}}