{"host":"vbnedsupt3437a3r","time":1614273039,"event":{"mods":["BaseMod","Minty Spire (QoL Compilation)"],"gold_per_floor":[18,18,18,28,41,70,70,90,90,90,12,12,27,62,62,62,62],"floor_reached":16,"language":"ENG","playtime":1279,"items_purged":[],"score":116,"play_id":"3d34a378-3af0-4f78-9132-bd2ba59f33d0","local_time":"20210225091039","is_ascension_mode":true,"campfire_choices":[{"floor":7,"key":"REST"},{"data":"Zap","floor":10,"key":"SMITH"},{"floor":12,"key":"REST"},{"data":"Rainbow","floor":15,"key":"SMITH"}],"circlet_count":0,"master_deck":["Strike_B","Strike_B","Strike_B","Defend_B","Defend_B","Defend_B","Defend_B","Zap+1","Dualcast","Chrysalis","Gash","Aggregate","Heatsinks","Chill","Rainbow+1","Tempest"],"relics":["Cracked Core","Sundial","Mummified Hand","Symbiotic Virus"],"acts_visited":["Exordium"],"potions_floor_usage":[6,14,14],"damage_taken":[{"damage":5,"enemies":"Jaw Worm","floor":1,"turns":4},{"damage":0,"enemies":"Small Slimes","floor":4,"turns":3},{"damage":1,"enemies":"2 Louse","floor":5,"turns":2},{"damage":73,"enemies":"Gremlin Nob","floor":6,"turns":6},{"damage":8,"enemies":"Looter","floor":8,"turns":4},{"damage":3,"enemies":"Lots of Slimes","floor":13,"turns":4},{"damage":16,"enemies":"Lagavulin","floor":14,"turns":5},{"damage":29,"enemies":"Hexaghost","floor":16,"turns":9}],"seed_played":"1042487449156869059","potions_obtained":[{"floor":1,"key":"ColorlessPotion"},{"floor":8,"key":"FearPotion"},{"floor":14,"key":"Fruit Juice"}],"is_trial":false,"path_per_floor":["M","?","?","M","M","E","R","M","T","R","$","R","M","E","R","B"],"character_chosen":"DEFECT","items_purchased":["Rainbow"],"campfire_rested":2,"item_purchase_floors":[11],"current_hp_per_floor":[70,70,75,75,74,1,25,17,17,17,17,41,38,27,27,0,0],"gold":62,"neow_bonus":"RANDOM_COLORLESS_2","is_daily":false,"chose_seed":false,"campfire_upgraded":2,"win_rate":0.0,"timestamp":1614273039,"path_taken":["M","?","?","M","M","E","R","M","T","R","?","R","M","E","R","BOSS"],"items_purchased_type":["Card"],"build_version":"2020-12-22","purchased_purges":0,"victory":false,"max_hp_per_floor":[75,75,80,80,80,80,80,80,80,80,80,80,80,85,85,85,85],"card_choices":[{"not_picked":["Metamorphosis","Secret Technique"],"picked":"Chrysalis","floor":0},{"not_picked":["Turbo","Streamline"],"picked":"Gash","floor":1},{"not_picked":["Chill","Barrage"],"picked":"Aggregate","floor":4},{"not_picked":["Blizzard","Cold Snap"],"picked":"Heatsinks","floor":5},{"not_picked":["Multi-Cast","Machine Learning"],"picked":"Chill","floor":6},{"not_picked":["Ball Lightning","Melter","Turbo"],"picked":"SKIP","floor":8},{"not_picked":["Turbo","Aggregate"],"picked":"Tempest","floor":13},{"not_picked":["Scrape","Tempest","Aggregate"],"picked":"SKIP","floor":14}],"player_experience":205543,"relics_obtained":[{"floor":6,"key":"Sundial"},{"floor":9,"key":"Mummified Hand"},{"floor":14,"key":"Symbiotic Virus"}],"event_choices":[{"cards_removed":["Strike_B"],"damage_healed":0,"gold_gain":0,"player_choice":"Forget","damage_taken":0,"max_hp_gain":0,"max_hp_loss":0,"event_name":"Living Wall","floor":2,"gold_loss":0},{"damage_healed":0,"gold_gain":0,"player_choice":"Donut","damage_taken":0,"max_hp_gain":5,"max_hp_loss":0,"event_name":"Big Fish","floor":3,"gold_loss":0}],"is_beta":false,"boss_relics":[],"items_purged_floors":[],"is_endless":false,"potions_floor_spawned":[1,8,14],"killed_by":"Hexaghost","ascension_level":1}}