{"host":"4qkvkh7pd9qr2mca","time":1614282109,"event":{"mods":["AchievementEnabler","BaseMod","Colored Map","Colored Powertips","Highlight Path","Minty Spire (QoL Compilation)","Permanent Neow","Quick Restart","Relic Stats","StSLib","SuperFastMode"],"gold_per_floor":[134,114,39,70,41,107,107,140,163,163,218,293,349,387,387,486,486,550,413,328,372,414,414,479,535,535,535,58,83,83,151,151,228,228,243,286,327,372,67,123,123,123,123,123,123,155,155,4,4,4,4,4],"floor_reached":51,"language":"ENG","playtime":1741,"items_purged":["Strike_R","Strike_R","Strike_R","Strike_R","Defend_R"],"score":1463,"play_id":"78dcedee-f6c7-4003-9500-266e7a64c92b","local_time":"20210225204149","is_ascension_mode":true,"campfire_choices":[{"floor":7.0,"key":"REST"},{"data":"HandOfGreed","floor":10.0,"key":"SMITH"},{"floor":15.0,"key":"REST"},{"data":"Inflame","floor":23.0,"key":"SMITH"},{"data":"Metallicize","floor":30.0,"key":"SMITH"},{"data":"Offering","floor":32.0,"key":"SMITH"},{"data":"Limit Break","floor":42.0,"key":"SMITH"},{"data":"Corruption","floor":44.0,"key":"SMITH"},{"data":"Metallicize","floor":47.0,"key":"SMITH"},{"data":"Metallicize","floor":49.0,"key":"SMITH"}],"circlet_count":0,"master_deck":["AscendersBane","Defend_R","Defend_R","Defend_R","Bash","HandOfGreed+1","Metallicize+1","Metallicize+1","Pommel Strike","Anger","Impervious","Inflame+1","Headbutt","Offering+1","Sword Boomerang+1","Battle Trance+1","Cleave+1","Whirlwind+1","Sword Boomerang+1","Limit Break+1","CurseOfTheBell","Parasite","Corruption+1","Metallicize+1","Pummel+1"],"relics":["Burning Blood","Lantern","Mango","Bag of Preparation","Toy Ornithopter","Red Skull","Busted Crown","Eternal Feather","StrikeDummy","Molten Egg 2","Membership Card","Torii","Boot","Calling Bell","Anchor","Singing Bowl","Peace Pipe","Paper Frog","Meat on the Bone","Self Forming Clay","Ice Cream"],"acts_visited":["Exordium","TheCity","TheBeyond"],"potions_floor_usage":[],"damage_taken":[{"damage":21.0,"enemies":"Jaw Worm","floor":1.0,"turns":6.0},{"damage":0.0,"enemies":"Cultist","floor":4.0,"turns":4.0},{"damage":28.0,"enemies":"3 Sentries","floor":6.0,"turns":19.0},{"damage":13.0,"enemies":"Lagavulin","floor":8.0,"turns":7.0},{"damage":4.0,"enemies":"3 Sentries","floor":11.0,"turns":8.0},{"damage":18.0,"enemies":"Lagavulin","floor":13.0,"turns":6.0},{"damage":0.0,"enemies":"2 Louse","floor":14.0,"turns":3.0},{"damage":28.0,"enemies":"Hexaghost","floor":16.0,"turns":9.0},{"damage":24.0,"enemies":"3 Byrds","floor":18.0,"turns":6.0},{"damage":15.0,"enemies":"2 Thieves","floor":21.0,"turns":4.0},{"damage":11.0,"enemies":"Sentry and Sphere","floor":22.0,"turns":3.0},{"damage":6.0,"enemies":"Cultist and Chosen","floor":24.0,"turns":5.0},{"damage":26.0,"enemies":"Slavers","floor":25.0,"turns":4.0},{"damage":14.0,"enemies":"Book of Stabbing","floor":29.0,"turns":4.0},{"damage":6.0,"enemies":"Centurion and Healer","floor":31.0,"turns":4.0},{"damage":35.0,"enemies":"Collector","floor":33.0,"turns":5.0},{"damage":1.0,"enemies":"Orb Walker","floor":35.0,"turns":3.0},{"damage":7.0,"enemies":"3 Darklings","floor":36.0,"turns":3.0},{"damage":7.0,"enemies":"Writhing Mass","floor":37.0,"turns":4.0},{"damage":6.0,"enemies":"Sphere and 2 Shapes","floor":38.0,"turns":4.0},{"damage":56.0,"enemies":"Reptomancer","floor":40.0,"turns":6.0},{"damage":52.0,"enemies":"Nemesis","floor":46.0,"turns":5.0},{"damage":60.0,"enemies":"Donu and Deca","floor":50.0,"turns":7.0},{"damage":50,"enemies":"Awakened One","floor":51,"turns":3}],"seed_played":"-2199501205374213121","potions_obtained":[{"floor":1.0,"key":"EssenceOfSteel"},{"floor":2.0,"key":"Strength Potion"},{"floor":8.0,"key":"Swift Potion"},{"floor":16.0,"key":"SmokeBomb"},{"floor":24.0,"key":"Dexterity Potion"},{"floor":29.0,"key":"SteroidPotion"},{"floor":31.0,"key":"Ancient Potion"},{"floor":38.0,"key":"Fruit Juice"}],"is_trial":false,"path_per_floor":["M","?","$","M","$","E","R","E","T","R","E","?","E","M","R","B",null,"M","$","?","M","M","R","M","E","T","?","$","E","R","M","R","B",null,"M","M","M","M","$","E","?","R","T","R","?","E","R","$","R","B","B"],"character_chosen":"IRONCLAD","items_purchased":["Pommel Strike","Battle Trance","Membership Card","Torii","Whirlwind+1","LiquidMemories","Paper Frog","Corruption","Metallicize","Pummel+1"],"campfire_rested":2,"item_purchase_floors":[5,19,28,28,28,28,39,39,48,48],"current_hp_per_floor":[35,35,35,41,41,19,41,48,48,48,50,39,27,33,59,37,76,58,58,58,49,44,56,61,41,41,41,41,38,50,50,62,33,75,82,83,84,96,96,48,85,85,85,85,85,53,65,65,80,38,0,0],"gold":4,"neow_bonus":"RANDOM_COLORLESS_2","is_daily":false,"chose_seed":false,"campfire_upgraded":8,"win_rate":0.0,"timestamp":1614282109,"path_taken":["M","?","?","?","$","E","R","E","T","R","E","?","E","M","R","BOSS","M","$","?","M","M","R","M","E","T","?","$","E","R","M","R","BOSS","M","M","M","?","$","E","?","R","T","R","?","E","R","$","R","BOSS","BOSS"],"items_purchased_type":["Card","Card","Relic","Relic","Card","Potion","Relic","Card","Card","Card"],"build_version":"2020-12-22","purchased_purges":5,"victory":false,"max_hp_per_floor":[75,75,75,75,75,75,75,89,89,89,89,89,89,89,89,89,89,89,89,89,89,89,89,89,89,89,89,89,89,89,89,89,89,89,91,93,95,102,102,104,85,85,85,85,85,87,87,87,87,87,87,87],"relic_stats":{"Torii":20,"Singing Bowl":12,"counters":[24,132],"Self Forming Clay":[30],"Eternal Feather":63,"Bag of Preparation":[40],"Boot":[80],"Burning Blood":138,"Peace Pipe":0,"Busted Crown":30,"obtain_stats":[{"Ice Cream":46,"Lantern":6,"Torii":28,"Singing Bowl":34,"Self Forming Clay":43,"Mango":8,"Eternal Feather":20,"Bag of Preparation":9,"Boot":29,"Burning Blood":0,"Calling Bell":34,"Peace Pipe":34,"Anchor":34,"Busted Crown":17,"Molten Egg 2":26,"Membership Card":28,"StrikeDummy":25,"Toy Ornithopter":11,"Red Skull":13,"Paper Frog":39,"Meat on the Bone":40},{"Ice Cream":22,"Lantern":3,"Torii":13,"Singing Bowl":16,"Self Forming Clay":21,"Mango":4,"Eternal Feather":9,"Bag of Preparation":4,"Boot":14,"Burning Blood":0,"Calling Bell":16,"Peace Pipe":16,"Anchor":16,"Busted Crown":8,"Molten Egg 2":13,"Membership Card":13,"StrikeDummy":13,"Toy Ornithopter":5,"Red Skull":6,"Paper Frog":20,"Meat on the Bone":21},{"Ice Cream":122,"Lantern":29,"Torii":84,"Singing Bowl":97,"Self Forming Clay":117,"Mango":36,"Eternal Feather":68,"Bag of Preparation":36,"Boot":88,"Burning Blood":0,"Calling Bell":97,"Peace Pipe":97,"Anchor":97,"Busted Crown":62,"Molten Egg 2":84,"Membership Card":84,"StrikeDummy":84,"Toy Ornithopter":44,"Red Skull":50,"Paper Frog":111,"Meat on the Bone":117}],"Toy Ornithopter":15,"Meat on the Bone":24},"card_choices":[{"not_picked":["Panache","Mayhem"],"picked":"HandOfGreed","floor":0.0},{"not_picked":["Iron Wave","Dark Embrace"],"picked":"Metallicize","floor":1.0},{"not_picked":["Sword Boomerang","True Grit"],"picked":"Metallicize","floor":4.0},{"not_picked":["Rupture","Warcry"],"picked":"Anger","floor":6.0},{"not_picked":["Flex","Shrug It Off"],"picked":"Impervious","floor":8.0},{"not_picked":["Power Through","Shockwave"],"picked":"Inflame","floor":13.0},{"not_picked":["Dropkick","Infernal Blade"],"picked":"Headbutt","floor":14.0},{"not_picked":["Brutality","Demon Form"],"picked":"Offering","floor":16.0},{"not_picked":[],"picked":"Sword Boomerang+1","floor":18.0},{"not_picked":["Flex"],"picked":"SKIP","floor":21.0},{"not_picked":["Wild Strike"],"picked":"SKIP","floor":22.0},{"not_picked":["Clash"],"picked":"SKIP","floor":24.0},{"not_picked":[],"picked":"Cleave+1","floor":25.0},{"not_picked":[],"picked":"Sword Boomerang+1","floor":29.0},{"not_picked":["Thunderclap+1"],"picked":"SKIP","floor":31.0},{"not_picked":[],"picked":"Limit Break","floor":33.0},{"not_picked":["Pommel Strike+1"],"picked":"Singing Bowl","floor":35.0},{"not_picked":["Pommel Strike+1"],"picked":"Singing Bowl","floor":36.0},{"not_picked":["Metallicize"],"picked":"Singing Bowl","floor":37.0},{"not_picked":["Flex"],"picked":"Singing Bowl","floor":38.0},{"not_picked":["Flex"],"picked":"Singing Bowl","floor":40.0},{"not_picked":["Bludgeon+1"],"picked":"Singing Bowl","floor":46.0}],"player_experience":661970,"relics_obtained":[{"floor":6.0,"key":"Lantern"},{"floor":8.0,"key":"Mango"},{"floor":9.0,"key":"Bag of Preparation"},{"floor":11.0,"key":"Toy Ornithopter"},{"floor":13.0,"key":"Red Skull"},{"floor":25.0,"key":"StrikeDummy"},{"floor":26.0,"key":"Molten Egg 2"},{"floor":29.0,"key":"Boot"},{"floor":34.0,"key":"Anchor"},{"floor":34.0,"key":"Singing Bowl"},{"floor":34.0,"key":"Peace Pipe"},{"floor":40.0,"key":"Meat on the Bone"},{"floor":43.0,"key":"Self Forming Clay"},{"floor":46.0,"key":"Ice Cream"}],"event_choices":[{"damage_healed":0.0,"max_hp_gain":0.0,"max_hp_loss":0.0,"gold_gain":0.0,"event_name":"The Woman in Blue","player_choice":"Bought 1 Potion","floor":2.0,"gold_loss":0.0,"damage_taken":0.0},{"damage_healed":0.0,"max_hp_gain":0.0,"max_hp_loss":0.0,"gold_gain":75.0,"event_name":"World of Goop","player_choice":"Gather Gold","floor":12.0,"gold_loss":0.0,"damage_taken":11.0},{"damage_healed":0.0,"max_hp_gain":0.0,"max_hp_loss":0.0,"gold_gain":0.0,"event_name":"Addict","player_choice":"Obtained Relic","floor":20.0,"gold_loss":85.0,"damage_taken":0.0,"relics_obtained":["Eternal Feather"]},{"damage_healed":0.0,"max_hp_gain":0.0,"max_hp_loss":0.0,"gold_gain":0.0,"event_name":"Upgrade Shrine","player_choice":"Upgraded","floor":27.0,"gold_loss":0.0,"damage_taken":0.0,"cards_upgraded":["Battle Trance"]},{"damage_healed":85.0,"max_hp_gain":0.0,"max_hp_loss":19.0,"gold_gain":0.0,"event_name":"The Moai Head","player_choice":"Heal","floor":41.0,"gold_loss":0.0,"damage_taken":0.0},{"cards_removed":["Strike_R"],"damage_healed":0.0,"max_hp_gain":0.0,"max_hp_loss":0.0,"gold_gain":0.0,"event_name":"Bonfire Elementals","player_choice":"Offered Basic","floor":45.0,"gold_loss":0.0,"damage_taken":0.0}],"is_beta":false,"boss_relics":[{"not_picked":["Ectoplasm","Philosopher\u0027s Stone"],"picked":"Busted Crown"},{"not_picked":["Astrolabe","Tiny House"],"picked":"Calling Bell"}],"items_purged_floors":[3,19,28,39,48],"is_endless":false,"potions_floor_spawned":[1,8,16,24,29,31,33,36,38],"killed_by":"Awakened One","ascension_level":20}}