{"host":"wyy6fgvi1wiq0rmi","time":1614243597,"event":{"mods":["BaseMod","Marisa£®ÏF”Í°°ƒß¿Ì…≥£©","Minty Spire (QoL Compilation)","Remilia£®¿Ÿ√◊¿Ú—«£©","Spicy Shops","StSLib","The Servant 0.9.4","WarShipGirlsR/’ΩΩ¢…Ÿ≈ÆR mod","Youmu£®ªÍ∆«—˝√Œ£©"],"gold_per_floor":[116,116,126,139,149,149,180,180,232,232,232,32,32,48,48,150,200,229,229,328,253,233,268,288,288,288,288,37,37,110,153,153,274,274,307,307,307,317,317,13,77,77,77,124,124,139,166,166,166,230,230],"floor_reached":50,"language":"ZHS","playtime":2518,"items_purged":["Strike_MRS","Wrath_TH"],"score":577,"play_id":"0aad7105-c69c-4499-bdcd-4f54adca6c9e","local_time":"20210225165957","is_ascension_mode":false,"campfire_choices":[{"floor":6,"key":"RECALL"},{"floor":8,"key":"REST"},{"data":"SuperNova","floor":15,"key":"SMITH"},{"floor":25,"key":"REST"},{"data":"SuperNova","floor":29,"key":"SMITH"},{"floor":32,"key":"REST"},{"floor":42,"key":"REST"},{"floor":45,"key":"REST"},{"floor":49,"key":"REST"}],"circlet_count":0,"master_deck":["Strike_MRS+1","Defend_MRS","Defend_MRS","MasterSpark","UpSweep","UnstableBomb","Acceleration","SuperNova+1","PowerUp","WitchLeyline","BinaryStars","Robbery","UnstableBomb","PowerUp","SuperNova+1","PropBag","GasGiant","EndlessPower","MachineGunSpark+1","PropBag","MaximisePower","GasGiant","Madness","WitchLeyline","WitchLeyline+1","MilkyWay"],"relics":["MiniHakkero","Akabeko","Pear","Letter Opener","Blood Vial","Tiny House","Oddly Smooth Stone","Bottled Flame","Ice Cream","Kunai","Empty Cage","Membership Card","BreadOfAWashokuLover","Incense Burner","Mercury Hourglass","Molten Egg 2","Dream Catcher","Blue Candle","Meat on the Bone"],"acts_visited":["Exordium","TheCity","TheBeyond"],"potions_floor_usage":[16,16,33,33,50],"damage_taken":[{"damage":0,"enemies":"2 Louse","floor":1,"turns":2},{"damage":6,"enemies":"Jaw Worm","floor":3,"turns":3},{"damage":0,"enemies":"Cultist","floor":4,"turns":2},{"damage":0,"enemies":"Exordium Wildlife","floor":5,"turns":2},{"damage":21,"enemies":"3 Sentries","floor":7,"turns":7},{"damage":0,"enemies":"Large Slime","floor":14,"turns":1},{"damage":51,"enemies":"Hexaghost","floor":16,"turns":6},{"damage":15,"enemies":"3 Byrds","floor":18,"turns":4},{"damage":54,"enemies":"Slavers","floor":23,"turns":5},{"damage":0,"enemies":"Spheric Guardian","floor":24,"turns":2},{"damage":23,"enemies":"Gremlin Leader","floor":30,"turns":4},{"damage":19,"enemies":"Centurion and Healer","floor":31,"turns":3},{"damage":45,"enemies":"Automaton","floor":33,"turns":6},{"damage":12,"enemies":"Orb Walker","floor":35,"turns":2},{"damage":21,"enemies":"3 Shapes","floor":38,"turns":2},{"damage":5,"enemies":"Mind Bloom Boss Battle","floor":41,"turns":6},{"damage":76,"enemies":"Reptomancer","floor":44,"turns":7},{"damage":18,"enemies":"Jaw Worm Horde","floor":46,"turns":3},{"damage":87,"enemies":"Donu and Deca","floor":50,"turns":4}],"seed_played":"1977250328406919447","potions_obtained":[{"floor":3,"key":"StarNLove"},{"floor":14,"key":"Ancient Potion"},{"floor":17,"key":"SpeedPotion"},{"floor":18,"key":"Dexterity Potion"},{"floor":31,"key":"DuplicationPotion"}],"is_trial":false,"path_per_floor":["M","?","M","M","M","R","E","R","T","?","T","$","?","M","R","B",null,"M","?","?","?","?","E","M","R","T","?","$","R","E","M","R","B",null,"M","?","?","M","?","$","?","R","T","E","R","M","T","?","R","B"],"character_chosen":"MARISA","items_purchased":["Blood Vial","PowerUp","Ice Cream","Membership Card","BreadOfAWashokuLover","WitchLeyline"],"campfire_rested":6,"item_purchase_floors":[12,12,28,40,40,40],"current_hp_per_floor":[75,68,62,62,62,62,51,76,76,81,81,81,90,90,90,39,95,80,80,80,80,80,28,30,58,58,58,58,58,37,20,48,5,95,83,83,83,64,64,64,69,95,95,37,69,53,53,53,85,0,0],"gold":230,"neow_bonus":"RANDOM_COMMON_RELIC","is_daily":false,"chose_seed":false,"campfire_upgraded":2,"win_rate":0.0,"timestamp":1614243597,"path_taken":["M","?","M","M","M","R","E","R","T","?","?","$","?","M","R","BOSS","M","?","?","?","?","E","M","R","T","?","?","R","E","M","R","BOSS","M","?","?","?","?","$","?","R","T","E","R","M","?","?","R","BOSS"],"items_purchased_type":["Relic","Card","Relic","Relic","Relic","Card"],"build_version":"2020-12-22","purchased_purges":2,"victory":false,"max_hp_per_floor":[75,75,75,75,75,75,85,85,85,90,90,90,90,90,90,90,95,95,95,95,95,95,95,95,95,95,95,95,95,95,95,95,95,95,95,95,95,95,95,95,95,95,95,108,108,108,108,108,108,108,108],"card_choices":[{"not_picked":["IllusionStar","SporeBomb","ShootingEcho"],"picked":"SKIP","floor":1},{"not_picked":["SporeBomb","DoubleSpark"],"picked":"UnstableBomb","floor":3},{"not_picked":["MysteriousBeam","PowerUp"],"picked":"SuperPerseids","floor":4},{"not_picked":["DarkMatter","GravityBeat"],"picked":"Acceleration","floor":5},{"not_picked":["BlazeAway","AsteroidBelt"],"picked":"SuperNova","floor":7},{"not_picked":["GasGiant","DeepEcoloBomb"],"picked":"WitchLeyline","floor":14},{"not_picked":["CollectingQuirk","JA"],"picked":"BinaryStars","floor":16},{"not_picked":["GalacticHalo","WitchOfGreed"],"picked":"Robbery","floor":17},{"not_picked":["StarBarrage","AsteroidBelt"],"picked":"UnstableBomb","floor":18},{"not_picked":[],"picked":"PowerUp","floor":22},{"not_picked":[],"picked":"SuperNova","floor":22},{"not_picked":["UnstableBomb+1","DarkMatter+1"],"picked":"PropBag","floor":23},{"not_picked":["Occultation","Robbery+1"],"picked":"GasGiant","floor":24},{"not_picked":["OneTimeOff","Acceleration"],"picked":"MachineGunSpark+1","floor":30},{"not_picked":["MysteriousBeam","NonDirectionalLaser"],"picked":"PropBag","floor":31},{"not_picked":["JA","FinalSpark"],"picked":"MaximisePower","floor":33},{"not_picked":["DC","SporeBomb"],"picked":"GasGiant","floor":35},{"not_picked":["Dramatic Entrance","The Bomb"],"picked":"Madness","floor":36},{"not_picked":["Robbery","IllusionStar+1"],"picked":"PowerUp","floor":38},{"not_picked":["MysteriousBeam+1","GrandCross"],"picked":"WitchLeyline+1","floor":41},{"not_picked":["FairyDestructionRay+1","AsteroidBelt+1","BlazingStar+1"],"picked":"SKIP","floor":44},{"not_picked":["RefractionSpark+1","DoubleSpark+1"],"picked":"MilkyWay","floor":46}],"player_experience":212198,"relics_obtained":[{"floor":7,"key":"Pear"},{"floor":11,"key":"Letter Opener"},{"floor":23,"key":"Oddly Smooth Stone"},{"floor":26,"key":"Bottled Flame"},{"floor":30,"key":"Kunai"},{"floor":41,"key":"Incense Burner"},{"floor":43,"key":"Mercury Hourglass"},{"floor":44,"key":"Molten Egg 2"},{"floor":47,"key":"Dream Catcher"}],"event_choices":[{"cards_removed":["Defend_MRS"],"damage_healed":0,"gold_gain":0,"player_choice":"Card Removal","damage_taken":7,"max_hp_gain":0,"max_hp_loss":0,"event_name":"Golden Wing","floor":2,"gold_loss":0},{"damage_healed":0,"gold_gain":0,"player_choice":"Donut","damage_taken":0,"max_hp_gain":5,"max_hp_loss":0,"event_name":"Big Fish","floor":10,"gold_loss":0},{"cards_removed":["SuperPerseids"],"damage_healed":9,"gold_gain":0,"player_choice":"Offered Uncommon","damage_taken":0,"max_hp_gain":0,"max_hp_loss":0,"event_name":"Bonfire Elementals","floor":13,"gold_loss":0},{"damage_healed":0,"gold_gain":0,"player_choice":"Ignored","damage_taken":0,"max_hp_gain":0,"max_hp_loss":0,"event_name":"Ghosts","floor":19,"gold_loss":0},{"damage_healed":0,"gold_gain":99,"player_choice":"Stole From Cult","damage_taken":0,"max_hp_gain":0,"max_hp_loss":0,"event_name":"Nest","floor":20,"gold_loss":0},{"cards_removed":["Strike_MRS"],"damage_healed":0,"gold_gain":0,"player_choice":"Gave Gold","damage_taken":0,"max_hp_gain":0,"max_hp_loss":0,"event_name":"Beggar","floor":21,"gold_loss":75},{"damage_healed":0,"gold_gain":0,"player_choice":"Memory 1","damage_taken":0,"max_hp_gain":0,"max_hp_loss":0,"event_name":"SensoryStone","floor":36,"gold_loss":0},{"damage_healed":0,"gold_gain":0,"player_choice":"Ignored","damage_taken":0,"max_hp_gain":0,"max_hp_loss":0,"event_name":"SecretPortal","floor":37,"gold_loss":0},{"damage_healed":0,"gold_gain":0,"player_choice":"Ignored","damage_taken":0,"max_hp_gain":0,"max_hp_loss":0,"event_name":"Tomb of Lord Red Mask","floor":39,"gold_loss":0},{"damage_healed":0,"gold_gain":0,"player_choice":"Fight","damage_taken":0,"max_hp_gain":0,"max_hp_loss":0,"event_name":"MindBloom","floor":41,"gold_loss":0},{"cards_removed":["PowerUp"],"damage_healed":0,"gold_gain":0,"player_choice":"Removed Skill","damage_taken":0,"max_hp_gain":0,"max_hp_loss":0,"event_name":"Falling","floor":48,"gold_loss":0}],"is_beta":false,"boss_relics":[{"not_picked":["SacredBark","Cursed Key"],"picked":"Tiny House"},{"not_picked":["Runic Pyramid","Coffee Dripper"],"picked":"Empty Cage"}],"items_purged_floors":[12,28],"is_endless":false,"potions_floor_spawned":[3,14,18,31],"killed_by":"Donu and Deca","ascension_level":0}}