{"host":"gfmcepcjap0l8d24","time":1614288355,"event":{"mods":["AchievementEnabler","Act Like it!","BaseMod","BetterRewards","Card Filter","Card Forge","Colored Map","Colored Powertips","Custom Start","DeckTracker","Defuse TimeMaze Blight","Gold Saver","Key Reminder","Minty Spire (QoL Compilation)","Permanent Neow","Practice Mode","Quick Restart","Relic Filter","Shop Mod","StSLib","SuperFastMode"],"gold_per_floor":[710,710,710,785,798,798,853,818,845,864,879,912,912,937,949,1057,1069,1101,1113,1145,1172,1109,1140,1158,1190,1190,1201,1214,1214,1232,1257,1257,1360,1360,1372,1391,1444,1444,1344,1379,1379,1392,1392,1267,1267,1267,1117,1167,1167,1167,1167,1167,835,866,866],"floor_reached":56,"language":"JPN","playtime":3690,"items_purged":["Strike_R","Strike_R","Bash+1","Immolate+1","Defend_R"],"score":1865,"play_id":"ab69482e-7c3a-4906-94ea-8bfaa356e8d0","local_time":"20210226062555","is_ascension_mode":true,"campfire_choices":[{"floor":6,"key":"RECALL"},{"data":"Pommel Strike","floor":13,"key":"SMITH"},{"data":"Shrug It Off","floor":15,"key":"SMITH"},{"data":"Seeing Red","floor":32,"key":"SMITH"},{"data":"Exhume","floor":45,"key":"SMITH"},{"data":"Fiend Fire","floor":49,"key":"SMITH"},{"data":"Warcry","floor":52,"key":"SMITH"}],"circlet_count":0,"master_deck":["Defend_R","Power Through+1","Shrug It Off+1","Shrug It Off+1","Headbutt","Feel No Pain+1","Dark Embrace+1","Corruption+1","Shrug It Off","Pommel Strike+1","Juggernaut+1","Body Slam+1","Battle Trance+1","Warcry+1","Disarm","Second Wind","Flame Barrier","Exhume+1","Evolve+1","Seeing Red+1","Barricade+1","Fiend Fire+1","Impervious","Secret Technique","Bloodletting+1"],"relics":["Burning Blood","Hammer of Thor","Seething Fire","Anvil of the Gods","Bronze Scales","Dead Branch","Frozen Egg 2","MawBank","Philosopher\u0027s Stone","Gambling Chip","Blue Candle","WingedGreaves","Blood Vial","Coffee Dripper","Calipers","Art of War","Molten Egg 2","TungstenRod","Anchor","Turnip"],"acts_visited":["Exordium","TheCity","TheBeyond","TheEnding"],"potions_floor_usage":[40,41,55,55,55],"damage_taken":[{"damage":0,"enemies":"2 Louse","floor":1,"turns":2},{"damage":4,"enemies":"Jaw Worm","floor":5,"turns":2},{"damage":8,"enemies":"Gremlin Nob","floor":7,"turns":3},{"damage":9,"enemies":"Small Slimes","floor":10,"turns":2},{"damage":0,"enemies":"2 Fungi Beasts","floor":11,"turns":1},{"damage":4,"enemies":"3 Sentries","floor":12,"turns":4},{"damage":14,"enemies":"Slime Boss","floor":16,"turns":7},{"damage":10,"enemies":"2 Thieves","floor":18,"turns":3},{"damage":0,"enemies":"Shell Parasite","floor":20,"turns":4},{"damage":0,"enemies":"Chosen and Byrds","floor":21,"turns":4},{"damage":3,"enemies":"Book of Stabbing","floor":23,"turns":2},{"damage":3,"enemies":"Snecko","floor":24,"turns":3},{"damage":0,"enemies":"Gremlin Leader","floor":25,"turns":3},{"damage":4,"enemies":"Centurion and Healer","floor":27,"turns":4},{"damage":0,"enemies":"3 Cultists","floor":28,"turns":3},{"damage":4,"enemies":"Snake Plant","floor":30,"turns":3},{"damage":3,"enemies":"Book of Stabbing","floor":31,"turns":2},{"damage":2,"enemies":"Automaton","floor":33,"turns":4},{"damage":0,"enemies":"3 Shapes","floor":35,"turns":3},{"damage":40,"enemies":"3 Darklings","floor":36,"turns":3},{"damage":26,"enemies":"2 Orb Walkers","floor":37,"turns":4},{"damage":66,"enemies":"Reptomancer","floor":40,"turns":3},{"damage":0,"enemies":"4 Shapes","floor":42,"turns":4},{"damage":0,"enemies":"Mind Bloom Boss Battle","floor":48,"turns":2},{"damage":2,"enemies":"Time Eater","floor":50,"turns":7},{"damage":2,"enemies":"Shield and Spear","floor":54,"turns":4},{"damage":4,"enemies":"The Heart","floor":55,"turns":5}],"seed_played":"1873353441147804384","potions_obtained":[{"floor":7,"key":"SpeedPotion"},{"floor":10,"key":"Regen Potion"},{"floor":18,"key":"SmokeBomb"},{"floor":23,"key":"ElixirPotion"},{"floor":31,"key":"Ancient Potion"},{"floor":40,"key":"BloodPotion"},{"floor":42,"key":"DistilledChaos"},{"floor":54,"key":"Strength Potion"}],"is_trial":false,"path_per_floor":["M","?","?","?","M","R","?","?","T","M","M","E","R","T","R","B",null,"M","$","M","M","$","E","M","E","T","M","M","?","M","E","R","B",null,"M","M","?","?","$","E","?","M","T","$","R","?","$","?","R","B",null,"R","$","E","B",null],"character_chosen":"IRONCLAD","items_purchased":["Anchor"],"campfire_rested":0,"item_purchase_floors":[53],"current_hp_per_floor":[80,73,48,37,39,39,37,57,57,54,60,62,62,62,62,54,80,76,76,80,80,80,80,80,80,80,80,80,80,80,80,80,80,80,80,46,28,70,70,15,28,36,36,36,36,36,36,44,44,50,66,66,66,66,66],"gold":866,"neow_bonus":"","is_daily":false,"chose_seed":false,"campfire_upgraded":6,"win_rate":0.0,"timestamp":1614288355,"path_taken":["M","?","?","?","M","R","?","?","T","M","?","E","R","?","R","BOSS","M","$","M","M","$","E","M","E","T","M","M","?","M","E","R","BOSS","M","M","?","?","$","E","?","?","T","$","R","?","$","?","R","BOSS","R","$","E","BOSS"],"items_purchased_type":["Relic"],"build_version":"2020-12-22","purchased_purges":5,"victory":true,"max_hp_per_floor":[80,80,80,80,80,80,80,80,80,80,80,80,80,80,80,80,80,80,80,80,80,80,80,80,80,80,80,80,80,80,80,80,80,80,80,80,80,70,70,70,66,66,66,66,66,66,66,66,66,66,66,66,66,66,66],"card_choices":[{"not_picked":["True Grit","Wild Strike"],"picked":"Shrug It Off","floor":1},{"not_picked":["Havoc","Iron Wave"],"picked":"Headbutt","floor":5},{"not_picked":["Twin Strike","Flex"],"picked":"Feel No Pain","floor":7},{"not_picked":["Flex","Wild Strike"],"picked":"Shrug It Off","floor":10},{"not_picked":["Iron Wave","Wild Strike"],"picked":"Pommel Strike","floor":11},{"not_picked":["Reaper","Clothesline","Anger"],"picked":"SKIP","floor":12},{"not_picked":["Immolate","Double Tap"],"picked":"Juggernaut+1","floor":16},{"not_picked":["Shrug It Off","Searing Blow+1"],"picked":"Body Slam+1","floor":18},{"not_picked":["Pommel Strike+1","Spot Weakness+1"],"picked":"Battle Trance+1","floor":20},{"not_picked":["Searing Blow+1","Ghostly Armor"],"picked":"Warcry","floor":21},{"not_picked":["Inflame+1","Flex"],"picked":"Disarm","floor":23},{"not_picked":["True Grit","Berserk+1"],"picked":"Second Wind","floor":24},{"not_picked":["Sword Boomerang+1","Uppercut"],"picked":"Flame Barrier","floor":25},{"not_picked":["Thunderclap","Twin Strike+1","Flex+1"],"picked":"SKIP","floor":27},{"not_picked":["Wild Strike","Thunderclap","Headbutt+1"],"picked":"SKIP","floor":28},{"not_picked":["Shockwave+1","Fire Breathing+1"],"picked":"Evolve+1","floor":30},{"not_picked":["Clothesline","Battle Trance"],"picked":"Seeing Red","floor":31},{"not_picked":["Demon Form+1","Impervious"],"picked":"Barricade+1","floor":33},{"not_picked":["Wild Strike","Carnage+1","Rage"],"picked":"SKIP","floor":35},{"not_picked":["True Grit","Hemokinesis","Havoc+1"],"picked":"SKIP","floor":36},{"not_picked":["Armaments+1","Dual Wield+1"],"picked":"Impervious","floor":37},{"not_picked":["Perfected Strike+1","Evolve+1","Disarm"],"picked":"SKIP","floor":40},{"not_picked":["Shrug It Off","Power Through","Rampage+1"],"picked":"SKIP","floor":42},{"not_picked":["Discovery","Finesse"],"picked":"Secret Technique","floor":46},{"not_picked":["Heavy Blade+1","Body Slam+1"],"picked":"Bloodletting+1","floor":48},{"not_picked":["Sword Boomerang+1","Whirlwind+1","Clash+1"],"picked":"SKIP","floor":54}],"player_experience":228829,"relics_obtained":[{"floor":7,"key":"Dead Branch"},{"floor":12,"key":"Frozen Egg 2"},{"floor":14,"key":"MawBank"},{"floor":23,"key":"Gambling Chip"},{"floor":25,"key":"Blue Candle"},{"floor":26,"key":"WingedGreaves"},{"floor":31,"key":"Blood Vial"},{"floor":37,"key":"Calipers"},{"floor":40,"key":"Art of War"},{"floor":43,"key":"Molten Egg 2"},{"floor":48,"key":"TungstenRod"},{"floor":54,"key":"Turnip"}],"event_choices":[{"cards_removed":["Strike_R"],"damage_healed":0,"gold_gain":0,"player_choice":"Card Removal","damage_taken":7,"max_hp_gain":0,"max_hp_loss":0,"event_name":"Golden Wing","floor":2,"gold_loss":0},{"damage_healed":0,"gold_gain":0,"player_choice":"Success","damage_taken":25,"relics_obtained":["Bronze Scales"],"max_hp_gain":0,"max_hp_loss":0,"event_name":"Scrap Ooze","floor":3,"gold_loss":0},{"damage_healed":0,"gold_gain":75,"player_choice":"Gather Gold","damage_taken":11,"max_hp_gain":0,"max_hp_loss":0,"event_name":"World of Goop","floor":4,"gold_loss":0},{"damage_healed":0,"gold_gain":0,"player_choice":"Searched \u00272\u0027 times","damage_taken":0,"max_hp_gain":0,"max_hp_loss":0,"event_name":"Dead Adventurer","floor":7,"gold_loss":0},{"damage_healed":20,"gold_gain":0,"player_choice":"Healed","damage_taken":0,"max_hp_gain":0,"max_hp_loss":0,"event_name":"The Cleric","floor":8,"gold_loss":35},{"damage_healed":0,"gold_gain":0,"player_choice":"Read","damage_taken":0,"max_hp_gain":0,"max_hp_loss":0,"event_name":"The Library","floor":29,"gold_loss":0,"cards_obtained":["Exhume"]},{"damage_healed":0,"gold_gain":0,"player_choice":"Fight","damage_taken":0,"max_hp_gain":0,"max_hp_loss":0,"event_name":"Mysterious Sphere","floor":37,"gold_loss":0},{"damage_healed":70,"gold_gain":0,"player_choice":"Heal","damage_taken":0,"max_hp_gain":0,"max_hp_loss":10,"event_name":"The Moai Head","floor":38,"gold_loss":0},{"damage_healed":0,"gold_gain":0,"player_choice":"Max HP","damage_taken":0,"max_hp_gain":0,"max_hp_loss":4,"event_name":"Winding Halls","floor":41,"gold_loss":0},{"damage_healed":0,"gold_gain":0,"player_choice":"Memory 1","damage_taken":0,"max_hp_gain":0,"max_hp_loss":0,"event_name":"SensoryStone","floor":46,"gold_loss":0},{"damage_healed":0,"gold_gain":0,"player_choice":"Fight","damage_taken":0,"max_hp_gain":0,"max_hp_loss":0,"event_name":"MindBloom","floor":48,"gold_loss":0}],"is_beta":false,"boss_relics":[{"not_picked":["Pandora\u0027s Box","Black Blood"],"picked":"Philosopher\u0027s Stone"},{"not_picked":["Runic Pyramid","Runic Dome"],"picked":"Coffee Dripper"}],"items_purged_floors":[22,39,44,47,53],"is_endless":false,"potions_floor_spawned":[7,10,18,23,27,31,33,36,40,42,54],"ascension_level":3}}