{"host":"ggy1mjjy92c62u6a","time":1614257260,"event":{"mods":["10 clothes from DAL","ATMod(阿瑾Mod)","Act Like it!","BaseMod","Colored Powertips","GifTheSpireLib","Infinite Spire","Library of Ruina","Library of Ruina Extra","Lobotomy","LobotomyExtend","Marisa（F雨　魔理沙）","Minty Spire (QoL Compilation)","Quick Restart","Relic Filter Mod","Relic Stats","Reliquary","Remilia（蕾米莉亚）","Replay The Spire","RumiaBox-露米娅的神秘盒子","Shop Mod","Spicy Shops","StSLib","SuperFastMode","Youmu（魂魄妖梦）","[功能]功能增强和修复MOD","【功能Mod】混沌之环修复补丁","【遗物Mod】死灵法师NEW","【遗物卡牌】REMEMod"],"gold_per_floor":[118,333,371,371,388,388,403,458,458,458,478,478,671,710,710,809,809,809,734,734,167,206,206,226,226,252,252,9,9,37,47,47,146,146,157,157,177,207,257,286,286,331,331,331,331,331,331,342,342,342,342,342],"floor_reached":53,"language":"ZHS","playtime":2297,"items_purged":["Defend_RM","Parasite"],"score":2018,"play_id":"e5a15f44-140f-4f20-b0e7-12b1f678bf80","local_time":"20210225204740","is_ascension_mode":true,"campfire_choices":[{"data":"AT_FamilyPortrait","floor":6.0,"key":"SMITH"},{"floor":10.0,"key":"REST"},{"data":"ChaoticDestiny","floor":12.0,"key":"SMITH"},{"floor":15.0,"key":"REST"},{"data":"HellCatastrophe","floor":23.0,"key":"SMITH"},{"floor":25.0,"key":"REST"},{"data":"ScarletNetherworld","floor":27.0,"key":"SMITH"},{"data":"infinitespire:FutureSight","floor":44,"key":"SMITH"},{"data":"Mind Blast","floor":46,"key":"SMITH"},{"data":"Enlightenment","floor":49,"key":"SMITH"}],"circlet_count":0,"master_deck":["RedMoon","ScarletShoot","AT_FamilyPortrait+1","FavorOfDestiny","ScarletDream","ScarletCoffin","MiserableFate","Ultimatum","ChaoticDestiny+1","ScarletNetherworld+1","ScarletDevilSign","BloodyHallows","HellCatastrophe+1","Midas Touch","Secret Technique","Enlightenment+1","RedMagic+1","NightLord","infinitespire:NeuralNetwork","infinitespire:FutureSight+1","TwelveNightmare+1","Mind Blast+1"],"relics":["ScarletHat","REME_ComplimentaryCards","AT_ATBox","CogitoBucket","Baka","LetterFromLob","Ccalipers","PageOfBigBadWolf","DALC_TEN","Gaze_r","PageOfThreeBirds","Orrery","MerchantsRug","ReplayTheSpireMod:Lightbulb","Membership Card","DALC_NINE","Blue Doll","Potion Belt","ReplayTheSpireMod:ShopPack","reliquary:NewFriend","ScarletDevilRocket","SoulBox","Pandora\u0027s Box","Lizard Tail","DALC_ONE","AT_ChloranthyRing","DALC_SEVEN","Quantum Egg","AtMidnight"],"acts_visited":["Exordium","TheCity","TheBeyond"],"potions_floor_usage":[38,38,39,39,39,50,50,50],"damage_taken":[{"damage":4.0,"enemies":"Cultist","floor":1.0,"turns":5.0},{"damage":7.0,"enemies":"2 Louse","floor":2.0,"turns":7.0},{"damage":0.0,"enemies":"Small Slimes","floor":3.0,"turns":2.0},{"damage":6.0,"enemies":"Looter","floor":5.0,"turns":3.0},{"damage":20.0,"enemies":"Blue Slaver","floor":7.0,"turns":5.0},{"damage":26.0,"enemies":"Lagavulin","floor":8.0,"turns":4.0},{"damage":17.0,"enemies":"3 Louse","floor":11.0,"turns":4.0},{"damage":0.0,"enemies":"Exordium Wildlife","floor":14.0,"turns":3.0},{"damage":43.0,"enemies":"Slime Boss","floor":16.0,"turns":10.0},{"damage":30.0,"enemies":"Chosen","floor":18.0,"turns":2.0},{"damage":7.0,"enemies":"Chosen","floor":22.0,"turns":4.0},{"damage":24.0,"enemies":"2 Thieves","floor":24.0,"turns":3.0},{"damage":0.0,"enemies":"Slavers","floor":30.0,"turns":2.0},{"damage":0.0,"enemies":"Chosen and Byrds","floor":31.0,"turns":4.0},{"damage":0.0,"enemies":"Champ","floor":33.0,"turns":6.0},{"damage":7.0,"enemies":"Orb Walker","floor":35.0,"turns":4.0},{"damage":0,"enemies":"3 Shapes","floor":37,"turns":2},{"damage":0,"enemies":"3 Darklings","floor":38,"turns":4},{"damage":37,"enemies":"Mind Bloom Boss Battle","floor":39,"turns":5},{"damage":0,"enemies":"Giant Head","floor":40,"turns":5},{"damage":19,"enemies":"R_Hoarder","floor":42,"turns":6},{"damage":5,"enemies":"Sphere and 2 Shapes","floor":48,"turns":4},{"damage":0,"enemies":"Replay:Hell Engine","floor":50,"turns":7}],"seed_played":"5029751342695961474","potions_obtained":[{"floor":1.0,"key":"CultistPotion"},{"floor":2.0,"key":"AttackPotion"},{"floor":3.0,"key":"FearPotion"},{"floor":5.0,"key":"REME_GoldPotion"},{"floor":8.0,"key":"SneckoOil"},{"floor":14.0,"key":"Block Potion"},{"floor":16.0,"key":"Languid Potion"},{"floor":30.0,"key":"Fire Potion"},{"floor":31.0,"key":"AttackPotion"},{"floor":33.0,"key":"Dexterity Potion"},{"floor":33.0,"key":"Strength Potion"},{"floor":35.0,"key":"EssenceOfSteel"},{"floor":38,"key":"REME_GoldPotion"},{"floor":38,"key":"FearPotion"},{"floor":48,"key":"SteroidPotion"},{"floor":48,"key":"Strength Potion"}],"is_trial":false,"path_per_floor":["M","M","M","?","M","R","M","E","T","R","M","R","?","M","R","B",null,"M","?","?","$","M","R","M","R","T","R","$","?","E","M","R","B",null,"M","AVR","M","M","?","E","?","E","T","R","?","R","?","M","R","B",null,null,null],"character_chosen":"REMILIA","items_purchased":["Strawberry","PageOfThreeBirds","Orrery","MerchantsRug","ReplayTheSpireMod:Lightbulb","Membership Card","DALC_NINE","Blue Doll","Potion Belt","ReplayTheSpireMod:ShopPack"],"campfire_rested":3,"item_purchase_floors":[21,21,21,21,21,28,28,28,28,28],"current_hp_per_floor":[73,66,66,66,60,60,44,44,44,66,49,49,31,32,54,15,75,47,47,47,54,57,57,36,63,63,63,63,63,63,67,67,92,92,87,87,87,89,59,65,60,57,57,57,57,57,57,71,71,89,89,89],"gold":342,"neow_bonus":"","is_daily":false,"chose_seed":false,"campfire_upgraded":7,"win_rate":0.0,"timestamp":1614257260,"path_taken":["M","M","?","?","?","R","?","E","T","R","M","R","?","M","R","BOSS","M","?","?","$","?","R","?","R","T","R","$","?","E","M","R","BOSS","M","AVR","M","M","?","E","?","E","T","R","?","R","?","M","R","BOSS"],"items_purchased_type":["Relic","Relic","Relic","Relic","Relic","Relic","Relic","Relic","Relic","Relic"],"build_version":"2020-12-22","purchased_purges":2,"victory":true,"max_hp_per_floor":[75,75,75,75,75,75,75,75,75,75,75,75,75,75,75,75,75,75,75,75,82,92,92,92,92,92,92,92,92,92,92,92,92,92,92,89,89,89,89,89,89,89,89,89,89,89,89,89,89,89,89,89],"relic_stats":{"Lizard Tail":0,"counters":[27,105],"Pandora\u0027s Box":["UnstableMagic","GlobalNightmare","FavorOfDestiny","CeilingFear"],"obtain_stats":[{"AT_ATBox":0,"ScarletDevilRocket":30,"Blue Doll":28,"SoulBox":34,"ScarletHat":0,"CogitoBucket":0,"Lizard Tail":36,"Ccalipers":8,"Strawberry":21,"reliquary:NewFriend":29,"PageOfBigBadWolf":9,"Potion Belt":28,"AT_ChloranthyRing":40,"MerchantsRug":21,"DALC_TEN":17,"Pear":22,"PageOfThreeBirds":21,"Quantum Egg":43,"DALC_SEVEN":42,"Baka":1,"DALC_ONE":39,"reliquary:WeakTea":14,"Gaze_r":18,"Orrery":21,"infinitespire:Satchel":26,"AtMidnight":48,"Pandora\u0027s Box":36,"LetterFromLob":1,"DALC_NINE":28,"Membership Card":28,"ReplayTheSpireMod:Lightbulb":21,"REME_ComplimentaryCards":0,"ReplayTheSpireMod:ShopPack":28},{"AT_ATBox":0,"ScarletDevilRocket":14,"Blue Doll":13,"SoulBox":17,"ScarletHat":0,"CogitoBucket":0,"Lizard Tail":18,"Ccalipers":6,"Strawberry":11,"reliquary:NewFriend":13,"PageOfBigBadWolf":6,"Potion Belt":13,"AT_ChloranthyRing":22,"MerchantsRug":11,"DALC_TEN":10,"Pear":12,"PageOfThreeBirds":11,"Quantum Egg":23,"DALC_SEVEN":23,"Baka":1,"DALC_ONE":21,"reliquary:WeakTea":9,"Gaze_r":11,"Orrery":11,"infinitespire:Satchel":13,"AtMidnight":25,"Pandora\u0027s Box":18,"LetterFromLob":1,"DALC_NINE":13,"Membership Card":13,"ReplayTheSpireMod:Lightbulb":11,"REME_ComplimentaryCards":0,"ReplayTheSpireMod:ShopPack":13},{"AT_ATBox":0,"ScarletDevilRocket":55,"Blue Doll":53,"SoulBox":66,"ScarletHat":0,"CogitoBucket":0,"Lizard Tail":70,"Ccalipers":26,"Strawberry":46,"reliquary:NewFriend":53,"PageOfBigBadWolf":26,"Potion Belt":53,"AT_ChloranthyRing":86,"MerchantsRug":46,"DALC_TEN":44,"Pear":50,"PageOfThreeBirds":46,"Quantum Egg":92,"DALC_SEVEN":92,"Baka":5,"DALC_ONE":81,"reliquary:WeakTea":34,"Gaze_r":46,"Orrery":46,"infinitespire:Satchel":53,"AtMidnight":97,"Pandora\u0027s Box":70,"LetterFromLob":5,"DALC_NINE":53,"Membership Card":53,"ReplayTheSpireMod:Lightbulb":46,"REME_ComplimentaryCards":0,"ReplayTheSpireMod:ShopPack":53}]},"card_choices":[{"not_picked":["BadLadyScramble","UnstableMagic"],"picked":"FavorOfDestiny","floor":1.0},{"not_picked":["StarOfDavid","EndlessAdversity"],"picked":"ScarletCoffin","floor":2.0},{"not_picked":["UnderTheZenith","BombardNight","ScarletImprint"],"picked":"SKIP","floor":3.0},{"not_picked":["HunterOfTheNight","UnderTheZenith","BlasphemousPunishment"],"picked":"SKIP","floor":5.0},{"not_picked":["VampireKiss","EternalNight","StarOfDavid"],"picked":"SKIP","floor":7.0},{"not_picked":["AfternoonTea","MastersStateliness"],"picked":"Ultimatum","floor":8.0},{"not_picked":["DiffusionOfMisfortune","UnderTheZenith"],"picked":"ChaoticDestiny","floor":11.0},{"not_picked":["DiffusionOfMisfortune","FavorOfDestiny"],"picked":"ScarletNetherworld","floor":13.0},{"not_picked":["HunterOfTheNight","FitfulNightmare"],"picked":"ScarletDevilSign","floor":14.0},{"not_picked":["BloodyCatastrophe","BloodySeventeenLaser"],"picked":"BloodyHallows","floor":16.0},{"not_picked":["BlasphemousPunishment","UnderTheZenith+1"],"picked":"HellCatastrophe","floor":21.0},{"not_picked":["LeisurelyOfLord","VampireSweep","BadLadyScramble"],"picked":"SKIP","floor":22.0},{"not_picked":["EndlessAdversity","Maim","UnderTheZenith"],"picked":"SKIP","floor":24.0},{"not_picked":["TimeTakenCity","SplendidFlameSword"],"picked":"Midas Touch","floor":28.0},{"not_picked":["Camael","REME_FirmDetermination"],"picked":"Secret Technique","floor":28.0},{"not_picked":["Purity","Bandage Up"],"picked":"Enlightenment","floor":28.0},{"not_picked":["CharismaGuard","TwelveNightmare"],"picked":"RedMagic+1","floor":30.0},{"not_picked":["MastersStateliness+1","FitfulNightmare","EternalNight"],"picked":"SKIP","floor":30.0},{"not_picked":["BombardNight+1","BadLadyScramble","BloodAndWine"],"picked":"SKIP","floor":31.0},{"not_picked":["DiffusionOfMisfortune","FavorOfDestiny","BloodHunter+1"],"picked":"SKIP","floor":35.0},{"not_picked":["StarOfDavid+1","ChaoticDestiny","MastersStateliness"],"picked":"SKIP","floor":37},{"not_picked":["ScarletDevilSign","CharismaGuard+1"],"picked":"TwelveNightmare+1","floor":38},{"not_picked":["EternalNight+1","Stigmanizer","StarOfDavid+1"],"picked":"SKIP","floor":40},{"not_picked":["ReplayUltimateDefense","Replay:BasicMightCard"],"picked":"Mind Blast","floor":41},{"not_picked":["ScarletCoffin","MastersStateliness+1","SuperhumanBloodyKnife+1"],"picked":"SKIP","floor":42},{"not_picked":["NightDance+1","MiserableFate+1","ScarletImprint"],"picked":"SKIP","floor":48}],"player_experience":154529,"relics_obtained":[{"floor":1.0,"key":"Baka"},{"floor":1.0,"key":"LetterFromLob"},{"floor":8.0,"key":"Ccalipers"},{"floor":9.0,"key":"PageOfBigBadWolf"},{"floor":14.0,"key":"reliquary:WeakTea"},{"floor":22.0,"key":"Pear"},{"floor":26.0,"key":"infinitespire:Satchel"},{"floor":30.0,"key":"ScarletDevilRocket"},{"floor":39,"key":"DALC_ONE"},{"floor":40,"key":"AT_ChloranthyRing"},{"floor":42,"key":"DALC_SEVEN"},{"floor":43,"key":"Quantum Egg"},{"floor":48,"key":"AtMidnight"}],"event_choices":[{"damage_healed":0.0,"max_hp_gain":0.0,"max_hp_loss":0.0,"gold_gain":0.0,"cards_transformed":["Strike_RM"],"event_name":"Transmorgrifier","player_choice":"Transformed","floor":4.0,"gold_loss":0.0,"damage_taken":0.0,"cards_obtained":["MiserableFate"]},{"cards_removed":["Strike_RM"],"damage_healed":0.0,"max_hp_gain":0.0,"max_hp_loss":0.0,"gold_gain":0.0,"event_name":"Beggar","player_choice":"Gave Gold","floor":19.0,"gold_loss":75.0,"damage_taken":0.0},{"damage_healed":0,"gold_gain":0,"player_choice":"Fight","damage_taken":0,"max_hp_gain":0,"max_hp_loss":0,"event_name":"MindBloom","floor":39,"gold_loss":0},{"damage_healed":0,"gold_gain":0,"player_choice":"Memory 2","damage_taken":5,"max_hp_gain":0,"max_hp_loss":0,"event_name":"SensoryStone","floor":41,"gold_loss":0},{"damage_healed":0,"gold_gain":0,"player_choice":"Ignored","damage_taken":0,"max_hp_gain":0,"max_hp_loss":0,"event_name":"Tomb of Lord Red Mask","floor":47,"gold_loss":0}],"is_beta":false,"boss_relics":[{"not_picked":["reliquary:WritOfMandamus","reliquary:RedCape"],"picked":"DALC_TEN"},{"not_picked":["Cursed Key","REME_LowDesire"],"picked":"SoulBox"}],"items_purged_floors":[21,36],"is_endless":false,"potions_floor_spawned":[1,3,5,8,14,16,18,30,31,33,35,37,38,38,48,48],"ascension_level":1}}