{"host":"0ntunplbxyg40l63","time":1614260290,"event":{"mods":["BaseMod","Colored Map","Colored Powertips","Downfall","Highlight Path","Minty Spire (QoL Compilation)","Relic Stats","StSLib"],"gold_per_floor":[99,111,111,121,121,32,84,98,129,64,164,75,175,201,217,320,320,220,231,246,246,246,261,261,161,181,199,224,224,237,20,20,20,20],"floor_reached":32,"language":"ENG","playtime":1724,"items_purged":[],"score":520,"play_id":"3599ad2c-d218-46fa-899a-0b5d4b8a8123","local_time":"20210225133810","is_ascension_mode":false,"campfire_choices":[{"data":"The Bomb","floor":1,"key":"SMITH"},{"floor":18,"key":"RECALL"},{"data":"Guardian:FierceBash","floor":25,"key":"SMITH"},{"floor":29,"key":"REST"}],"circlet_count":0,"master_deck":["Guardian:Strike_Guardian","Guardian:Strike_Guardian","Guardian:Strike_Guardian","Guardian:Strike_Guardian","Guardian:Defend_Guardian","Guardian:Defend_Guardian","Guardian:Defend_Guardian","Guardian:Defend_Guardian","Guardian:CurlUp","Guardian:TwinSlam","The Bomb+1","Guardian:PiercingHide","Guardian:ShieldCharger","Guardian:BaubleBeam+1","Guardian:AncientConstruct","Guardian:PolyBeam","Guardian:ShieldCharger","Guardian:FierceBash+1","Guardian:BodySlam","downfall:Haunted","downfall:Haunted","Injury","Writhe","Guardian:SentryBeam","Guardian:RevengeProtocol","Guardian:VentSteam","Guardian:Orbwalk+1","Parasite","Guardian:Recover+1","Guardian:WalkerClaw","Guardian:Repulse","Guardian:ShieldSpikes","Guardian:Gem_Lightblue","Guardian:Emergency"],"relics":["Guardian:ModeShifter","Strawberry","Vajra","Smiling Mask","Darkstone Periapt","Guardian:SackOfGems","Philosopher\u0027s Stone","downfall:HeartBlessingGreen","Shuriken","downfall:HeartBlessingRed","CaptainsWheel","Bag of Marbles"],"acts_visited":["TheCity"],"potions_floor_usage":[14,14,19,28],"damage_taken":[{"damage":0,"enemies":"Small Slimes","floor":2,"turns":3},{"damage":6,"enemies":"Cultist","floor":4,"turns":3},{"damage":5,"enemies":"downfall:FleeingMerchant","floor":6,"turns":4},{"damage":3,"enemies":"Jaw Worm","floor":8,"turns":4},{"damage":9,"enemies":"3 Sentries","floor":9,"turns":4},{"damage":15,"enemies":"downfall:FleeingMerchant","floor":10,"turns":4},{"damage":20,"enemies":"downfall:FleeingMerchant","floor":12,"turns":4},{"damage":15,"enemies":"Lagavulin","floor":14,"turns":6},{"damage":12,"enemies":"Blue Slaver","floor":15,"turns":4},{"damage":6,"enemies":"IC_STATUS_ARCHETYPE","floor":16,"turns":8},{"damage":12,"enemies":"Spheric Guardian","floor":19,"turns":6},{"damage":19,"enemies":"Shell Parasite","floor":20,"turns":7},{"damage":24,"enemies":"Snake Plant","floor":23,"turns":5},{"damage":13,"enemies":"Sentry and Sphere","floor":26,"turns":4},{"damage":14,"enemies":"Cultist and Chosen","floor":27,"turns":6},{"damage":10,"enemies":"Book of Stabbing","floor":28,"turns":5},{"damage":24,"enemies":"Snake Plant","floor":30,"turns":3},{"damage":15,"enemies":"downfall:FleeingMerchant","floor":31,"turns":4},{"damage":9,"enemies":"Shelled Parasite and Fungi","floor":32,"turns":1}],"seed_played":"-4237072221091520756","potions_obtained":[{"floor":4,"key":"Swift Potion"},{"floor":9,"key":"Energy Potion"},{"floor":15,"key":"SteroidPotion"},{"floor":26,"key":"FearPotion"},{"floor":27,"key":"Weak Potion"}],"is_trial":false,"path_per_floor":["R","M","?","M","T","$","T","M","E","$","?","$","?","E","M","B",null,"R","M","M","?","?","M","T","R","M","M","E","R","M","$","M"],"character_chosen":"GUARDIAN","items_purchased":["Guardian:Gem_Crimson","Guardian:ShieldCharger","Guardian:BodySlam","Bag of Marbles","BlessingOfTheForge"],"campfire_rested":1,"item_purchase_floors":[6,10,12,31,31],"current_hp_per_floor":[80,80,80,74,81,76,76,73,64,49,49,29,58,43,31,25,116,116,104,85,61,67,43,43,43,30,16,6,44,20,5,0,0,0],"gold":20,"neow_bonus":"RANDOM_COLORLESS_2","is_daily":false,"chose_seed":false,"campfire_upgraded":2,"win_rate":0.0,"timestamp":1614260290,"path_taken":["R","M","?","?","?","$","T","M","E","?","?","$","?","E","M","BOSS","R","M","M","?","?","M","T","R","M","M","E","R","?","$","M"],"items_purchased_type":["Card","Card","Card","Relic","Potion"],"build_version":"2020-12-22","purchased_purges":0,"victory":false,"max_hp_per_floor":[80,80,80,80,87,87,87,87,87,87,87,87,116,116,116,116,116,116,116,116,121,127,127,127,127,127,127,127,127,127,127,127,127,127],"relic_stats":{"Darkstone Periapt":30,"counters":[19,85],"Shuriken":[2],"Smiling Mask":0,"obtain_stats":[{"Darkstone Periapt":13,"CaptainsWheel":28,"downfall:HeartBlessingRed":25,"Shuriken":24,"Strawberry":5,"Guardian:ModeShifter":0,"Vajra":7,"Guardian:SackOfGems":14,"Philosopher\u0027s Stone":17,"downfall:HeartBlessingGreen":18,"Bag of Marbles":31,"Smiling Mask":9},{"Darkstone Periapt":7,"CaptainsWheel":16,"downfall:HeartBlessingRed":13,"Shuriken":13,"Strawberry":2,"Guardian:ModeShifter":0,"Vajra":3,"Guardian:SackOfGems":8,"Philosopher\u0027s Stone":10,"downfall:HeartBlessingGreen":10,"Bag of Marbles":18,"Smiling Mask":5},{"Darkstone Periapt":26,"CaptainsWheel":77,"downfall:HeartBlessingRed":62,"Shuriken":62,"Strawberry":6,"Guardian:ModeShifter":0,"Vajra":10,"Guardian:SackOfGems":32,"Philosopher\u0027s Stone":44,"downfall:HeartBlessingGreen":44,"Bag of Marbles":84,"Smiling Mask":18}]},"card_choices":[{"not_picked":["Thinking Ahead","Panache"],"picked":"The Bomb","floor":0.0},{"not_picked":["Guardian:Reroute","Guardian:Gem_Green"],"picked":"Guardian:PiercingHide","floor":2},{"not_picked":["Guardian:Gem_Red","Guardian:FloatingOrbs"],"picked":"Guardian:ShieldCharger","floor":4},{"not_picked":["Guardian:TemporalShield","Guardian:Reroute"],"picked":"Guardian:Gem_Cyan","floor":6},{"not_picked":["Guardian:Reroute","Guardian:RollAttack"],"picked":"Guardian:BaubleBeam","floor":8},{"not_picked":["Guardian:PrismaticBarrier","Guardian:StasisStrike"],"picked":"Guardian:AncientConstruct","floor":9},{"not_picked":["Guardian:Gem_Cyan","Guardian:Suspension"],"picked":"Guardian:PolyBeam","floor":10},{"not_picked":["Guardian:Suspension","Guardian:PiercingHide"],"picked":"Guardian:FierceBash","floor":12},{"not_picked":["Guardian:Reroute","Guardian:TimeCapacitor"],"picked":"Guardian:Gem_Yellow","floor":14},{"not_picked":["Guardian:RollAttack","Guardian:Gem_Lightblue"],"picked":"Guardian:SentryBeam","floor":15},{"not_picked":["Guardian:Gem_Synthetic","Guardian:GatlingBeam"],"picked":"Guardian:RevengeProtocol","floor":16},{"not_picked":["Guardian:ShieldCharger","Guardian:Preprogram+1"],"picked":"Guardian:VentSteam","floor":19},{"not_picked":["Guardian:Suspension","Guardian:VentSteam"],"picked":"Guardian:Orbwalk","floor":20},{"not_picked":["Guardian:PrimingBeam","Guardian:Gem_Green"],"picked":"Guardian:Recover+1","floor":23},{"not_picked":["Guardian:TemporalStrike+1","Guardian:Gem_Red"],"picked":"Guardian:WalkerClaw","floor":26},{"not_picked":["Guardian:Reroute","Guardian:ChargeCore+1"],"picked":"Guardian:Repulse","floor":27},{"not_picked":["Guardian:GatlingBeam","Guardian:VentSteam"],"picked":"Guardian:ShieldSpikes","floor":28},{"not_picked":["Guardian:TemporalShield","Guardian:RollAttack"],"picked":"Guardian:Gem_Lightblue","floor":30},{"not_picked":["Guardian:VentSteam","Guardian:FloatingOrbs"],"picked":"Guardian:Emergency","floor":31}],"player_experience":64976,"relics_obtained":[{"floor":5,"key":"Strawberry"},{"floor":7,"key":"Vajra"},{"floor":9,"key":"Smiling Mask"},{"floor":14,"key":"Guardian:SackOfGems"},{"floor":24,"key":"Shuriken"},{"floor":28,"key":"CaptainsWheel"}],"event_choices":[],"is_beta":false,"boss_relics":[{"not_picked":["Sozu","Astrolabe"],"picked":"Philosopher\u0027s Stone"}],"items_purged_floors":[],"is_endless":false,"potions_floor_spawned":[4,9,15,26,27],"killed_by":"Shelled Parasite and Fungi","ascension_level":0}}