{"host":"xg4r5pv6chpuampg","time":1614251158,"event":{"mods":["AchievementEnabler","BaseMod","Googly Eyes","Minty Spire (QoL Compilation)","StSLib","Together in Spire"],"gold_per_floor":[117,117,136,156,156,156,167,196,220,230,249,275,120,120,120,219,219,262,262,4,4,4,56,56,56,80,115,157,9,9,20,20,115,115,156,156,200,110,110,110,187,187,212,225,240,240,250,270,270,270,270],"floor_reached":50,"language":"ENG","playtime":2439,"items_purged":[],"score":631,"play_id":"c9c17cee-22bf-4dd8-bb58-22ad5b9eaf5a","local_time":"20210225140558","is_ascension_mode":true,"campfire_choices":[{"data":"TalkToTheHand","floor":6,"key":"SMITH"},{"floor":15,"key":"REST"},{"floor":24,"key":"RECALL"},{"data":"Ghostly","floor":30,"key":"SMITH"},{"data":"Ghostly","floor":32,"key":"SMITH"},{"data":"Ghostly","floor":40,"key":"SMITH"},{"floor":42,"key":"REST"},{"floor":46,"key":"REST"},{"data":"Wish","floor":49,"key":"SMITH"}],"circlet_count":0,"master_deck":["Strike_P","Strike_P","Strike_P","Strike_P","Defend_P","Defend_P","Defend_P+1","Defend_P","Eruption+1","Vigilance+1","Halt","CutThroughFate","TalkToTheHand+1","FollowUp","Adaptation","EmptyFist","Wish+1","BattleHymn","Ghostly+1","Ghostly+1","Ghostly+1","Ghostly","Ghostly","SandsOfTime","Wish","Wallop+1","FollowUp","FollowUp+1"],"relics":["Snecko Eye","Pen Nib","Ancient Tea Set","Oddly Smooth Stone","Orichalcum","Philosopher\u0027s Stone","Sundial","Pear","Akabeko","Nunchaku","Strange Spoon","VioletLotus","TungstenRod"],"acts_visited":["Exordium","TheCity","TheBeyond"],"potions_floor_usage":[41,50,50],"damage_taken":[{"damage":0,"enemies":"Small Slimes","floor":1,"turns":5},{"damage":0,"enemies":"Cultist","floor":3,"turns":3},{"damage":5,"enemies":"Jaw Worm","floor":4,"turns":3},{"damage":5,"enemies":"Looter","floor":7,"turns":3},{"damage":16,"enemies":"3 Sentries","floor":8,"turns":9},{"damage":0,"enemies":"Blue Slaver","floor":10,"turns":1},{"damage":9,"enemies":"Exordium Thugs","floor":11,"turns":4},{"damage":13,"enemies":"Gremlin Nob","floor":12,"turns":4},{"damage":13,"enemies":"The Guardian","floor":16,"turns":8},{"damage":13,"enemies":"Chosen","floor":18,"turns":5},{"damage":0,"enemies":"Book of Stabbing","floor":23,"turns":5},{"damage":4,"enemies":"3 Byrds","floor":27,"turns":6},{"damage":0,"enemies":"Shelled Parasite and Fungi","floor":28,"turns":5},{"damage":0,"enemies":"Snake Plant","floor":31,"turns":3},{"damage":0,"enemies":"Champ","floor":33,"turns":8},{"damage":0,"enemies":"Orb Walker","floor":35,"turns":3},{"damage":0,"enemies":"3 Shapes","floor":37,"turns":3},{"damage":31,"enemies":"Nemesis","floor":41,"turns":9},{"damage":0,"enemies":"Maw","floor":44,"turns":5},{"damage":0,"enemies":"Spire Growth","floor":45,"turns":4},{"damage":0,"enemies":"Sphere and 2 Shapes","floor":47,"turns":4},{"damage":0,"enemies":"4 Shapes","floor":48,"turns":4},{"damage":65,"enemies":"Time Eater","floor":50,"turns":11}],"seed_played":"7774292775632626123","potions_obtained":[{"floor":4,"key":"ColorlessPotion"},{"floor":7,"key":"FearPotion"},{"floor":8,"key":"SmokeBomb"},{"floor":11,"key":"PowerPotion"},{"floor":12,"key":"StancePotion"},{"floor":44,"key":"Regen Potion"}],"is_trial":false,"path_per_floor":["M","?","M","M","$","R","M","E","T","M","M","E","$","?","R","B",null,"M","?","$","?","?","E","R","$","T","M","M","$","R","M","R","B",null,"M","?","M","?","$","R","E","R","T","M","M","R","M","M","R","B"],"character_chosen":"WATCHER","items_purchased":["Orichalcum","Sundial","Strange Spoon"],"campfire_rested":3,"item_purchase_floors":[13,20,29],"current_hp_per_floor":[72,72,72,67,67,67,62,46,46,46,37,24,24,24,45,32,72,59,36,36,36,46,46,46,46,46,42,42,42,42,42,42,42,46,46,44,44,44,44,44,13,26,26,26,26,39,39,39,39,0,0],"gold":270,"neow_bonus":"BOSS_RELIC","is_daily":false,"chose_seed":false,"campfire_upgraded":5,"win_rate":0.0,"timestamp":1614251158,"path_taken":["M","?","M","M","?","R","M","E","T","M","M","E","$","?","R","BOSS","M","?","$","?","?","E","R","?","T","?","M","$","R","M","R","BOSS","M","?","M","?","$","R","E","R","T","M","?","R","M","M","R","BOSS"],"items_purchased_type":["Relic","Relic","Relic"],"build_version":"2020-12-22","purchased_purges":0,"victory":false,"max_hp_per_floor":[72,72,72,72,72,72,72,72,72,72,72,72,72,72,72,72,72,72,36,36,36,46,46,46,46,46,46,46,46,46,46,46,46,46,46,44,44,44,44,44,44,44,44,44,44,44,44,44,44,44,44],"card_choices":[{"not_picked":["ReachHeaven","FlurryOfBlows"],"picked":"Halt","floor":1},{"not_picked":["CrushJoints","Weave"],"picked":"CutThroughFate","floor":3},{"not_picked":["BattleHymn","Perseverance"],"picked":"TalkToTheHand","floor":4},{"not_picked":["Consecrate","EmptyFist"],"picked":"FollowUp","floor":7},{"not_picked":["Halt","JustLucky","MentalFortress"],"picked":"SKIP","floor":8},{"not_picked":["PathToVictory","Consecrate"],"picked":"Adaptation","floor":10},{"not_picked":["Prostrate","JustLucky"],"picked":"EmptyFist","floor":11},{"not_picked":["WindmillStrike","Conclude","DeusExMachina"],"picked":"SKIP","floor":12},{"not_picked":["MasterReality","Blasphemy"],"picked":"Wish","floor":16},{"not_picked":["WaveOfTheHand","BowlingBash"],"picked":"BattleHymn","floor":18},{"not_picked":["CarveReality","FlurryOfBlows","Collect"],"picked":"SKIP","floor":23},{"not_picked":["WindmillStrike","ClearTheMind","Indignation+1"],"picked":"SKIP","floor":27},{"not_picked":["Study","CrushJoints+1","BowlingBash"],"picked":"SKIP","floor":28},{"not_picked":["Wireheading","CutThroughFate"],"picked":"SandsOfTime","floor":31},{"not_picked":["SpiritShield","Devotion"],"picked":"Wish","floor":33},{"not_picked":["Wireheading+1","Collect"],"picked":"Wallop+1","floor":35},{"not_picked":["Prostrate+1","InnerPeace","FlurryOfBlows"],"picked":"SKIP","floor":37},{"not_picked":["CutThroughFate","MentalFortress"],"picked":"FollowUp","floor":41},{"not_picked":["FlurryOfBlows","FlyingSleeves+1"],"picked":"FollowUp+1","floor":44},{"not_picked":["Halt+1","EmptyFist","Weave+1"],"picked":"SKIP","floor":45},{"not_picked":["DeceiveReality","WaveOfTheHand+1","Sanctity+1"],"picked":"SKIP","floor":47},{"not_picked":["Protect","ThirdEye+1","WindmillStrike+1"],"picked":"SKIP","floor":48}],"player_experience":165835,"relics_obtained":[{"floor":8,"key":"Pen Nib"},{"floor":9,"key":"Ancient Tea Set"},{"floor":12,"key":"Oddly Smooth Stone"},{"floor":23,"key":"Akabeko"},{"floor":26,"key":"Nunchaku"},{"floor":41,"key":"TungstenRod"}],"event_choices":[{"damage_healed":0,"gold_gain":0,"player_choice":"Forge","damage_taken":0,"max_hp_gain":0,"max_hp_loss":0,"event_name":"Accursed Blacksmith","floor":2,"gold_loss":0,"cards_upgraded":["Eruption"]},{"damage_healed":0,"gold_gain":0,"player_choice":"Upgraded","damage_taken":0,"max_hp_gain":0,"max_hp_loss":0,"event_name":"Upgrade Shrine","floor":14,"gold_loss":0,"cards_upgraded":["Vigilance"]},{"damage_healed":0,"gold_gain":0,"player_choice":"Became a Ghost","damage_taken":0,"max_hp_gain":0,"max_hp_loss":36,"event_name":"Ghosts","floor":19,"gold_loss":0,"cards_obtained":["Ghostly","Ghostly","Ghostly","Ghostly","Ghostly"]},{"damage_healed":0,"gold_gain":0,"player_choice":"Opened","damage_taken":0,"relics_obtained":["Pear"],"max_hp_gain":0,"max_hp_loss":0,"event_name":"The Mausoleum","floor":22,"gold_loss":0,"cards_obtained":["Writhe"]},{"damage_healed":0,"gold_gain":0,"player_choice":"Max HP","damage_taken":0,"max_hp_gain":0,"max_hp_loss":2,"event_name":"Winding Halls","floor":36,"gold_loss":0},{"cards_removed":["Writhe"],"damage_healed":0,"gold_gain":0,"player_choice":"Upgrade and Remove","damage_taken":0,"max_hp_gain":0,"max_hp_loss":0,"event_name":"Designer","floor":38,"gold_loss":90,"cards_upgraded":["Defend_P"]}],"is_beta":false,"boss_relics":[{"not_picked":["Pandora\u0027s Box","Ectoplasm"],"picked":"Philosopher\u0027s Stone"},{"not_picked":["Tiny House","Velvet Choker"],"picked":"VioletLotus"}],"items_purged_floors":[],"is_endless":false,"potions_floor_spawned":[4,7,8,11,12,23,28,31,35,44],"killed_by":"Time Eater","ascension_level":1}}