{"host":"uyfpom4rlahfoee4","time":1614291843,"event":{"mods":["BaseMod","Downfall","Minty Spire (QoL Compilation)","StSLib"],"gold_per_floor":[99,124,151,175,13,38,61,79,107,46,67,67,67,67,92,193,193,193,221,221,221,221,221],"floor_reached":21,"language":"ENG","playtime":1184,"items_purged":[],"score":173,"play_id":"cfa35566-b496-4d05-9936-39904450a531","local_time":"20210225142403","is_ascension_mode":false,"campfire_choices":[{"data":"hexamod:Float","floor":1,"key":"SMITH"},{"floor":12,"key":"REST"},{"data":"hexamod:HexaLevel","floor":18,"key":"SMITH"}],"circlet_count":0,"master_deck":["hexamod:Strike","hexamod:Strike+1","hexamod:Strike","hexamod:Strike","hexamod:Defend","hexamod:Defend","hexamod:Defend","hexamod:Defend","hexamod:Sear","hexamod:Float+1","hexamod:SecondSeal","hexamod:EmpoweredFlame","hexamod:HeatMetal+1","hexamod:FastForward","hexamod:RadiantFlame","hexamod:Hexaguard","hexamod:ThermalTransfer","hexamod:GhostShield","hexamod:SearingWound","hexamod:FastForward","hexamod:InspiringFlames","hexamod:SoulSteal","hexamod:HexaLevel+1","hexamod:HauntingEcho","hexamod:BacktrackSmack"],"relics":["hexamod:SpiritBrand","Whetstone","Orichalcum","Busted Crown"],"acts_visited":["Exordium","TheCity"],"potions_floor_usage":[8,10,15,21],"damage_taken":[{"damage":4,"enemies":"Cultist","floor":2,"turns":4},{"damage":0,"enemies":"2 Louse","floor":3,"turns":3},{"damage":0,"enemies":"Small Slimes","floor":4,"turns":4},{"damage":5,"enemies":"downfall:FleeingMerchant","floor":5,"turns":4},{"damage":1,"enemies":"3 Louse","floor":6,"turns":3},{"damage":9,"enemies":"Gremlin Gang","floor":8,"turns":3},{"damage":8,"enemies":"Red Slaver","floor":9,"turns":5},{"damage":5,"enemies":"downfall:FleeingMerchant","floor":10,"turns":4},{"damage":0,"enemies":"Large Slime","floor":11,"turns":5},{"damage":6,"enemies":"Exordium Wildlife","floor":15,"turns":5},{"damage":46,"enemies":"DF_ARCHETYPE_STREAMLINE","floor":16,"turns":9},{"damage":20,"enemies":"downfall:LooterAlt2","floor":19,"turns":5},{"damage":0,"enemies":"Chosen","floor":20,"turns":1},{"damage":0,"enemies":"3 Cultists","floor":21,"turns":2}],"seed_played":"6858604384827797525","potions_obtained":[{"floor":2,"key":"DuplicationPotion"},{"floor":4,"key":"AttackPotion"},{"floor":9,"key":"hexamod:EctoCoolerPotion"},{"floor":15,"key":"LiquidBronze"},{"floor":16,"key":"Slimebound:ThreeZeroPotion"},{"floor":19,"key":"Energy Potion"}],"is_trial":false,"path_per_floor":["R","M","M","M","$","M","T","M","M","$","M","R","?","?","M","B",null,"R","M","M","M"],"character_chosen":"THE_SPIRIT","items_purchased":["Whetstone","hexamod:FastForward"],"campfire_rested":1,"item_purchase_floors":[5,10],"current_hp_per_floor":[70,66,66,66,61,60,60,51,43,38,38,59,64,64,58,12,75,75,55,55,55,55,55],"gold":221,"neow_bonus":"THREE_CARDS","is_daily":false,"chose_seed":false,"campfire_upgraded":2,"win_rate":0.0,"timestamp":1614291843,"path_taken":["R","M","M","M","?","?","T","M","M","$","M","R","?","?","M","BOSS","R","M","M","M"],"items_purchased_type":["Relic","Card"],"build_version":"2020-12-22","purchased_purges":0,"victory":false,"max_hp_per_floor":[70,70,70,70,70,70,70,70,70,70,70,70,75,75,75,75,75,75,75,75,75,75,75],"card_choices":[{"not_picked":["hexamod:PowerFromBeyond","hexamod:GhostOfSpireFuture"],"picked":"hexamod:SecondSeal","floor":0},{"not_picked":["hexamod:Firestarter","hexamod:SpectralSpark"],"picked":"hexamod:EmpoweredFlame","floor":2},{"not_picked":["hexamod:GhostOfSpirePast","hexamod:ThermalTransfer"],"picked":"hexamod:HeatMetal","floor":3},{"not_picked":["hexamod:BacktrackSmack","hexamod:GhostShield"],"picked":"hexamod:FastForward","floor":4},{"not_picked":["hexamod:NecessarySacrifice","hexamod:Haunt"],"picked":"hexamod:RadiantFlame","floor":5},{"not_picked":["hexamod:GhostLash","hexamod:GhostflameBarrier"],"picked":"hexamod:Hexaguard","floor":6},{"not_picked":["hexamod:HauntingEcho","hexamod:TimeOfNeed"],"picked":"hexamod:ThermalTransfer","floor":8},{"not_picked":["hexamod:ThermalTransfer","hexamod:RecurringNightmare"],"picked":"hexamod:GhostShield","floor":9},{"not_picked":["hexamod:FlamesFromBeyond","hexamod:GhostLash"],"picked":"hexamod:SearingWound","floor":10},{"not_picked":["hexamod:GhostShield","hexamod:Firestarter"],"picked":"hexamod:InspiringFlames","floor":11},{"not_picked":["hexamod:SpectralSpark","hexamod:HauntingEcho"],"picked":"hexamod:SoulSteal","floor":15},{"not_picked":["hexamod:GiftsFromTheDead","hexamod:UnlimitedPower"],"picked":"hexamod:HexaLevel","floor":16},{"not_picked":[],"picked":"hexamod:HauntingEcho","floor":19},{"not_picked":[],"picked":"hexamod:BacktrackSmack","floor":20}],"player_experience":212232,"relics_obtained":[{"floor":7,"key":"Orichalcum"}],"event_choices":[{"damage_healed":0,"gold_gain":0,"player_choice":"Donut","damage_taken":0,"max_hp_gain":5,"max_hp_loss":0,"event_name":"Big Fish","floor":13,"gold_loss":0}],"is_beta":false,"boss_relics":[{"not_picked":["Snecko Eye","Tiny House"],"picked":"Busted Crown"}],"items_purged_floors":[],"is_endless":false,"potions_floor_spawned":[2,4,9,15,16,19],"killed_by":"3 Cultists","ascension_level":0}}