{"host":"phy652c7lim9lcu2","time":1614247836,"event":{"mods":["BaseMod","Colored Powertips","Googly Eyes","Minty Spire (QoL Compilation)","Relic Stats","Spicy Shops","StSLib","everything is the same but u backflip on backflip"],"gold_per_floor":[119,194,38,57,72,102,102,102,102],"floor_reached":8,"language":"ENG","playtime":157,"items_purged":["Strike_B"],"score":92,"play_id":"de2cddc6-c390-4ba2-94cf-de2fc474935f","local_time":"20210225201036","is_ascension_mode":true,"campfire_choices":[{"data":"Chaos","floor":7,"key":"SMITH"}],"circlet_count":0,"master_deck":["AscendersBane","Strike_B","Strike_B","Strike_B","Defend_B","Defend_B","Defend_B","Defend_B","Zap","Dualcast","Chaos+1","Melter","Barrage","Leap","All For One"],"relics":["Cracked Core","NeowsBlessing","Ice Cream"],"acts_visited":["Exordium"],"potions_floor_usage":[],"damage_taken":[{"damage":0,"enemies":"2 Louse","floor":1,"turns":1},{"damage":0,"enemies":"Small Slimes","floor":4,"turns":1},{"damage":0,"enemies":"Jaw Worm","floor":5,"turns":1},{"damage":30,"enemies":"Lagavulin","floor":6,"turns":6},{"damage":28,"enemies":"3 Sentries","floor":8,"turns":4}],"seed_played":"3249497616077180825","potions_obtained":[],"is_trial":false,"path_per_floor":["M","?","$","M","M","E","R","E"],"character_chosen":"DEFECT","items_purchased":["Melter"],"campfire_rested":0,"item_purchase_floors":[3],"current_hp_per_floor":[68,57,57,57,57,27,27,0,0],"gold":102,"neow_bonus":"THREE_ENEMY_KILL","is_daily":false,"chose_seed":false,"campfire_upgraded":1,"win_rate":0.0,"timestamp":1614247836,"path_taken":["M","?","$","M","M","E","R","E"],"items_purchased_type":["Card"],"build_version":"2020-12-22","purchased_purges":1,"victory":false,"max_hp_per_floor":[75,75,75,75,75,75,75,75,75],"relic_stats":{"counters":[5,13],"obtain_stats":[{"Ice Cream":6,"NeowsBlessing":0,"Cracked Core":0},{"Ice Cream":4,"NeowsBlessing":0,"Cracked Core":0},{"Ice Cream":9,"NeowsBlessing":0,"Cracked Core":0}]},"card_choices":[{"not_picked":["Redo","Coolheaded"],"picked":"Chaos","floor":1},{"not_picked":["Redo","Steam"],"picked":"Barrage","floor":4},{"not_picked":["Barrage","Compile Driver"],"picked":"Leap","floor":5},{"not_picked":["Beam Cell","Streamline"],"picked":"All For One","floor":6}],"player_experience":367149,"relics_obtained":[{"floor":6,"key":"Ice Cream"}],"event_choices":[{"damage_healed":0,"gold_gain":75,"player_choice":"Gather Gold","damage_taken":11,"max_hp_gain":0,"max_hp_loss":0,"event_name":"World of Goop","floor":2,"gold_loss":0}],"is_beta":false,"boss_relics":[],"items_purged_floors":[3],"is_endless":false,"potions_floor_spawned":[],"killed_by":"3 Sentries","ascension_level":13}}