{"host":"ws1rigs6jhqnf67d","time":1614253741,"event":{"mods":["BaseMod","Friendly Minions","KinomotoSakuraMod(木之本樱)","Kiyohime（清姬）","Lobotomy","LobotomyExtend","Marisa（F雨　魔理沙）","Minty Spire (QoL Compilation)","Remilia（蕾米莉亚）","StSLib","The Bug Knight","The Marked","The Senshi","WarShipGirlsR/战舰少女R mod","Youmu（魂魄妖梦）","[IsaacMod]以撒尖塔"],"gold_per_floor":[117,127,146,92,106,106,106,118,118,118,132,157,157,167,167,264,264,277,277,290,290,290],"floor_reached":21,"language":"ZHS","playtime":3726,"items_purged":[],"score":229,"play_id":"a8d20ff9-a16f-4ff7-8332-6ca139941b01","local_time":"20210225194901","is_ascension_mode":true,"campfire_choices":[{"data":"theMarked:SoldierOfQuellstein","floor":6.0,"key":"SMITH"},{"data":"theMarked:OneWithTheBlade","floor":13,"key":"SMITH"},{"data":"theMarked:Toughness","floor":15,"key":"SMITH"}],"circlet_count":0,"master_deck":["theMarked:Strike","theMarked:Strike","theMarked:Strike","theMarked:Strike","theMarked:Strike","theMarked:Defend","theMarked:Defend","theMarked:Defend","theMarked:Defend","theMarked:SoldierOfQuellstein+1","theMarked:DispelDoubt","theMarked:SelfDefenseTraining","theMarked:BanishingStrike","theMarked:BanishingStrike","theMarked:WardOff","theMarked:OneWithTheBlade+1","theMarked:BanishingStrike","theMarked:Toughness+1","theMarked:Heritage","theMarked:EternalStudent"],"relics":["theMarked:ArtifactOfAir","HushsDoor","DeathBook","LetterFromLob","Blue Candle","Sundial","SlaversCollar","GuppysHead"],"acts_visited":["Exordium","TheCity"],"potions_floor_usage":[],"damage_taken":[{"damage":2.0,"enemies":"Jaw Worm","floor":1.0,"turns":4.0},{"damage":1.0,"enemies":"2 Louse","floor":2.0,"turns":2.0},{"damage":1.0,"enemies":"Cultist","floor":3.0,"turns":3.0},{"damage":1.0,"enemies":"2 Fungi Beasts","floor":5.0,"turns":3.0},{"damage":17,"enemies":"Exordium Wildlife","floor":8,"turns":6},{"damage":1,"enemies":"Large Slime","floor":11,"turns":5},{"damage":0,"enemies":"3 Sentries","floor":12,"turns":1},{"damage":7,"enemies":"Looter","floor":14,"turns":3},{"damage":11,"enemies":"The Guardian","floor":16,"turns":10},{"damage":24,"enemies":"Shell Parasite","floor":18,"turns":5},{"damage":5,"enemies":"Chosen","floor":20,"turns":4},{"damage":42,"enemies":"Snake Plant","floor":21,"turns":3}],"seed_played":"1324749034405640278","potions_obtained":[{"floor":3.0,"key":"Explosive Potion"},{"floor":5.0,"key":"Swift Potion"},{"floor":8,"key":"Swift Potion"},{"floor":14,"key":"FearPotion"},{"floor":16,"key":"theMarked:HoverShot"}],"is_trial":false,"path_per_floor":["M","M","M","$","M","R","E","M","T","?","M","E","R","M","R","B",null,"M","?","M","M"],"character_chosen":"THE_DEFAULT","items_purchased":["theMarked:WardOff","GuppysHead"],"campfire_rested":0,"item_purchase_floors":[4,17],"current_hp_per_floor":[63,62,61,61,60,60,60,43,43,48,47,47,47,40,40,29,60,36,40,35,0,0],"gold":290,"neow_bonus":"THREE_RARE_CARDS","is_daily":false,"chose_seed":false,"campfire_upgraded":3,"win_rate":0.0,"timestamp":1614253741,"path_taken":["M","M","M","$","M","R","E","M","T","?","?","E","R","M","R","BOSS","M","?","M","M"],"items_purchased_type":["Card","Relic"],"build_version":"2020-12-22","purchased_purges":0,"victory":false,"max_hp_per_floor":[65,65,65,65,65,65,65,65,65,70,70,70,70,70,70,70,60,60,60,60,60,60],"card_choices":[{"not_picked":["theMarked:Snap","theMarked:TurnInvisible"],"picked":"theMarked:DispelDoubt","floor":0.0},{"not_picked":["theMarked:EnhanceMovement","theMarked:ChainLightning"],"picked":"theMarked:SelfDefenseTraining","floor":1.0},{"not_picked":["theMarked:Aftermath","theMarked:Convert"],"picked":"theMarked:BanishingStrike","floor":2.0},{"not_picked":["theMarked:Memento","theMarked:Electrocute"],"picked":"theMarked:BanishingStrike","floor":3.0},{"not_picked":["theMarked:Polarize","theMarked:Reabsorb"],"picked":"theMarked:OneWithTheBlade","floor":5.0},{"not_picked":["theMarked:TakeCover","theMarked:HeightenedSenses"],"picked":"theMarked:BanishingStrike","floor":8},{"not_picked":["theMarked:TunnelVision","theMarked:HeightenedSenses"],"picked":"theMarked:Toughness","floor":11},{"not_picked":["theMarked:WastefulAttack","theMarked:Parkour"],"picked":"theMarked:Heritage","floor":12},{"not_picked":["theMarked:Maelstrom","theMarked:TakeCover","theMarked:Parkour"],"picked":"SKIP","floor":14},{"not_picked":["theMarked:TurnInvisible","theMarked:ThrowWeapon"],"picked":"theMarked:EternalStudent","floor":16},{"not_picked":["theMarked:Aftermath+1","theMarked:HeightenedSenses","theMarked:TakeCover"],"picked":"SKIP","floor":18},{"not_picked":["theMarked:Parkour","theMarked:Parry","theMarked:ChainLightning"],"picked":"SKIP","floor":20}],"player_experience":939043,"relics_obtained":[{"floor":1.0,"key":"LetterFromLob"},{"floor":9,"key":"Blue Candle"},{"floor":12,"key":"Sundial"}],"event_choices":[{"damage_healed":0,"gold_gain":0,"player_choice":"Donut","damage_taken":0,"max_hp_gain":5,"max_hp_loss":0,"event_name":"Big Fish","floor":10,"gold_loss":0}],"is_beta":false,"boss_relics":[{"not_picked":["Runic Dome","Ectoplasm"],"picked":"SlaversCollar"},{"not_picked":[]}],"items_purged_floors":[],"is_endless":false,"potions_floor_spawned":[3,5,8,14,16],"killed_by":"Snake Plant","ascension_level":2}}