{"host":"iao9zlhzdan4iyha","time":1614220484,"event":{"mods":["BaseMod","BetterRewards","Curses Come First","Downfall","Hermit","Ironclad Rager","Minty Spire (QoL Compilation)","Quick Restart","Replay The Spire","Shop Mod","StSLib","The Bug Knight","The Runesmith"],"gold_per_floor":[11,11,11,22,22,57,57,91,129,174,74,104,104,120,120,222,222,232,157,172,15,15,15,15,42,42,77,77,91,121,121,121,217,217,230,84,96,109,109,142,161,161,161],"floor_reached":42,"language":"ENG","playtime":2970,"items_purged":["Regret"],"score":587,"play_id":"2d52975b-7766-4aac-bd98-83527089f4ca","local_time":"20210225023444","is_ascension_mode":true,"campfire_choices":[{"floor":7.0,"key":"REST"},{"data":"Armaments","floor":13.0,"key":"SMITH"},{"data":"ReplayTheSpireMod:Muscle Training","floor":15.0,"key":"SMITH"},{"data":"Limit Break","floor":23.0,"key":"SMITH"},{"floor":28.0,"key":"REST"},{"floor":32.0,"key":"REST"}],"circlet_count":0,"master_deck":["Bash","Twin Strike","Twin Strike","Twin Strike","Twin Strike","Twin Strike+1","Iron Wave","Iron Wave","Iron Wave","Armaments+1","ReplayTheSpireMod:Muscle Training+1","Demon Form","Metallicize","Thunderclap","ReplayTheSpireMod:Muscle Training","Limit Break+1","Fiend Fire+1","Blood for Blood+1","Armaments+1","Anger","Feed","Pot Of Greed","Pot Of Greed","Searing Blow+1","Heavy Blade+1","Pot Of Greed","Sword Boomerang","J.A.X.","Armaments+1","Immolate","Heavy Blade+1","Cleave","ReplayReversal+1"],"relics":["Burning Blood","Lantern","Pantograph","MawBank","Anchor","Dream Catcher","Ginger","Astrolabe","Lee\u0027s Waffle","Nilry\u0027s Codex","Mummified Hand","Pear","Grinning Jar","Pen Nib","Philosopher\u0027s Stone","Replay:Baseball","Smiling Mask"],"acts_visited":["Exordium","TheCity","TheBeyond"],"potions_floor_usage":[42],"damage_taken":[{"damage":1.0,"enemies":"Jaw Worm","floor":1.0,"turns":2.0},{"damage":10.0,"enemies":"Small Slimes","floor":4.0,"turns":2.0},{"damage":11.0,"enemies":"3 Sentries","floor":6.0,"turns":4.0},{"damage":5.0,"enemies":"Gremlin Nob","floor":8.0,"turns":4.0},{"damage":25.0,"enemies":"Lagavulin","floor":10.0,"turns":6.0},{"damage":6.0,"enemies":"3 Sentries","floor":12.0,"turns":6.0},{"damage":0.0,"enemies":"2 Louse","floor":14.0,"turns":2.0},{"damage":68.0,"enemies":"Fading Forest","floor":16.0,"turns":11.0},{"damage":29.0,"enemies":"2 Thieves","floor":18.0,"turns":4.0},{"damage":12.0,"enemies":"3 Byrds","floor":20.0,"turns":7.0},{"damage":34.0,"enemies":"Book of Stabbing","floor":25.0,"turns":5.0},{"damage":2.0,"enemies":"Replay:Snechameleon","floor":27.0,"turns":5.0},{"damage":27.0,"enemies":"3 Cultists","floor":29.0,"turns":5.0},{"damage":1.0,"enemies":"Gremlin Leader","floor":30.0,"turns":6.0},{"damage":61.0,"enemies":"Collector","floor":33.0,"turns":8.0},{"damage":0.0,"enemies":"3 Shapes","floor":35.0,"turns":2.0},{"damage":5.0,"enemies":"Orb Walker","floor":37.0,"turns":3.0},{"damage":33.0,"enemies":"Sphere and 2 Shapes","floor":38.0,"turns":4.0},{"damage":43.0,"enemies":"Reptomancer","floor":40.0,"turns":5.0},{"damage":30.0,"enemies":"Transient","floor":41.0,"turns":5.0},{"damage":14,"enemies":"Giant Head","floor":42,"turns":2}],"seed_played":"7736845755377906434","potions_obtained":[{"floor":4.0,"key":"Strength Potion"},{"floor":8.0,"key":"champ:CounterPotion"},{"floor":16.0,"key":"AttackPotion"},{"floor":25.0,"key":"BlessingOfTheForge"},{"floor":27.0,"key":"PowerPotion"},{"floor":33.0,"key":"Ancient Potion"},{"floor":35.0,"key":"Swift Potion"},{"floor":38.0,"key":"Fire Potion"},{"floor":41.0,"key":"BlessingOfTheForge"}],"is_trial":false,"path_per_floor":["M","?","?","M","?","E","R","E","T","E","$","E","R","M","R","B",null,"M","?","M","$","?","R","$","E","T","E","R","M","E","?","R","B",null,"M","$","M","M","?","E","M","E"],"character_chosen":"IRONCLAD","items_purchased":["Metallicize","Lee\u0027s Waffle","Replay:Baseball"],"campfire_rested":3,"item_purchase_floors":[11,21,36],"current_hp_per_floor":[56,56,56,52,52,47,68,69,69,50,50,50,50,56,56,22,72,49,49,43,79,63,63,63,35,45,49,75,57,62,62,89,37,92,92,92,92,69,69,32,8,0,0],"gold":161,"neow_bonus":"IRONCLAD_BERSERKER","is_daily":false,"chose_seed":false,"campfire_upgraded":3,"win_rate":0.0,"timestamp":1614220484,"path_taken":["M","?","?","M","?","E","R","E","T","E","$","E","R","M","R","BOSS","M","?","M","$","?","R","$","E","T","E","R","M","E","?","R","BOSS","M","$","M","M","?","E","M","E"],"items_purchased_type":["Card","Relic","Relic"],"build_version":"2020-12-22","purchased_purges":1,"victory":false,"max_hp_per_floor":[72,72,72,72,72,72,72,72,72,72,72,72,72,72,72,72,72,72,72,72,79,79,79,79,79,89,89,89,92,92,92,92,92,92,92,92,92,96,96,96,96,96,96],"card_choices":[{"not_picked":["Pommel Strike","Dropkick"],"picked":"Shockwave","floor":1.0},{"not_picked":["Infernal Blade","Thunderclap"],"picked":"Armaments","floor":4.0},{"not_picked":["Perfected Strike","Iron Wave"],"picked":"ReplayTheSpireMod:Muscle Training","floor":6.0},{"not_picked":["Second Wind","True Grit"],"picked":"Demon Form","floor":8.0},{"not_picked":["Dropkick","ReplayTheSpireMod:LeadingStrike"],"picked":"ReplayTheSpireMod:Stacked","floor":10.0},{"not_picked":["Dual Wield","ReplayTheSpireMod:Limb From Limb"],"picked":"Thunderclap","floor":12.0},{"not_picked":["Flex","Seeing Red"],"picked":"ReplayTheSpireMod:Muscle Training","floor":14.0},{"not_picked":["Bludgeon","Eclipse"],"picked":"Limit Break","floor":16.0},{"not_picked":["Thunderclap+1","Disarm+1"],"picked":"Armaments+1","floor":18.0},{"not_picked":["Body Slam+1","Shrug It Off+1"],"picked":"Anger","floor":20.0},{"not_picked":["Evolve","Clothesline"],"picked":"Feed","floor":25.0},{"not_picked":["ReplayTheSpireMod:Limb From Limb","Abandon"],"picked":"Searing Blow+1","floor":27.0},{"not_picked":["Hemokinesis","Thunderclap+1"],"picked":"Heavy Blade+1","floor":28.0},{"not_picked":["Shrug It Off","Replay:Undeath\u0027s Touch","ReplayTheSpireMod:Strike From Hell+1"],"picked":"SKIP","floor":29.0},{"not_picked":["Pommel Strike","Sentinel+1"],"picked":"Sword Boomerang","floor":30.0},{"not_picked":["Massacre","Infernal Blade"],"picked":"Armaments+1","floor":32.0},{"not_picked":["Offering","Berserk"],"picked":"Immolate","floor":33.0},{"not_picked":["Dark Embrace","Second Wind","Sever Soul"],"picked":"SKIP","floor":35.0},{"not_picked":["Wild Strike","Pommel Strike+1"],"picked":"Heavy Blade+1","floor":37.0},{"not_picked":["Replay:Undeath\u0027s Touch+1","Shockwave","Combust+1"],"picked":"SKIP","floor":38.0},{"not_picked":["Fiend Fire","Perfected Strike"],"picked":"Cleave","floor":40.0},{"not_picked":["Havoc","Body Slam+1"],"picked":"ReplayReversal+1","floor":41.0}],"player_experience":110767,"relics_obtained":[{"floor":6.0,"key":"Pantograph"},{"floor":8.0,"key":"MawBank"},{"floor":9.0,"key":"Anchor"},{"floor":10.0,"key":"Dream Catcher"},{"floor":12.0,"key":"Ginger"},{"floor":22.0,"key":"Nilry\u0027s Codex"},{"floor":25.0,"key":"Mummified Hand"},{"floor":26.0,"key":"Pear"},{"floor":27.0,"key":"Grinning Jar"},{"floor":30.0,"key":"Pen Nib"},{"floor":40.0,"key":"Smiling Mask"}],"event_choices":[{"damage_healed":0.0,"max_hp_gain":0.0,"max_hp_loss":0.0,"gold_gain":0.0,"event_name":"Big Fish","player_choice":"Box","floor":2.0,"gold_loss":0.0,"damage_taken":0.0,"relics_obtained":["Lantern"],"cards_obtained":["Regret"]},{"cards_removed":["Shame"],"damage_healed":0.0,"max_hp_gain":0.0,"max_hp_loss":0.0,"gold_gain":0.0,"event_name":"Beggar","player_choice":"Gave Gold","floor":19.0,"gold_loss":75.0,"damage_taken":0.0},{"damage_healed":0.0,"max_hp_gain":0.0,"max_hp_loss":0.0,"gold_gain":0.0,"event_name":"Cursed Tome","player_choice":"Obtained Book","floor":22.0,"gold_loss":0.0,"damage_taken":16.0},{"damage_healed":0.0,"max_hp_gain":0.0,"max_hp_loss":0.0,"gold_gain":0.0,"event_name":"Drug Dealer","player_choice":"Obtain J.A.X.","floor":31.0,"gold_loss":0.0,"damage_taken":0.0,"cards_obtained":["J.A.X."]},{"cards_removed":["Iron Wave"],"damage_healed":0.0,"max_hp_gain":0.0,"max_hp_loss":0.0,"gold_gain":0.0,"event_name":"Falling","player_choice":"Removed Attack","floor":39.0,"gold_loss":0.0,"damage_taken":0.0}],"is_beta":false,"boss_relics":[{"not_picked":["Replay:Drink Me","Busted Crown"],"picked":"Astrolabe"},{"not_picked":["ChewingGum","Runic Cube"],"picked":"Philosopher\u0027s Stone"}],"items_purged_floors":[11],"is_endless":false,"potions_floor_spawned":[4,8,16,25,27,33,35,38,41],"killed_by":"Giant Head","ascension_level":1}}