{"host":"f97mkdti7dx29mjq","time":1614218532,"event":{"mods":["BaseMod","Colored Powertips","Minty Spire (QoL Compilation)","Quick Restart","Rare Cards Sparkle","StSLib"],"gold_per_floor":[111,131,147,166,183,211,211,229,229,229,244,244,277,277,277,374,374,388,237,254,264,264,299,299,325,378,378,388,118,118,118,118,118,118],"floor_reached":33,"language":"ENG","playtime":1316,"items_purged":["Second Wind"],"score":363,"play_id":"1f0384a9-85c8-4b68-b390-c7547aa75c0a","local_time":"20210224210212","is_ascension_mode":true,"campfire_choices":[{"data":"Searing Blow","floor":7,"key":"SMITH"},{"data":"Searing Blow+1","floor":10,"key":"SMITH"},{"data":"Searing Blow+3","floor":15,"key":"SMITH"},{"data":"Searing Blow+4","floor":24,"key":"SMITH"},{"data":"1","floor":27,"key":"LIFT"},{"data":"Searing Blow+5","floor":30,"key":"SMITH"},{"data":"2","floor":32,"key":"LIFT"}],"circlet_count":0,"master_deck":["Defend_R+1","Defend_R+1","Defend_R+1","Defend_R+1","Bash","Hemokinesis","Headbutt","Hemokinesis","Searing Blow+6","Berserk","Thunderclap","Rampage","Reaper","CurseOfTheBell","Whirlwind+1","Thunderclap","Warcry+1","Battle Trance+1","Impervious+1","Dual Wield+1","Bite","Bite","Bite","Bite","Bite"],"relics":["Burning Blood","Akabeko","Letter Opener","Toxic Egg 2","Calling Bell","Bag of Marbles","Blue Candle","Unceasing Top","Chemical X","Smiling Mask","Girya","Art of War","Membership Card","Lantern"],"acts_visited":["Exordium","TheCity"],"potions_floor_usage":[13,13,20,20,23,33],"damage_taken":[{"damage":4,"enemies":"2 Louse","floor":1,"turns":3},{"damage":6,"enemies":"Jaw Worm","floor":2,"turns":4},{"damage":3,"enemies":"Cultist","floor":3,"turns":3},{"damage":7,"enemies":"Looter","floor":4,"turns":3},{"damage":20,"enemies":"Large Slime","floor":5,"turns":4},{"damage":12,"enemies":"Gremlin Nob","floor":6,"turns":3},{"damage":14,"enemies":"Blue Slaver","floor":8,"turns":2},{"damage":12,"enemies":"Looter","floor":11,"turns":2},{"damage":23,"enemies":"3 Sentries","floor":13,"turns":5},{"damage":32,"enemies":"Slime Boss","floor":16,"turns":8},{"damage":27,"enemies":"Shell Parasite","floor":18,"turns":5},{"damage":0,"enemies":"3 Byrds","floor":20,"turns":1},{"damage":23,"enemies":"Snake Plant","floor":21,"turns":3},{"damage":18,"enemies":"Gremlin Leader","floor":23,"turns":3},{"damage":0,"enemies":"Slavers","floor":25,"turns":1},{"damage":17,"enemies":"Snecko","floor":28,"turns":4},{"damage":81,"enemies":"Automaton","floor":33,"turns":6}],"seed_played":"-7814741949946334525","potions_obtained":[{"floor":1,"key":"Swift Potion"},{"floor":3,"key":"Regen Potion"},{"floor":8,"key":"DistilledChaos"},{"floor":13,"key":"SteroidPotion"},{"floor":18,"key":"AttackPotion"},{"floor":21,"key":"ColorlessPotion"}],"is_trial":false,"path_per_floor":["M","M","M","M","M","E","R","M","T","R","M","?","E","?","R","B",null,"M","$","M","M","?","E","R","E","T","R","M","$","R","?","R","B"],"character_chosen":"IRONCLAD","items_purchased":["Chemical X","Membership Card","Lantern"],"campfire_rested":0,"item_purchase_floors":[19,29,29],"current_hp_per_floor":[88,88,88,87,73,67,67,59,59,59,53,53,48,48,48,22,88,67,67,73,56,56,44,44,50,50,50,39,39,39,39,39,0,0],"gold":118,"neow_bonus":"TEN_PERCENT_HP_BONUS","is_daily":false,"chose_seed":false,"campfire_upgraded":5,"win_rate":0.0,"timestamp":1614218532,"path_taken":["M","M","M","M","M","E","R","M","T","R","M","?","E","?","R","BOSS","M","$","M","M","?","E","R","E","T","R","M","$","R","?","R","BOSS"],"items_purchased_type":["Relic","Relic","Relic"],"build_version":"2020-12-22","purchased_purges":1,"victory":false,"max_hp_per_floor":[88,88,88,88,88,88,88,88,88,88,88,88,88,88,88,88,88,88,88,88,88,88,88,88,88,88,88,88,88,88,61,61,61,61],"card_choices":[{"not_picked":["Bloodletting","Evolve"],"picked":"Hemokinesis","floor":1},{"not_picked":["Rage","Body Slam","Wild Strike"],"picked":"SKIP","floor":2},{"not_picked":["Clash","Twin Strike"],"picked":"Headbutt","floor":3},{"not_picked":["Dropkick","Rage"],"picked":"Hemokinesis","floor":4},{"not_picked":["Rage","Perfected Strike"],"picked":"Second Wind","floor":5},{"not_picked":["Sword Boomerang","Reckless Charge"],"picked":"Searing Blow","floor":6},{"not_picked":["Thunderclap","Shrug It Off"],"picked":"Berserk","floor":8},{"not_picked":["Havoc","Reckless Charge"],"picked":"Thunderclap","floor":11},{"not_picked":["Fire Breathing","Sever Soul"],"picked":"Rampage","floor":13},{"not_picked":["Bludgeon","Double Tap+1"],"picked":"Reaper","floor":16},{"not_picked":["Reckless Charge","Evolve"],"picked":"Whirlwind+1","floor":18},{"not_picked":["Entrench+1","Pommel Strike"],"picked":"Thunderclap","floor":20},{"not_picked":["Perfected Strike","Iron Wave"],"picked":"Warcry+1","floor":21},{"not_picked":["Clothesline+1","Rage+1"],"picked":"Battle Trance+1","floor":23},{"not_picked":["Clothesline","Fiend Fire"],"picked":"Impervious+1","floor":25},{"not_picked":["Perfected Strike+1","Hemokinesis+1"],"picked":"Dual Wield+1","floor":28}],"player_experience":208300,"relics_obtained":[{"floor":6,"key":"Akabeko"},{"floor":9,"key":"Letter Opener"},{"floor":13,"key":"Toxic Egg 2"},{"floor":17,"key":"Bag of Marbles"},{"floor":17,"key":"Blue Candle"},{"floor":17,"key":"Unceasing Top"},{"floor":23,"key":"Smiling Mask"},{"floor":25,"key":"Girya"},{"floor":26,"key":"Art of War"}],"event_choices":[{"damage_healed":0,"gold_gain":0,"player_choice":"Ignored","damage_taken":0,"max_hp_gain":0,"max_hp_loss":0,"event_name":"Liars Game","floor":12,"gold_loss":0},{"damage_healed":0,"gold_gain":0,"player_choice":"Forge","damage_taken":0,"max_hp_gain":0,"max_hp_loss":0,"event_name":"Accursed Blacksmith","floor":14,"gold_loss":0,"cards_upgraded":["Searing Blow"]},{"damage_healed":0,"gold_gain":0,"player_choice":"Simplicity","damage_taken":0,"max_hp_gain":0,"max_hp_loss":0,"event_name":"Back to Basics","floor":22,"gold_loss":0,"cards_upgraded":["Strike_R","Strike_R","Strike_R","Strike_R","Strike_R","Defend_R","Defend_R","Defend_R","Defend_R"]},{"damage_healed":0,"gold_gain":0,"player_choice":"Became a vampire","damage_taken":0,"max_hp_gain":0,"max_hp_loss":27,"event_name":"Vampires","floor":31,"gold_loss":0,"cards_obtained":["Bite","Bite","Bite","Bite","Bite"]}],"is_beta":false,"boss_relics":[{"not_picked":["Runic Cube","Cursed Key"],"picked":"Calling Bell"}],"items_purged_floors":[29],"is_endless":false,"potions_floor_spawned":[1,3,8,13,18,21],"killed_by":"Automaton","ascension_level":1}}