{"host":"skr63qsdfgeey3it","time":1614221469,"event":{"mods":["BaseMod","Colored Map","Hubris","Minty Spire (QoL Compilation)","Monster B Gone","Reliquary","Replay The Spire","Spicy Shops","StSLib"],"gold_per_floor":[116,131,281,281,86,111,111,141,141,141,141,170,183,202,202,275,275,295,295,295,295,310,44,44,44,44],"floor_reached":25,"language":"ENG","playtime":1718,"items_purged":["Doubt"],"score":526,"play_id":"5d3c69f9-6d44-47d1-86ad-32e2c8f37aab","local_time":"20210224205109","is_ascension_mode":true,"campfire_choices":[{"data":"Chaos","floor":7,"key":"SMITH"},{"data":"Consume","floor":10,"key":"SMITH"},{"floor":15,"key":"DIG"}],"circlet_count":0,"master_deck":["AscendersBane","Strike_B","Strike_B","Strike_B","Defend_B","Defend_B+1","Defend_B+1","Defend_B","Zap","Dualcast","Hologram","Consume+1","Chaos+1","hubris:PowerSurge+1","Steam","Cold Snap","Self Repair","Cold Snap","Ball Lightning","Multi-Cast+1","Go for the Eyes+1","hubris:NaturalOne","Madness","Reprogram"],"relics":["Cracked Core","NeowsBlessing","hubris:Towel","Thread and Needle","reliquary:Aerogel","hubris:TinFlute","Toy Ornithopter","Gremlin Food","Ring of Chaos","hubris:Icosahedron","Guide Book"],"acts_visited":["Exordium","TheCity"],"potions_floor_usage":[8,8,8,16],"damage_taken":[{"damage":0,"enemies":"Cultist","floor":1,"turns":1},{"damage":0,"enemies":"Small Slimes","floor":2,"turns":1},{"damage":0,"enemies":"Lagavulin","floor":6,"turns":1},{"damage":5,"enemies":"3 Sentries","floor":8,"turns":10},{"damage":11,"enemies":"Gremlin Nob","floor":12,"turns":5},{"damage":3,"enemies":"2 Louse","floor":13,"turns":2},{"damage":0,"enemies":"Looter","floor":14,"turns":3},{"damage":0,"enemies":"The Guardian","floor":16,"turns":10},{"damage":4,"enemies":"3 Byrds","floor":18,"turns":3},{"damage":6,"enemies":"Chosen","floor":22,"turns":5},{"damage":0,"enemies":"Gremlin Leader","floor":25,"turns":1}],"seed_played":"4368768425654402185","potions_obtained":[{"floor":1,"key":"EntropicBrew"},{"floor":6,"key":"Venom Potion"},{"floor":12,"key":"FearPotion"},{"floor":18,"key":"SpeedPotion"}],"is_trial":false,"path_per_floor":["M","M","?","?","$","E","R","E","T","R","?","E","M","M","R_BF","B",null,"M","?","PTL","PTL","M","$","?","E"],"character_chosen":"DEFECT","items_purchased":["Chaos","hubris:PowerSurge","Madness","Guide Book"],"campfire_rested":0,"item_purchase_floors":[5,5,23,23],"current_hp_per_floor":[64,64,64,64,64,64,64,59,59,59,38,27,24,31,31,43,64,60,60,60,60,61,61,61,61,61],"gold":44,"neow_bonus":"THREE_ENEMY_KILL","is_daily":false,"chose_seed":false,"campfire_upgraded":2,"win_rate":0.0,"timestamp":1614221469,"path_taken":["M","?","?","?","$","E","R","E","T","R","?","E","?","M","R_BF","BOSS","M","?","PTL","PTL","M","$","?","E"],"items_purchased_type":["Card","Card","Card","Relic"],"build_version":"2020-12-22","purchased_purges":1,"victory":false,"max_hp_per_floor":[71,71,71,71,71,71,71,71,71,71,71,71,71,71,71,71,71,71,71,71,71,71,71,71,71,71],"card_choices":[{"not_picked":["Hello World","Panic Button"],"picked":"Hologram","floor":1},{"not_picked":["Go for the Eyes","Stack"],"picked":"Consume","floor":2},{"not_picked":["Darkness","Scrape"],"picked":"Steam","floor":6},{"not_picked":["Hologram","Steam"],"picked":"Cold Snap","floor":8},{"not_picked":["Gash","Storm"],"picked":"Self Repair","floor":12},{"not_picked":["Beam Cell","Reprogram"],"picked":"Cold Snap","floor":13},{"not_picked":["Panic Button","Leap"],"picked":"Ball Lightning","floor":14},{"not_picked":["All For One","Machine Learning"],"picked":"Multi-Cast","floor":16},{"not_picked":["Hologram","ReplaySolidLightProjector"],"picked":"Go for the Eyes+1","floor":18},{"not_picked":["Stack","Go for the Eyes","Reboot"],"picked":"SKIP","floor":22}],"player_experience":1008231,"relics_obtained":[{"floor":6,"key":"Thread and Needle"},{"floor":8,"key":"reliquary:Aerogel"},{"floor":9,"key":"hubris:TinFlute"},{"floor":12,"key":"Toy Ornithopter"},{"floor":15,"key":"Gremlin Food"}],"event_choices":[{"damage_healed":0,"gold_gain":150,"player_choice":"AGREE","damage_taken":0,"max_hp_gain":0,"max_hp_loss":0,"event_name":"Liars Game","floor":3,"gold_loss":0,"cards_obtained":["Doubt"]},{"damage_healed":0,"gold_gain":0,"player_choice":"Entered Light","damage_taken":21,"max_hp_gain":0,"max_hp_loss":0,"event_name":"Shining Light","floor":11,"gold_loss":0,"cards_upgraded":["Defend_B","Defend_B"]},{"damage_healed":0,"gold_gain":0,"cards_transformed":["Strike_B"],"player_choice":"Transformed","damage_taken":0,"max_hp_gain":0,"max_hp_loss":0,"event_name":"Transmorgrifier","floor":24,"gold_loss":0,"cards_obtained":["Reprogram"]}],"is_beta":false,"boss_relics":[{"not_picked":["hubris:Stopwatch","hubris:CrackedHourglass"],"picked":"Ring of Chaos"}],"items_purged_floors":[5],"is_endless":false,"potions_floor_spawned":[1,6,12,18],"killed_by":"Gremlin Leader","ascension_level":16}}