{"host":"flm17o2q7bfjyna6","time":1614279181,"event":{"mods":["2.2 Compatiblity","Act Like it!","BaseMod","Better Altar","Better Match","Better Note","Better Sensory Stone","Better Skull","Better Third Choice","Better Vampires","Colored Map","Colored Powertips","DeckTracker","Downfall","Fox Events","Minty Spire (QoL Compilation)","Quick Restart","Reworked Bosses","Spicy Shops","StSLib","TheSwordswoman","Wandering Minibosses"],"gold_per_floor":[99,115,115,131,185,185,185,185,635,635,660,133,33,208,226,226,226,226],"floor_reached":16,"language":"ENG","playtime":411,"items_purged":["downfall:Icky"],"score":115,"play_id":"46549c86-a9cc-487e-ab2c-bcfbc6def9a2","local_time":"20210225135301","is_ascension_mode":true,"campfire_choices":[{"data":"bronze:Hardcode","floor":1,"key":"SMITH"},{"data":"bronze:DazingPulse","floor":8,"key":"SMITH"},{"data":"bronze:Terminator","floor":10,"key":"SMITH"},{"data":"bronze:Separator","floor":13,"key":"SMITH"}],"circlet_count":0,"master_deck":["bronze:Strike","bronze:Strike","bronze:Strike","bronze:Defend","bronze:Defend","bronze:Defend","bronze:Defend","bronze:Replicate","bronze:Goto","bronze:Overheat+1","bronze:Overload","downfall:Icky","downfall:Icky","bronze:WhirlingStrike","bronze:ChosenStrike","Doubt","bronze:Flail","bronze:FunctionCard"],"relics":["bronze:BronzeCore","Strawberry","Centennial Puzzle","Happy Flower","Mercury Hourglass","TheAbacus","downfall:HeartBlessingGreen"],"acts_visited":["Exordium"],"potions_floor_usage":[16,16],"damage_taken":[{"damage":7,"enemies":"2 Louse","floor":2,"turns":3},{"damage":7,"enemies":"Jaw Worm","floor":4,"turns":3},{"damage":0,"enemies":"Jaw Worm","floor":6,"turns":1},{"damage":24,"enemies":"Gremlin Nob","floor":11,"turns":5},{"damage":5,"enemies":"downfall:FleeingMerchant","floor":12,"turns":4},{"damage":0,"enemies":"Small Slimes","floor":15,"turns":2},{"damage":33,"enemies":"WA_ARCHETYPE_RETAIN","floor":16,"turns":5}],"seed_played":"2911837032769593512","potions_obtained":[{"floor":11,"key":"sneckomod:MuddlingPotion"},{"floor":15,"key":"hexamod:SoulburnPotion"}],"is_trial":false,"path_per_floor":["R","M","?","M","T","?","T","R","?","R","E","$","R","?","M","B"],"character_chosen":"THE_AUTOMATON","items_purchased":["Mercury Hourglass","TheAbacus","bronze:ChosenStrike"],"campfire_rested":0,"item_purchase_floors":[12,12,12],"current_hp_per_floor":[70,63,57,50,57,57,57,57,57,57,33,28,28,28,28,0,0,0],"gold":226,"neow_bonus":"ONE_RANDOM_RARE_CARD","is_daily":false,"chose_seed":false,"campfire_upgraded":4,"win_rate":0.0,"timestamp":1614279181,"path_taken":["R","M","?","M","?","?","T","R","?","R","E","$","R","?","M","BOSS"],"items_purchased_type":["Relic","Relic","Card"],"build_version":"2020-12-22","purchased_purges":1,"victory":false,"max_hp_per_floor":[70,70,70,70,77,77,77,77,77,77,77,77,77,77,77,77,77,77],"card_choices":[{"not_picked":["bronze:BitShift","bronze:Turbo"],"picked":"bronze:Overheat","floor":2},{"not_picked":["bronze:WhirlingStrike","bronze:Overload"],"picked":"bronze:Terminator","floor":4},{"not_picked":[],"picked":"bronze:DazingPulse","floor":6},{"not_picked":["bronze:Shield","bronze:Branch"],"picked":"bronze:Overload","floor":6},{"not_picked":["bronze:OilSpill","bronze:ThunderWave"],"picked":"bronze:Separator","floor":11},{"not_picked":["bronze:WildBeam","bronze:Branch"],"picked":"bronze:WhirlingStrike","floor":12},{"not_picked":["bronze:Refactor","bronze:Repair"],"picked":"bronze:Flail","floor":15}],"player_experience":2012873,"relics_obtained":[{"floor":5,"key":"Strawberry"},{"floor":7,"key":"Centennial Puzzle"},{"floor":11,"key":"Happy Flower"}],"event_choices":[],"is_beta":false,"boss_relics":[],"items_purged_floors":[12],"is_endless":false,"potions_floor_spawned":[11,15],"killed_by":"WA_ARCHETYPE_RETAIN","ascension_level":4}}