{"host":"uioim0xrpyrmw01v","time":1614309118,"event":{"mods":["BaseMod","Minty Spire (QoL Compilation)"],"gold_per_floor":[119,69,69,69,84,84,84,117,117,150,79,79,110,122,134,241,253,280,472,261,303,1,1,20,20,20,30,55,99,127,147,147,249,249,290,7,62,87,129,129,157,169,169,169,25,70,96,111,111,111,111,111,30,30,30],"floor_reached":54,"language":"ENG","playtime":6224,"items_purged":["Strike_P"],"score":989,"play_id":"e070e4c4-678f-45da-b1b6-5a32bcc5b171","local_time":"20210225191158","is_ascension_mode":true,"campfire_choices":[{"data":"Eruption","floor":6,"key":"SMITH"},{"data":"Wish","floor":12,"key":"SMITH"},{"floor":15,"key":"REST"},{"data":"Consecrate","floor":23,"key":"SMITH"},{"floor":25,"key":"REST"},{"floor":32,"key":"REST"},{"floor":40,"key":"REST"},{"floor":44,"key":"REST"},{"floor":49,"key":"RECALL"},{"data":"EmptyMind","floor":52,"key":"SMITH"}],"circlet_count":0,"master_deck":["Strike_P","Strike_P","Defend_P+1","Defend_P+1","Defend_P+1","Eruption+1","Vigilance+1","ThirdEye+1","CutThroughFate","Protect+1","Wish+1","Wireheading+1","Devotion+1","Brilliance+1","Crescendo","LessonLearned+1","DeceiveReality+1","Consecrate+1","DevaForm+1","WheelKick+1","FearNoEvil","Injury","EmptyBody+1","Weave+1","EmptyMind+1","Conclude+1","Tantrum+1","Brilliance","Prostrate+1","Study+1","WheelKick+1","Clumsy","MentalFortress+1","Wallop+1","Sanctity","BattleHymn+1"],"relics":["HolyWater","NeowsBlessing","Mummified Hand","Oddly Smooth Stone","Frozen Egg 2","Thread and Needle","MawBank","Cursed Key","Blue Candle","War Paint","Bronze Scales","Regal Pillow","Ice Cream","Omamori","Yang","GoldenEye"],"acts_visited":["Exordium","TheCity","TheBeyond","TheEnding"],"potions_floor_usage":[10,28,28,30,30,31,37,47,50,50,54],"damage_taken":[{"damage":0,"enemies":"2 Louse","floor":1,"turns":1},{"damage":0,"enemies":"Jaw Worm","floor":5,"turns":1},{"damage":0,"enemies":"Gremlin Nob","floor":8,"turns":1},{"damage":39,"enemies":"Lagavulin","floor":10,"turns":5},{"damage":15,"enemies":"Gremlin Nob","floor":13,"turns":4},{"damage":27,"enemies":"The Guardian","floor":16,"turns":11},{"damage":6,"enemies":"2 Thieves","floor":18,"turns":4},{"damage":0,"enemies":"Spheric Guardian","floor":21,"turns":5},{"damage":3,"enemies":"3 Cultists","floor":24,"turns":8},{"damage":9,"enemies":"Cultist and Chosen","floor":27,"turns":4},{"damage":28,"enemies":"Book of Stabbing","floor":28,"turns":6},{"damage":0,"enemies":"Centurion and Healer","floor":29,"turns":6},{"damage":7,"enemies":"Gremlin Leader","floor":30,"turns":5},{"damage":1,"enemies":"Shelled Parasite and Fungi","floor":31,"turns":3},{"damage":12,"enemies":"Champ","floor":33,"turns":12},{"damage":5,"enemies":"3 Shapes","floor":35,"turns":5},{"damage":27,"enemies":"2 Orb Walkers","floor":37,"turns":5},{"damage":0,"enemies":"Orb Walker","floor":39,"turns":4},{"damage":11,"enemies":"Reptomancer","floor":41,"turns":5},{"damage":6,"enemies":"Spire Growth","floor":42,"turns":6},{"damage":0,"enemies":"Maw","floor":46,"turns":6},{"damage":3,"enemies":"Nemesis","floor":47,"turns":5},{"damage":1,"enemies":"Writhing Mass","floor":48,"turns":5},{"damage":17,"enemies":"Awakened One","floor":50,"turns":7},{"damage":76,"enemies":"Shield and Spear","floor":54,"turns":2}],"seed_played":"3059971503731265357","potions_obtained":[{"floor":1,"key":"Regen Potion"},{"floor":16,"key":"FearPotion"},{"floor":24,"key":"GamblersBrew"},{"floor":28,"key":"BlessingOfTheForge"},{"floor":29,"key":"Swift Potion"},{"floor":30,"key":"Regen Potion"},{"floor":42,"key":"Swift Potion"},{"floor":47,"key":"AttackPotion"},{"floor":48,"key":"StancePotion"}],"is_trial":false,"path_per_floor":["M","?","?","$","M","R","T","E","T","E","$","R","E","$","R","B",null,"M","?","$","M","$","R","M","R","T","M","E","M","E","M","R","B",null,"M","$","?","T","M","R","E","M","T","R","$","M","E","M","R","B",null,"R","$","E"],"character_chosen":"WATCHER","items_purchased":["Wireheading+1","LessonLearned","DeceiveReality","DevaForm+1","WheelKick","Study+1","Regal Pillow","PowerPotion","MentalFortress+1","StancePotion","BattleHymn+1"],"campfire_rested":5,"item_purchase_floors":[11,20,20,22,22,36,36,36,45,45,53],"current_hp_per_floor":[72,72,65,65,65,65,65,65,65,38,38,38,23,23,44,17,58,52,33,33,33,33,33,30,51,51,42,14,14,7,15,36,24,60,55,55,28,28,28,64,53,47,47,72,72,72,69,68,68,51,67,67,67,0,0],"gold":30,"neow_bonus":"THREE_ENEMY_KILL","is_daily":false,"chose_seed":false,"campfire_upgraded":4,"win_rate":0.0,"timestamp":1614309118,"path_taken":["M","?","?","$","?","R","?","E","T","E","?","R","E","$","R","BOSS","M","?","?","M","$","R","M","R","T","M","E","?","E","M","R","BOSS","M","$","?","?","?","R","E","M","T","R","?","M","E","M","R","BOSS","R","$","E"],"items_purchased_type":["Card","Card","Card","Card","Card","Card","Relic","Potion","Card","Potion","Card"],"build_version":"2020-12-22","purchased_purges":1,"victory":false,"max_hp_per_floor":[72,72,72,72,72,72,72,72,72,72,72,72,72,72,72,72,72,72,72,72,72,72,72,72,72,72,72,72,72,72,72,72,72,72,72,72,72,72,72,72,72,72,72,72,72,72,72,72,72,72,72,72,72,72,72],"card_choices":[{"not_picked":["SignatureMove","SashWhip"],"picked":"ThirdEye","floor":1},{"not_picked":["CrushJoints","Protect"],"picked":"CutThroughFate","floor":5},{"not_picked":["ConjureBlade","Adaptation"],"picked":"Protect","floor":8},{"not_picked":["Protect","Prostrate"],"picked":"Wish","floor":10},{"not_picked":["Wish","EmptyMind"],"picked":"Devotion+1","floor":13},{"not_picked":["Judgement","Blasphemy"],"picked":"Brilliance","floor":16},{"not_picked":["Evaluate","CrushJoints+1"],"picked":"Crescendo","floor":18},{"not_picked":["Crescendo","ThirdEye"],"picked":"Consecrate","floor":21},{"not_picked":["ClearTheMind","FlyingSleeves"],"picked":"FearNoEvil","floor":24},{"not_picked":["Crescendo","FollowUp"],"picked":"EmptyBody+1","floor":27},{"not_picked":["FlyingSleeves","Prostrate"],"picked":"Weave","floor":28},{"not_picked":["SignatureMove","Halt"],"picked":"EmptyMind","floor":29},{"not_picked":["Protect+1","FlyingSleeves+1"],"picked":"Conclude","floor":30},{"not_picked":["FlyingSleeves","PathToVictory"],"picked":"Tantrum","floor":31},{"not_picked":["Blasphemy","Ragnarok"],"picked":"Brilliance","floor":33},{"not_picked":["Adaptation+1","ThirdEye+1"],"picked":"Prostrate+1","floor":35},{"not_picked":["SashWhip+1","Crescendo"],"picked":"WheelKick+1","floor":37},{"not_picked":["SashWhip","Crescendo","PathToVictory+1"],"picked":"SKIP","floor":39},{"not_picked":["Consecrate+1","ClearTheMind","FlyingSleeves+1"],"picked":"SKIP","floor":41},{"not_picked":["Consecrate","Wish","WheelKick"],"picked":"SKIP","floor":42},{"not_picked":["InnerPeace","CrushJoints"],"picked":"Wallop+1","floor":46},{"not_picked":["LessonLearned","FollowUp+1","Halt+1"],"picked":"SKIP","floor":47},{"not_picked":["EmptyFist+1","Halt"],"picked":"Sanctity","floor":48}],"player_experience":194283,"relics_obtained":[{"floor":7,"key":"Mummified Hand"},{"floor":8,"key":"Oddly Smooth Stone"},{"floor":9,"key":"Frozen Egg 2"},{"floor":10,"key":"Thread and Needle"},{"floor":13,"key":"MawBank"},{"floor":26,"key":"Blue Candle"},{"floor":28,"key":"War Paint"},{"floor":30,"key":"Bronze Scales"},{"floor":37,"key":"Ice Cream"},{"floor":41,"key":"Omamori"},{"floor":43,"key":"Yang"},{"floor":47,"key":"GoldenEye"}],"event_choices":[{"cards_removed":["Strike_P"],"damage_healed":0,"gold_gain":0,"player_choice":"Card Removal","damage_taken":0,"max_hp_gain":0,"max_hp_loss":0,"event_name":"The Cleric","floor":2,"gold_loss":50},{"cards_removed":["Defend_P"],"damage_healed":0,"gold_gain":0,"player_choice":"Card Removal","damage_taken":7,"max_hp_gain":0,"max_hp_loss":0,"event_name":"Golden Wing","floor":3,"gold_loss":0},{"damage_healed":0,"gold_gain":180,"player_choice":"GOLD GOLD ","damage_taken":19,"max_hp_gain":0,"max_hp_loss":0,"event_name":"Knowing Skull","floor":19,"potions_obtained":[],"gold_loss":0,"cards_obtained":[]},{"damage_healed":0,"gold_gain":0,"player_choice":"Fight","damage_taken":0,"max_hp_gain":0,"max_hp_loss":0,"event_name":"Mysterious Sphere","floor":37,"gold_loss":0}],"is_beta":false,"boss_relics":[{"not_picked":["Sozu","VioletLotus"],"picked":"Cursed Key"},{"not_picked":["Black Star","Velvet Choker"],"picked":"HolyWater"}],"items_purged_floors":[22],"is_endless":false,"potions_floor_spawned":[1,16,24,28,29,30,42,47,48],"killed_by":"Shield and Spear","ascension_level":5}}