{"host":"2162l6swvnky91ct","time":1614290413,"event":{"mods":["AchievementEnabler","BaseMod","Downfall","Hermit","Marisa????????","Minty Spire (QoL Compilation)","Replay The Spire","StSLib","The Cursed","The Servant 0.9.4"],"gold_per_floor":[99,99,116,133,133,133,133,151,61,71,71,86,121,138,150,150,150,150],"floor_reached":16,"language":"ENG","playtime":996,"items_purged":["Overencumbered"],"score":104,"play_id":"804f79a5-8a2a-4824-9e72-6451b8de1bd5","local_time":"20210225230013","is_ascension_mode":false,"campfire_choices":[{"floor":1,"key":"RECALL"},{"data":"bronze:ForLoop","floor":6,"key":"SMITH"},{"floor":11,"key":"REST"}],"circlet_count":0,"master_deck":["bronze:Strike","bronze:Strike","bronze:Strike","bronze:Strike","bronze:Defend","bronze:Defend","bronze:Defend","bronze:Replicate","bronze:Goto","bronze:CloningBeam","bronze:DigitalCarnage","bronze:ShipIt","bronze:ForLoop+1","bronze:Boost","bronze:Repulsor","bronze:Fortify","bronze:MaxOutput","bronze:ChosenStrike","bronze:ItsAFeature"],"relics":["bronze:BronzeCore","Bottled Flame","Matryoshka"],"acts_visited":["Exordium"],"potions_floor_usage":[],"damage_taken":[{"damage":9,"enemies":"Jaw Worm","floor":3,"turns":4},{"damage":0,"enemies":"Cultist","floor":4,"turns":4},{"damage":0,"enemies":"Small Slimes","floor":8,"turns":2},{"damage":0,"enemies":"downfall:FleeingMerchant","floor":9,"turns":4},{"damage":19,"enemies":"Blue Slaver","floor":10,"turns":4},{"damage":0,"enemies":"Large Slime","floor":12,"turns":2},{"damage":6,"enemies":"Gremlin Nob","floor":13,"turns":3},{"damage":28,"enemies":"Lots of Slimes","floor":14,"turns":5},{"damage":15,"enemies":"Exordium Wildlife","floor":15,"turns":2},{"damage":23,"enemies":"IC_STATUS_ARCHETYPE","floor":16,"turns":2}],"seed_played":"-7755865362210326781","potions_obtained":[{"floor":3,"key":"Venom Potion"},{"floor":8,"key":"Adrenaline Potion"},{"floor":13,"key":"BlessingOfTheForge"},{"floor":15,"key":"ColorlessPotion"}],"is_trial":false,"path_per_floor":["R","?","M","M","?","R","T","M","$","M","R","M","E","M","M","B"],"character_chosen":"THE_AUTOMATON","items_purchased":[],"campfire_rested":1,"item_purchase_floors":[],"current_hp_per_floor":[77,77,68,68,68,68,68,68,68,49,72,72,66,38,23,0,0,0],"gold":150,"neow_bonus":"TEN_PERCENT_HP_BONUS","is_daily":false,"chose_seed":false,"campfire_upgraded":1,"win_rate":0.0,"timestamp":1614290413,"path_taken":["R","?","M","?","?","R","T","M","$","M","R","M","E","M","M","BOSS"],"items_purchased_type":[],"build_version":"2020-12-22","purchased_purges":1,"victory":false,"max_hp_per_floor":[77,77,77,77,77,77,77,77,77,77,77,77,77,77,77,77,77,77],"card_choices":[{"not_picked":["bronze:Repulsor","bronze:BitShift"],"picked":"bronze:CloningBeam","floor":3},{"not_picked":["bronze:DarkDash","bronze:WildBeam"],"picked":"bronze:DigitalCarnage","floor":4},{"not_picked":["bronze:WhirlingStrike","bronze:Turbo"],"picked":"bronze:Boost","floor":8},{"not_picked":["bronze:BitShift","bronze:BuggyMess"],"picked":"bronze:Repulsor","floor":9},{"not_picked":["bronze:CutThrough","bronze:BronzeArmor"],"picked":"bronze:Fortify","floor":10},{"not_picked":["bronze:BuggyMess","bronze:Backtrace"],"picked":"bronze:MaxOutput","floor":12},{"not_picked":["bronze:Iterate","bronze:GetLatest"],"picked":"bronze:ChosenStrike","floor":13},{"not_picked":["bronze:Shield","bronze:Deprecate","bronze:DelayedGuard"],"picked":"SKIP","floor":14},{"not_picked":["bronze:Turbo","bronze:FollowUp"],"picked":"bronze:ItsAFeature","floor":15}],"player_experience":151555,"relics_obtained":[{"floor":7,"key":"Bottled Flame"},{"floor":13,"key":"Matryoshka"}],"event_choices":[{"cards_removed":["bronze:Defend"],"damage_healed":0,"gold_gain":0,"player_choice":"Offered Basic","damage_taken":0,"max_hp_gain":0,"max_hp_loss":0,"event_name":"Bonfire Elementals","floor":2,"gold_loss":0}],"is_beta":false,"boss_relics":[],"items_purged_floors":[9],"is_endless":false,"potions_floor_spawned":[3,8,13,15],"killed_by":"IC_STATUS_ARCHETYPE","ascension_level":0}}