{"host":"qrfkyfrpo74atslb","time":1614215267,"event":{"mods":["Astrologer","Bartender","BaseMod","Beaked The Cultist","Better Note","Better Third Choice","CapriCore","Colored Map","Colored Powertips","Conspire","DeckTracker","Downfall","GungeonMod","Hermit","Hero for Fun","Hubris","Koishi","LagranYue(???·?)","Mad Scientist","Marisa????????","Minty Spire (QoL Compilation)","Prisma Mod","Reimu??????","Remilia??????","StSLib","The Administrix","The Alterego","The Bladedancer","The Cursed","The Gatherer","The Immortal","The Mystic","The Necromancer","The Runesmith","The Servant 0.9.4","The Wild Card","TheSwordswoman","WarShipGirlsR/????R mod","Yakumo Yukari mod","Yuyuko"],"gold_per_floor":[113,113,113,128,138,166,176,146,146,146,31,44,58,58,58,187,187,203,163,163,163,163,163],"floor_reached":22,"language":"ENG","playtime":1078,"items_purged":[],"score":186,"play_id":"612c7ead-30d8-4cb0-90ec-e39531bd487f","local_time":"20210225140747","is_ascension_mode":false,"campfire_choices":[{"floor":10,"key":"REST"},{"floor":15,"key":"REST"}],"circlet_count":0,"master_deck":["Runesmith:Strike_RS","Runesmith:Strike_RS","Runesmith:Strike_RS","Runesmith:Strike_RS","Runesmith:Defend_RS","Runesmith:Defend_RS","Runesmith:Defend_RS","Runesmith:Defend_RS","Runesmith:CraftFirestone","Runesmith:Fortify","downfall:Haunted","Runesmith:HeatedChisel","Runesmith:HammerThrow+1","Runesmith:Firestorm+1","Runesmith:Retool","Runesmith:ChaoticBlast","Runesmith:CraftProtectio","Runesmith:HammerThrow","Runesmith:Grindstone","Runesmith:Supernova","Runesmith:CraftPrismatica","Pain","Runesmith:Firewall"],"relics":["Runesmith:BrokenRuby","LagranYue:RandomDrawCardRelic","LagranYue:RareGoldArmorRelic","DemoMod:DecoyRelic","hubris:Towel","Runesmith:AutoHammer","hubris:DeckOfHolding","DemoMod:GnawedKey","Golden Idol","Fusion Hammer","WarpedTongs"],"acts_visited":["Exordium","TheCity"],"potions_floor_usage":[6,16,16],"damage_taken":[{"damage":9,"enemies":"Cultist","floor":1,"turns":4},{"damage":0,"enemies":"Small Slimes","floor":4,"turns":2},{"damage":0,"enemies":"2 Louse","floor":5,"turns":3},{"damage":20,"enemies":"3 Sentries","floor":6,"turns":8},{"damage":29,"enemies":"Exordium Wildlife","floor":7,"turns":4},{"damage":0,"enemies":"Looter","floor":8,"turns":4},{"damage":10,"enemies":"Blue Slaver","floor":12,"turns":4},{"damage":12,"enemies":"Red Slaver","floor":13,"turns":5},{"damage":24,"enemies":"The Guardian","floor":16,"turns":13},{"damage":29,"enemies":"3 Byrds","floor":18,"turns":4},{"damage":23,"enemies":"conspire:FuzzyDice","floor":21,"turns":5},{"damage":24,"enemies":"Shelled Parasite and Fungi","floor":22,"turns":2}],"seed_played":"3315228384446161637","potions_obtained":[{"floor":1,"key":"Dexterity Potion"},{"floor":5,"key":"DistilledChaos"},{"floor":6,"key":"Weak Potion"},{"floor":16,"key":"bronze:BurnAndBuffPotion"}],"is_trial":false,"path_per_floor":["M","T","?","M","M","E","M","M","T","R","$","M","M","?","R","B",null,"M","?","?","M","M"],"character_chosen":"RUNESMITH_CLASS","items_purchased":["DemoMod:GnawedKey"],"campfire_rested":2,"item_purchase_floors":[11],"current_hp_per_floor":[61,61,61,61,61,41,12,12,12,33,33,23,11,11,30,6,65,36,36,36,13,0,0],"gold":163,"neow_bonus":"ONE_RARE_RELIC","is_daily":false,"chose_seed":false,"campfire_upgraded":0,"win_rate":0.0,"timestamp":1614215267,"path_taken":["M","?","?","M","M","E","M","M","T","R","$","M","M","?","R","BOSS","M","?","?","M","M"],"items_purchased_type":["Relic"],"build_version":"2020-12-22","purchased_purges":0,"victory":false,"max_hp_per_floor":[70,70,70,70,70,70,70,70,70,70,70,70,70,65,65,65,65,65,65,65,65,65,65],"card_choices":[{"not_picked":["Runesmith:UnstableHammer","Runesmith:MakeshiftArmor"],"picked":"Runesmith:HeatedChisel","floor":1},{"not_picked":["Runesmith:BackupBattery","Runesmith:ShiftingStrike"],"picked":"Runesmith:HammerThrow","floor":4},{"not_picked":["Runesmith:HeatedChisel","Runesmith:RuneHurl"],"picked":"Runesmith:Firestorm","floor":5},{"not_picked":["Runesmith:CraftObretio","Runesmith:Repurpose"],"picked":"Runesmith:Retool","floor":6},{"not_picked":["Runesmith:CraftReservo","Runesmith:BackupBattery"],"picked":"Runesmith:ChaoticBlast","floor":7},{"not_picked":["Runesmith:ShiftingStrike","Runesmith:HeatedChisel"],"picked":"Runesmith:CraftProtectio","floor":8},{"not_picked":["Runesmith:StaticCage","Runesmith:GenerateForcefield"],"picked":"Runesmith:HammerThrow","floor":12},{"not_picked":["Runesmith:ShiftingStrike","Runesmith:MakeshiftArmor"],"picked":"Runesmith:Grindstone","floor":13},{"not_picked":["Runesmith:GrandSlam","Runesmith:GenerateForcefield"],"picked":"Runesmith:Supernova","floor":16},{"not_picked":["Runesmith:EnergizedChisel","Runesmith:HeatedChisel"],"picked":"Runesmith:CraftPrismatica","floor":18},{"not_picked":["Runesmith:Firestorm","Runesmith:ShiftingStrike"],"picked":"Runesmith:Firewall","floor":21},{"not_picked":["Runesmith:HeatedChisel","Runesmith:StaticCage","Runesmith:EnergizedChisel"],"picked":"SKIP","floor":21}],"player_experience":137342,"relics_obtained":[{"floor":2,"key":"DemoMod:DecoyRelic"},{"floor":6,"key":"Runesmith:AutoHammer"},{"floor":9,"key":"hubris:DeckOfHolding"}],"event_choices":[{"damage_healed":0,"gold_gain":0,"player_choice":"Lose Max HP","damage_taken":0,"relics_obtained":["Golden Idol"],"max_hp_gain":0,"max_hp_loss":5,"event_name":"Golden Idol","floor":14,"gold_loss":0},{"damage_healed":0,"gold_gain":0,"player_choice":"Upgraded Two","damage_taken":0,"max_hp_gain":0,"max_hp_loss":0,"event_name":"Designer","floor":19,"gold_loss":40,"cards_upgraded":["Runesmith:HammerThrow","Runesmith:Firestorm"]},{"damage_healed":0,"gold_gain":0,"player_choice":"Rummage","damage_taken":0,"relics_obtained":["WarpedTongs"],"max_hp_gain":0,"max_hp_loss":0,"event_name":"Accursed Blacksmith","floor":20,"gold_loss":0,"cards_obtained":["Pain"]}],"is_beta":false,"boss_relics":[{"not_picked":["SacredBark","Tiny House"],"picked":"Fusion Hammer"}],"items_purged_floors":[],"is_endless":false,"potions_floor_spawned":[1,5,6,16],"killed_by":"Shelled Parasite and Fungi","ascension_level":0}}