{"host":"d7y1n6cxafpq47nx","time":1614241934,"event":{"mods":["BaseMod","Downfall","Marisa£®ÏF”Í°°ƒß¿Ì…≥£©","Minty Spire (QoL Compilation)","Remilia£®¿Ÿ√◊¿Ú—«£©","StSLib","The Bug Knight","The Servant 0.9.4"],"gold_per_floor":[115,115,134,152,169,169,169,169,194,206,206,217,246,1,1,105,105,117,117,131,131,131],"floor_reached":21,"language":"ZHS","playtime":1213,"items_purged":[],"score":181,"play_id":"9bda1554-9b6c-47f4-b277-16ab6b52a767","local_time":"20210225163214","is_ascension_mode":false,"campfire_choices":[{"data":"HollowMod:MothsMistake","floor":6,"key":"SMITH"},{"data":"HollowMod:HeavyBlow","floor":8,"key":"SMITH"},{"floor":11,"key":"REST"},{"floor":15,"key":"REST"}],"circlet_count":0,"master_deck":["HollowMod:NailStrikeStart","HollowMod:NailStrikeStart","HollowMod:NailStrikeStart","HollowMod:QuickDashStart","HollowMod:QuickDashStart","HollowMod:QuickDashStart","HollowMod:QuickDashStart","HollowMod:FocusHealStart","HollowMod:PogoStrike","HollowMod:HeavyBlow+1","HollowMod:InfectionAssault","HollowMod:MothsMistake+1","HollowMod:PerfectDash","HollowMod:SoulVessel","HollowMod:SoulStrike","HollowMod:TaintedHusks","HollowMod:InfectedCysts","HollowMod:SharpenedNail","HollowMod:NewGlowingWomb","HollowMod:PerfectDash","HollowMod:SoulMaster","HollowMod:Grubsong","downfall:Bewildered","HollowMod:SoulEater"],"relics":["HollowMod:VesselMask","NeowsBlessing","Pen Nib","Potion Belt","Dream Catcher","Black Star","sneckomod:BabySnecko"],"acts_visited":["Exordium","TheCity"],"potions_floor_usage":[13,16,16,18],"damage_taken":[{"damage":0,"enemies":"Jaw Worm","floor":1,"turns":1},{"damage":0,"enemies":"Cultist","floor":3,"turns":1},{"damage":0,"enemies":"Small Slimes","floor":4,"turns":1},{"damage":12,"enemies":"Looter","floor":5,"turns":3},{"damage":19,"enemies":"Blue Slaver","floor":10,"turns":3},{"damage":18,"enemies":"3 Louse","floor":12,"turns":3},{"damage":11,"enemies":"Gremlin Nob","floor":13,"turns":3},{"damage":43,"enemies":"The Guardian","floor":16,"turns":9},{"damage":36,"enemies":"2 Thieves","floor":18,"turns":3},{"damage":16,"enemies":"Chosen","floor":20,"turns":4},{"damage":29,"enemies":"Snecko","floor":21,"turns":3}],"seed_played":"3385783694611374369","potions_obtained":[{"floor":5,"key":"BlessingOfTheForge"},{"floor":10,"key":"SteroidPotion"},{"floor":12,"key":"Fire Potion"},{"floor":13,"key":"Regen Potion"},{"floor":16,"key":"DistilledChaos"},{"floor":20,"key":"SpeedPotion"}],"is_trial":false,"path_per_floor":["M","?","M","M","M","R","?","R","T","M","R","M","E","$","R","B",null,"M","?","M","M"],"character_chosen":"THE_BUGKNIGHT","items_purchased":["HollowMod:SharpenedNail","Dream Catcher","HollowMod:NewGlowingWomb"],"campfire_rested":2,"item_purchase_floors":[14,14,14],"current_hp_per_floor":[75,75,75,75,63,63,68,68,68,55,79,67,56,56,80,55,80,44,44,28,0,0],"gold":131,"neow_bonus":"THREE_ENEMY_KILL","is_daily":false,"chose_seed":false,"campfire_upgraded":2,"win_rate":0.0,"timestamp":1614241934,"path_taken":["M","?","M","?","M","R","?","R","T","M","R","M","E","$","R","BOSS","M","?","M","M"],"items_purchased_type":["Card","Relic","Card"],"build_version":"2020-12-22","purchased_purges":0,"victory":false,"max_hp_per_floor":[75,75,75,75,75,75,80,80,80,80,80,80,80,80,80,80,80,80,80,80,80,80],"card_choices":[{"not_picked":["HollowMod:ShadowDash","HollowMod:GoodIntentions"],"picked":"HollowMod:HeavyBlow","floor":1},{"not_picked":["HollowMod:HuntersJournal","HollowMod:DashSlash"],"picked":"HollowMod:MothsMistake","floor":3},{"not_picked":["HollowMod:DreamGate","HollowMod:DashSlash"],"picked":"HollowMod:PerfectDash","floor":4},{"not_picked":["HollowMod:DashSlash","HollowMod:MothsMistake"],"picked":"HollowMod:SoulVessel","floor":5},{"not_picked":["HollowMod:ChannelNail","HollowMod:DreamGate"],"picked":"HollowMod:SoulStrike","floor":10},{"not_picked":["HollowMod:SiblingsShadow","HollowMod:NewJinnsSoul"],"picked":"HollowMod:TaintedHusks","floor":12},{"not_picked":["HollowMod:NewLittleFool","HollowMod:MantisMark"],"picked":"HollowMod:InfectedCysts","floor":13},{"not_picked":["HollowMod:BlackTendrils","HollowMod:RecoilStrike"],"picked":"HollowMod:PerfectDash","floor":15},{"not_picked":["HollowMod:NewInfectedGuardian","HollowMod:AwokenDreamNail"],"picked":"HollowMod:SoulMaster","floor":16},{"not_picked":["HollowMod:DoubleDash","HollowMod:NewJinnsSoul+1"],"picked":"HollowMod:Grubsong","floor":18},{"not_picked":["HollowMod:PerfectDash","HollowMod:CloakDash+1"],"picked":"HollowMod:SoulEater","floor":20}],"player_experience":88556,"relics_obtained":[{"floor":9,"key":"Pen Nib"},{"floor":13,"key":"Potion Belt"}],"event_choices":[{"damage_healed":0,"gold_gain":0,"cards_transformed":["HollowMod:NailStrikeStart"],"player_choice":"Transformed","damage_taken":0,"max_hp_gain":0,"max_hp_loss":0,"event_name":"Transmorgrifier","floor":2,"gold_loss":0,"cards_obtained":["HollowMod:InfectionAssault"]},{"damage_healed":0,"gold_gain":0,"player_choice":"Donut","damage_taken":0,"max_hp_gain":5,"max_hp_loss":0,"event_name":"Big Fish","floor":7,"gold_loss":0}],"is_beta":false,"boss_relics":[{"not_picked":["Snecko Eye","Fusion Hammer"],"picked":"Black Star"}],"items_purged_floors":[],"is_endless":false,"potions_floor_spawned":[5,10,12,13,16,20],"killed_by":"Snecko","ascension_level":0}}