{"host":"l2dnabsh5e0fsksb","time":1614253213,"event":{"mods":["2.2 Compatiblity","BaseMod","Downfall","Minty Spire (QoL Compilation)","Quick Restart","StSLib"],"gold_per_floor":[99,99,99,99,99,99,122,148,160,191,366,131,156,168,186,186,186,186],"floor_reached":16,"language":"ENG","playtime":423,"items_purged":["Doubt"],"score":180,"play_id":"248d42b5-d003-456f-8abb-6d67fd873704","local_time":"20210225221013","is_ascension_mode":true,"campfire_choices":[{"floor":1.0,"key":"RECALL"},{"data":"hexamod:GhostOfSpireFuture","floor":6.0,"key":"SMITH"}],"circlet_count":0,"master_deck":["AscendersBane","hexamod:Strike","hexamod:Strike","hexamod:Strike","hexamod:Strike","hexamod:Defend","hexamod:Defend","hexamod:Defend","hexamod:Defend","hexamod:Sear","hexamod:Float","hexamod:GhostOfSpireFuture+1","hexamod:SpectersWail","hexamod:FlamesFromBeyond","hexamod:WildfireWeapon","hexamod:Firestarter","hexamod:BurningTouch","hexamod:EmpoweredFlame","hexamod:SkipABeat","hexamod:RadiantFlame","hexamod:SpectersWail","hexamod:InspiringFlames"],"relics":["hexamod:SpiritBrand","downfall:HeartsMalice","Blue Candle","Dream Catcher","MealTicket","PreservedInsect"],"acts_visited":["Exordium"],"potions_floor_usage":[15],"damage_taken":[{"damage":0.0,"enemies":"Cultist","floor":2.0,"turns":1.0},{"damage":0.0,"enemies":"Small Slimes","floor":3.0,"turns":1.0},{"damage":0.0,"enemies":"Jaw Worm","floor":4.0,"turns":1.0},{"damage":10.0,"enemies":"3 Sentries","floor":8.0,"turns":5.0},{"damage":6.0,"enemies":"Exordium Wildlife","floor":9.0,"turns":3.0},{"damage":8.0,"enemies":"Gremlin Nob","floor":10.0,"turns":3.0},{"damage":0.0,"enemies":"downfall:FleeingMerchant","floor":12.0,"turns":4.0},{"damage":4.0,"enemies":"Red Slaver","floor":14.0,"turns":3.0},{"damage":11,"enemies":"Lots of Slimes","floor":15,"turns":3},{"damage":24,"enemies":"DF_ARCHETYPE_STREAMLINE","floor":16,"turns":3}],"seed_played":"678508411328672111","potions_obtained":[{"floor":8.0,"key":"Energy Potion"},{"floor":10.0,"key":"Block Potion"},{"floor":14.0,"key":"ColorlessPotion"}],"is_trial":false,"path_per_floor":["R","M","M","M","?","R","T","E","M","E","?","$","T","M","M","B"],"character_chosen":"THE_SPIRIT","items_purchased":["MealTicket"],"campfire_rested":0,"item_purchase_floors":[12],"current_hp_per_floor":[57,57,57,57,57,57,57,47,41,33,33,33,33,29,18,0,0,0],"gold":186,"neow_bonus":"THREE_ENEMY_KILL","is_daily":false,"chose_seed":false,"campfire_upgraded":1,"win_rate":0.0,"timestamp":1614253213,"path_taken":["R","M","?","M","?","R","T","E","?","E","?","$","?","M","M","BOSS"],"items_purchased_type":["Relic"],"build_version":"2020-12-22","purchased_purges":1,"victory":false,"max_hp_per_floor":[63,63,63,63,63,63,63,63,63,63,63,63,63,63,63,63,63,63],"card_choices":[{"not_picked":["hexamod:PowerFromBeyond","hexamod:HauntingEcho"],"picked":"hexamod:GhostOfSpireFuture","floor":2.0},{"not_picked":["hexamod:AdvancingGuard","hexamod:CatchUp"],"picked":"hexamod:SpectersWail","floor":3.0},{"not_picked":["hexamod:Rewind","hexamod:SkipABeat"],"picked":"hexamod:FlamesFromBeyond","floor":4.0},{"not_picked":["hexamod:SpectralSpark","hexamod:PhantomFireball"],"picked":"hexamod:BurningTouch","floor":8.0},{"not_picked":["hexamod:RetreatToShadows","hexamod:ChargedBarrage"],"picked":"hexamod:EmpoweredFlame","floor":9.0},{"not_picked":["hexamod:SecondSeal","hexamod:EtherealExpedition"],"picked":"hexamod:SkipABeat","floor":10.0},{"not_picked":["hexamod:SecondSeal","hexamod:NightmareStrike"],"picked":"hexamod:RadiantFlame","floor":12.0},{"not_picked":["hexamod:RecurringNightmare","hexamod:FastForward"],"picked":"hexamod:SpectersWail","floor":14.0},{"not_picked":["hexamod:FastForward","hexamod:Firestarter"],"picked":"hexamod:InspiringFlames","floor":15}],"player_experience":1976611,"relics_obtained":[{"floor":8.0,"key":"Blue Candle"},{"floor":10.0,"key":"Dream Catcher"},{"floor":13.0,"key":"PreservedInsect"}],"event_choices":[],"is_beta":false,"boss_relics":[],"items_purged_floors":[12],"is_endless":false,"potions_floor_spawned":[8,10,14],"killed_by":"DF_ARCHETYPE_STREAMLINE","ascension_level":14}}