{"host":"rolltorest","time":1614220957,"event":{"mods":["BaseMod","Minty Spire (QoL Compilation)","Relic Stats","Slay the Relics Exporter","StSLib"],"gold_per_floor":[16,16,93,109,121,155,155,188,215,215,236,278,278,297,297,383,392,402,430,458,438,466,466,466],"floor_reached":23,"language":"ENG","playtime":759,"items_purged":[],"score":451,"play_id":"6bddfc4f-0d78-4b0b-bbe7-e4ca7f0fb9af","local_time":"20210224184237","is_ascension_mode":true,"campfire_choices":[{"data":"Carnage","floor":7,"key":"SMITH"},{"data":"True Grit","floor":10,"key":"SMITH"},{"data":"Feel No Pain","floor":13,"key":"SMITH"},{"data":"Feed","floor":15,"key":"SMITH"}],"circlet_count":0,"master_deck":["AscendersBane","Strike_R","Strike_R","Strike_R","Strike_R","Strike_R","Defend_R","Defend_R","Defend_R","Defend_R","Bash","Apotheosis+1","Sever Soul","Carnage+1","True Grit+1","Clothesline","Flame Barrier","Feel No Pain+1","Feed+1","Clash","Double Tap","CurseOfTheBell","Disarm","Feel No Pain","Pommel Strike"],"relics":["Burning Blood","Blood Vial","Strawberry","CeramicFish","Darkstone Periapt","Calling Bell","Tiny Chest","White Beast Statue","CaptainsWheel"],"acts_visited":["Exordium","TheCity"],"potions_floor_usage":[8,16,16,19,23,23],"damage_taken":[{"damage":8,"enemies":"2 Louse","floor":1,"turns":5},{"damage":4,"enemies":"Small Slimes","floor":4,"turns":3},{"damage":0,"enemies":"Cultist","floor":5,"turns":2},{"damage":24,"enemies":"3 Sentries","floor":6,"turns":7},{"damage":7,"enemies":"Lagavulin","floor":8,"turns":4},{"damage":0,"enemies":"2 Fungi Beasts","floor":11,"turns":2},{"damage":23,"enemies":"3 Sentries","floor":12,"turns":10},{"damage":0,"enemies":"Exordium Thugs","floor":14,"turns":5},{"damage":45,"enemies":"Hexaghost","floor":16,"turns":13},{"damage":11,"enemies":"Spheric Guardian","floor":18,"turns":7},{"damage":13,"enemies":"Chosen","floor":19,"turns":7},{"damage":41,"enemies":"Snecko","floor":20,"turns":7},{"damage":9,"enemies":"Centurion and Healer","floor":22,"turns":9},{"damage":28,"enemies":"Gremlin Leader","floor":23,"turns":4}],"seed_played":"-4970945827374540163","potions_obtained":[{"floor":5,"key":"FearPotion"},{"floor":6,"key":"SkillPotion"},{"floor":11,"key":"Swift Potion"},{"floor":18,"key":"AttackPotion"},{"floor":19,"key":"FearPotion"},{"floor":20,"key":"SpeedPotion"},{"floor":21,"key":"Ancient Potion"}],"is_trial":false,"path_per_floor":["M","?","?","M","M","E","R","E","T","R","M","E","R","M","R","B",null,"M","M","M","?","M","E"],"character_chosen":"IRONCLAD","items_purchased":[],"campfire_rested":0,"item_purchase_floors":[],"current_hp_per_floor":[66,66,66,68,74,56,56,64,64,64,72,57,57,69,69,32,79,76,75,42,42,45,19,19],"gold":466,"neow_bonus":"RANDOM_COLORLESS_2","is_daily":false,"chose_seed":false,"campfire_upgraded":4,"win_rate":0.0,"timestamp":1614220957,"path_taken":["M","?","?","M","M","E","R","E","T","R","M","E","R","M","R","BOSS","M","M","M","?","?","E"],"items_purchased_type":[],"build_version":"2020-12-18","purchased_purges":0,"victory":false,"max_hp_per_floor":[75,75,75,75,75,75,75,82,82,82,82,82,82,86,86,86,92,92,96,96,96,100,100,100],"relic_stats":{"Blood Vial":20,"Darkstone Periapt":6,"counters":[14,85],"CeramicFish":72,"Tiny Chest":0,"obtain_stats":[{"Blood Vial":6,"Darkstone Periapt":12,"Calling Bell":17,"CaptainsWheel":17,"Strawberry":8,"CeramicFish":9,"Tiny Chest":17,"Burning Blood":0,"White Beast Statue":17},{"Blood Vial":4,"Darkstone Periapt":7,"Calling Bell":9,"CaptainsWheel":9,"Strawberry":5,"CeramicFish":5,"Tiny Chest":9,"Burning Blood":0,"White Beast Statue":9},{"Blood Vial":17,"Darkstone Periapt":33,"Calling Bell":51,"CaptainsWheel":51,"Strawberry":21,"CeramicFish":21,"Tiny Chest":51,"Burning Blood":0,"White Beast Statue":51}],"Burning Blood":78},"card_choices":[{"not_picked":["Secret Weapon","Master of Strategy"],"picked":"Apotheosis","floor":0},{"not_picked":["Havoc","Heavy Blade"],"picked":"Sever Soul","floor":1},{"not_picked":["Pommel Strike","Clash"],"picked":"Carnage","floor":4},{"not_picked":["Whirlwind","Metallicize"],"picked":"True Grit","floor":5},{"not_picked":["Body Slam","True Grit"],"picked":"Clothesline","floor":6},{"not_picked":["Sword Boomerang","Sever Soul"],"picked":"Flame Barrier","floor":8},{"not_picked":["Flex","Havoc"],"picked":"Feel No Pain","floor":11},{"not_picked":["Armaments","Shockwave"],"picked":"Feed","floor":12},{"not_picked":["Entrench","Bloodletting"],"picked":"Clash","floor":14},{"not_picked":["Juggernaut","Feed"],"picked":"Double Tap","floor":16},{"not_picked":["Hemokinesis","Flex","Headbutt"],"picked":"SKIP","floor":18},{"not_picked":["Pommel Strike","Whirlwind"],"picked":"Disarm","floor":19},{"not_picked":["Flex","Havoc"],"picked":"Feel No Pain","floor":20},{"not_picked":["Iron Wave","Rage"],"picked":"Pommel Strike","floor":22}],"player_experience":2030517,"relics_obtained":[{"floor":6,"key":"Blood Vial"},{"floor":8,"key":"Strawberry"},{"floor":9,"key":"CeramicFish"},{"floor":12,"key":"Darkstone Periapt"},{"floor":17,"key":"Tiny Chest"},{"floor":17,"key":"White Beast Statue"},{"floor":17,"key":"CaptainsWheel"}],"event_choices":[{"damage_healed":0,"gold_gain":0,"player_choice":"Grow","damage_taken":0,"max_hp_gain":0,"max_hp_loss":0,"event_name":"Living Wall","floor":2,"gold_loss":0,"cards_upgraded":["Apotheosis"]},{"damage_healed":0,"gold_gain":77,"player_choice":"Gained Gold","damage_taken":0,"max_hp_gain":0,"max_hp_loss":0,"event_name":"Golden Wing","floor":3,"gold_loss":0},{"damage_healed":0,"gold_gain":0,"player_choice":"Bought 1 Potion","damage_taken":0,"max_hp_gain":0,"max_hp_loss":0,"event_name":"The Woman in Blue","floor":21,"gold_loss":0}],"is_beta":true,"boss_relics":[{"not_picked":["Ectoplasm","Tiny House"],"picked":"Calling Bell"}],"items_purged_floors":[],"is_endless":false,"potions_floor_spawned":[5,6,11,18,19,20,22],"killed_by":"Gremlin Leader","ascension_level":20}}