{"host":"pvb1dnq3v1dy3axt","time":1614283887,"event":{"mods":["BaseMod","Colored Powertips","Energized Spire","Lobotomy","LobotomyExtend","Minty Spire (QoL Compilation)","MostiFishMod","Quick Restart","Replay The Spire","Shop Mod","Spicy Shops","StSLib","Uncapped","noobMod","¡¾ÒÅÎï¿¨ÅÆ¡¿REMEMod","óô»ðÖ¸ÄÏ"],"gold_per_floor":[110,127,142,160,107,133,75,88,114,142,154,182,233,233,51,146,146,146,178,190,65,82,112,146,21,21,38,38,64,84,98,98,194,194,212,223,270,1269,1269,925,556,585,585,400,400,257,182,194,56,154,238,288,168,226,226,226,76,76,76],"floor_reached":58,"language":"ZHS","playtime":6748,"items_purged":["Spore","Clumsy","Twin Strike+1","Headbutt+1","Wingbeat+1","MeltingLove","Harvest+1","Sword Boomerang+1","RapturousDream+1","Beak+1","WristCuter","Armaments+1"],"score":737,"play_id":"04607501-96fe-478e-873d-0960276d56e4","local_time":"20210226041127","daily_mods":["SealedDeck","Red Cards","Flight"],"is_ascension_mode":false,"campfire_choices":[],"circlet_count":0,"master_deck":["LongBird","ExtractionCode","InformationCode","SecurityCode","ScreamingWedge+1","Bloodletting+1","Adoration+1","Body Slam+1","Lamp+58","PunishingBird","Shrug It Off+1","MostiFishMod:UltimateDefense","Pinks+1","MostiFishMod:Chiaki+1","BlueStar","DespairKnight"],"relics":["CogitoBucket","ice","REME_ComplimentaryCards","DaveBox","SynthV:TestCard","LetterFromLob","MerchantsRug","MealTicket","ChangeAnything","ReplayTheSpireMod:CursedCoin","DianDianMeat","LaetitiaHeart","Moonlight_r","HellTrain","MostiFishMod:Haymaker","Bottled Lightning","Adoration_r","LuminousBracelet","Gaze_r","Nunchaku","CeramicFish","Membership Card","Medical Kit","Justitia_r","Philosopher\u0027s Stone","Coffee Dripper","Tiny House","ice","Civilization"],"acts_visited":["Exordium","TheCity","TheBeyond","Exordium"],"potions_floor_usage":[],"damage_taken":[{"damage":12,"enemies":"Small Slimes","floor":1,"turns":2},{"damage":11,"enemies":"Jaw Worm","floor":2,"turns":2},{"damage":3,"enemies":"2 Louse","floor":3,"turns":1},{"damage":17,"enemies":"Red Slaver","floor":4,"turns":2},{"damage":58,"enemies":"3 Sentries","floor":6,"turns":12},{"damage":48,"enemies":"2 Fungi Beasts","floor":8,"turns":3},{"damage":12,"enemies":"Replay:BlueRogue","floor":10,"turns":4},{"damage":0,"enemies":"Large Slime","floor":11,"turns":7},{"damage":22,"enemies":"Gremlin Nob","floor":12,"turns":5},{"damage":33,"enemies":"Slime Boss","floor":16,"turns":15},{"damage":4,"enemies":"Chosen","floor":18,"turns":4},{"damage":0,"enemies":"Chosen","floor":18,"turns":1},{"damage":10,"enemies":"Chosen","floor":18,"turns":4},{"damage":67,"enemies":"Chosen","floor":20,"turns":11},{"damage":3,"enemies":"3 Byrds","floor":22,"turns":27},{"damage":41,"enemies":"REME_1_Revenger","floor":23,"turns":5},{"damage":32,"enemies":"Slavers","floor":24,"turns":11},{"damage":52,"enemies":"Snake Plant","floor":27,"turns":33},{"damage":27,"enemies":"REME_1_Revenger","floor":29,"turns":5},{"damage":43,"enemies":"Centurion and Healer","floor":30,"turns":4},{"damage":3,"enemies":"Cultist and Chosen","floor":31,"turns":4},{"damage":1427,"enemies":"Collector","floor":33,"turns":42},{"damage":73,"enemies":"3 Shapes","floor":35,"turns":12},{"damage":195,"enemies":"3 Darklings","floor":36,"turns":16},{"damage":158,"enemies":"3 Darklings","floor":39,"turns":10},{"damage":50,"enemies":"Jaw Worm Horde","floor":42,"turns":5},{"damage":56,"enemies":"Maw","floor":48,"turns":8},{"damage":326,"enemies":"Replay:Hell Engine","floor":50,"turns":20},{"damage":1,"enemies":"Cultist","floor":52,"turns":2},{"damage":0,"enemies":"Lagavulin","floor":58,"turns":1}],"seed_played":"8231920463990508274","potions_obtained":[{"floor":3,"key":"SpeedPotion"},{"floor":4,"key":"FearPotion"},{"floor":6,"key":"FearPotion"},{"floor":11,"key":"SteroidPotion"},{"floor":12,"key":"LiquidMemories"},{"floor":23,"key":"EssenceOfSteel"},{"floor":27,"key":"FearPotion"},{"floor":29,"key":"DistilledChaos"},{"floor":33,"key":"SpeedPotion"},{"floor":48,"key":"Strength Potion"},{"floor":51,"key":"AttackPotion"}],"is_trial":true,"path_per_floor":["M","M","M","M","$","E","R","M","T","E","M","E","R","?","R","B",null,"M","$","M","$","M","E","E","R","T","M","R","E","M","M","R","B",null,"M","M","$","?","?","R","R","M","T","R","$","R","R","M","R","B",null,"M","$","?","?","?","R","E"],"character_chosen":"Angela","items_purchased":["MerchantsRug","ReplayTheSpireMod:CursedCoin","DianDianMeat","Nunchaku","CeramicFish","Membership Card","Medical Kit","Civilization"],"campfire_rested":0,"item_purchase_floors":[5,15,15,40,41,46,47,53],"current_hp_per_floor":[66,63,68,59,59,70,70,22,22,18,30,20,20,20,20,18,100,73,88,35,50,82,61,51,51,51,43,43,30,467,468,468,510,539,544,560,581,596,626,627,627,621,627,633,646,646,646,629,635,630,698,713,713,713,713,713,713,713,713],"gold":76,"neow_bonus":"","is_daily":false,"chose_seed":false,"campfire_upgraded":0,"win_rate":0.0,"timestamp":1614283887,"path_taken":["M","M","M","M","$","E","R","M","T","E","M","E","R","?","R","BOSS","M","$","M","$","M","E","E","R","T","M","R","E","M","M","R","BOSS","M","M","$","?","?","R","R","M","T","R","$","R","R","M","R","BOSS","M","$","?","?","?","R","E"],"items_purchased_type":["Relic","Relic","Relic","Relic","Relic","Relic","Relic","Relic"],"build_version":"2020-12-22","purchased_purges":12,"victory":false,"max_hp_per_floor":[70,70,70,70,70,70,70,81,81,82,88,91,91,91,91,100,100,106,106,127,127,314,323,340,340,340,444,444,445,467,468,468,539,539,561,581,581,596,627,627,627,646,646,646,646,646,646,653,653,683,698,713,713,713,713,713,713,713,713],"card_choices":[{"not_picked":["Dropkick","Thunderclap"],"picked":"SKIP","floor":1},{"not_picked":["Pleasure","Horn"],"picked":"SKIP","floor":1},{"not_picked":["FourthMatchFlame","Intimidate","RapturousDream"],"picked":"Adoration","floor":2},{"not_picked":["Heavy Blade","Clothesline","Anger","Sword Boomerang"],"picked":"SKIP","floor":2},{"not_picked":["Wingbeat","Spore","Infernal Blade","Lantern"],"picked":"SKIP","floor":3},{"not_picked":["Sword Boomerang","Feel No Pain","Disarm","Combust"],"picked":"SKIP","floor":4},{"not_picked":["Twin Strike","Ghostly Armor","Flame Barrier","SwordSharpenedByTears"],"picked":"SKIP","floor":4},{"not_picked":["Iron Wave","CherryBlossom","Havoc"],"picked":"Body Slam","floor":6},{"not_picked":["Tough","Reckless Charge","Cleave","BlueScar"],"picked":"SKIP","floor":6},{"not_picked":["WristCuter","MostiFishMod:BrandingRite","FourthMatchFlame"],"picked":"RapturousDream","floor":8},{"not_picked":["Soda","FourthMatchFlame","Cleave"],"picked":"Lamp","floor":8},{"not_picked":["Disarm","Wild Strike","TodaysExpression","WristCuter"],"picked":"SKIP","floor":10},{"not_picked":["Battle Trance","Anger","Disarm","Fire Breathing"],"picked":"SKIP","floor":10},{"not_picked":["ShyLook","SingingMachine"],"picked":"PunishingBird","floor":11},{"not_picked":["Sword Boomerang","Intimidate","Searing Blow","Flex"],"picked":"SKIP","floor":11},{"not_picked":["Thunderclap","Iron Wave","Clash","FourthMatchFlame"],"picked":"SKIP","floor":11},{"not_picked":["Rupture","Wingbeat","Anger"],"picked":"Shrug It Off","floor":12},{"not_picked":["FrostShard","Logging","Lamp","BlackSwan_ego"],"picked":"SKIP","floor":12},{"not_picked":["MostiFishMod:NewArrival","Feed","Offering"],"picked":"MostiFishMod:UltimateDefense","floor":16},{"not_picked":["GreenStem","Tough","Reckless Charge+1","FeatherOfHonor"],"picked":"Armaments","floor":20},{"not_picked":["Spore+1","Thunderclap+1","RapturousDream","SomewhereSpear","Regret_ego"],"picked":"SKIP","floor":20},{"not_picked":["BlueStar","SilentOrchestra"],"picked":"MeltingLove","floor":22},{"not_picked":["Body Slam","Amita+1","Twin Strike","SwordSharpenedByTears","Sword Boomerang"],"picked":"SKIP","floor":22},{"not_picked":["Warcry+1","Penitence","Heavy Blade+1","ShedSkin","REME_SingleHolding+1"],"picked":"SKIP","floor":22},{"not_picked":["InTheNameOfLoveAndHate","Evolve","Pommel Strike","Heaven"],"picked":"Pinks","floor":23},{"not_picked":["Loneliness","Body Slam","CherryBlossom+1","Regret_ego+1","Penitence"],"picked":"SKIP","floor":23},{"not_picked":["RapturousDream+1","Twin Strike","Beak","Battle Trance+1","Penitence+1"],"picked":"SKIP","floor":24},{"not_picked":["Iron Wave","Warcry+1","BlueScar+1","RedEyes+1","Ghostly Armor+1"],"picked":"SKIP","floor":24},{"not_picked":["CherryBlossom+1","CUTE+1","Shrug It Off+1","Metallicize+1","Searing Blow+1"],"picked":"SKIP","floor":27},{"not_picked":["Heavy Blade","Shrug It Off+1","CherryBlossom","Havoc+1","Diffraction+1"],"picked":"SKIP","floor":27},{"not_picked":["CherryBlossom+1","CUTE+1","Shrug It Off+1","Metallicize+1","Searing Blow+1"],"picked":"SKIP","floor":27},{"not_picked":["Heavy Blade","Shrug It Off+1","CherryBlossom","Havoc+1","Diffraction+1"],"picked":"SKIP","floor":27},{"not_picked":["Clash","Twin Strike","Metallicize","Hornet","MostiFishMod:OrdinaryWorld"],"picked":"SKIP","floor":29},{"not_picked":["Perfected Strike","Sword Boomerang","MostiFishMod:BrandingRite+1","FeatherOfHonor","REME_Cut+1"],"picked":"SKIP","floor":29},{"not_picked":["REME_Cut+1","Bloodletting+1","Twin Strike","CherryBlossom+1","Clothesline"],"picked":"SKIP","floor":30},{"not_picked":["Sentinel+1","BloodyDesire+1","REME_FearOfPain+1","Clash","Beak"],"picked":"SKIP","floor":30},{"not_picked":["Beak+1","Combust+1","Spot Weakness+1","RapturousDream+1","Seeing Red+1"],"picked":"SKIP","floor":31},{"not_picked":["Thunderclap","Penitence+1","Lantern","Shrug It Off+1","Gaze+1"],"picked":"SKIP","floor":31},{"not_picked":["Bludgeon","MostiFishMod:NewArrival+1","MostiFishMod:FireWorks+1","MostiFishMod:TemporaryOutbreak"],"picked":"MostiFishMod:Chiaki+1","floor":33},{"not_picked":["NothingThere","SilentOrchestra","WhiteNight"],"picked":"Singing Bowl","floor":35},{"not_picked":["Scorched","WhiteNight"],"picked":"LongBird","floor":35},{"not_picked":["REME_Scribble+1","Tough","SomewhereSpear+1","RedEyes+1","Warcry+1"],"picked":"SKIP","floor":35},{"not_picked":["Noise+1","Reverberation+1","Flex+1","GreenStem+1","CherryBlossom+1"],"picked":"SKIP","floor":35},{"not_picked":["Variant","Funeral","BigBadWolf"],"picked":"Singing Bowl","floor":36},{"not_picked":["Noise+1","Beak+1","Soda+1","Entrench+1","CrimsonScar"],"picked":"SKIP","floor":36},{"not_picked":["Lantern","Dual Wield+1","Clothesline+1","ShedSkin+1","Horn+1"],"picked":"SKIP","floor":36},{"not_picked":["Scarecrow","BigBadWolf"],"picked":"BlueStar","floor":42},{"not_picked":["TodaysExpression+1","Cleave+1","Pommel Strike+1","LifeForTheDareDevil","ReplayReversal+1"],"picked":"SKIP","floor":42},{"not_picked":["Pommel Strike","Tough","Perfected Strike","Hypocrisy+1","Flex+1"],"picked":"SKIP","floor":42},{"not_picked":["Variant","SpiderBud","VoidDream"],"picked":"Singing Bowl","floor":48},{"not_picked":["Disarm+1","Sword Boomerang+1","Ecstasy+1","True Grit+1","Penitence+1"],"picked":"SKIP","floor":48},{"not_picked":["Tough+1","Shockwave+1","Brutality+1","Armaments+1","Noise+1"],"picked":"SKIP","floor":48},{"not_picked":["BodiesMountain","Scarecrow","LaLuna"],"picked":"Singing Bowl","floor":50},{"not_picked":["Heavy Blade+1","Entrench+1","Spot Weakness+1","Searing Blow+1"],"picked":"Beak+1","floor":51},{"not_picked":["Funeral","FieryBird","SilentOrchestra"],"picked":"Singing Bowl","floor":52},{"not_picked":["MeltingLove","Woodsman"],"picked":"DespairKnight","floor":52},{"not_picked":["Tough+1","Wild Strike+1","Twin Strike+1","Pleasure+1","Perfected Strike+1"],"picked":"SKIP","floor":52},{"not_picked":["True Grit+1","Lantern+1","MostiFishMod:Mania+1","Uppercut+1","Pommel Strike+1"],"picked":"SKIP","floor":52}],"player_experience":204758,"relics_obtained":[{"floor":1,"key":"SynthV:TestCard"},{"floor":1,"key":"LetterFromLob"},{"floor":6,"key":"MealTicket"},{"floor":9,"key":"Whetstone"},{"floor":10,"key":"Replay:Wax Seal"},{"floor":12,"key":"Anchor"},{"floor":23,"key":"MostiFishMod:Haymaker"},{"floor":24,"key":"Toxic Egg 2"},{"floor":26,"key":"Bottled Lightning"},{"floor":29,"key":"Regal Pillow"},{"floor":43,"key":"Snack Pack"}],"event_choices":[{"damage_healed":0,"gold_gain":999,"player_choice":"Gold","damage_taken":0,"max_hp_gain":0,"max_hp_loss":0,"event_name":"MindBloom","floor":38,"gold_loss":0,"cards_obtained":["Normality","Normality"]},{"damage_healed":0,"gold_gain":58,"player_choice":"Gained Gold","damage_taken":0,"max_hp_gain":0,"max_hp_loss":0,"event_name":"Golden Wing","floor":54,"gold_loss":0}],"is_beta":false,"boss_relics":[{"not_picked":["energizedSpire:RedRose","GuanYuAspect"],"picked":"Empty Cage"},{"not_picked":["Astrolabe","HereWithMe"],"picked":"Velvet Choker"},{"not_picked":["energizedSpire:HugeHouse","Replay:Bronze Core"],"picked":"Replay:Grab Bag"},{"not_picked":["energizedSpire:StickyHand","ChewingGum"],"picked":"Philosopher\u0027s Stone"},{"not_picked":["Runic Dome","energizedSpire:OgreHead"],"picked":"Coffee Dripper"},{"not_picked":["Ring of Chaos","Runic Pyramid"],"picked":"Tiny House"}],"items_purged_floors":[7,15,21,25,37,40,41,44,49,53,53,57],"is_endless":true,"potions_floor_spawned":[3,4,6,11,12,18,23,27,29,33,39,48],"killed_by":"Lagavulin","ascension_level":0}}