{"host":"d52brwsy6af8zvaq","time":1614216523,"event":{"mods":["AchievementEnabler","BaseMod","Bestiary","Highlight Path","Minty Spire (QoL Compilation)","Quick Restart","Relic Stats","ojb\u0027s Better Paths Mod"],"gold_per_floor":[209,224,149,54,66,66,66,92,92,109,109,134,33,50,50,124,124,64,64,64,64,64,64,64],"floor_reached":23,"language":"ENG","playtime":902,"items_purged":["Strike_B"],"score":410,"play_id":"b4fc0ebc-e2f1-4a99-8f7b-73b82f1bfc82","local_time":"20210224182843","is_ascension_mode":true,"campfire_choices":[{"data":"Zap","floor":6.0,"key":"SMITH"},{"data":"Defragment","floor":11.0,"key":"SMITH"},{"data":"Beam Cell","floor":15.0,"key":"SMITH"}],"circlet_count":0,"master_deck":["AscendersBane","Strike_B","Defend_B","Defend_B","Defend_B","Defend_B","Zap+1","Dualcast","Gash","Glacier","Capacitor","Ball Lightning","Beam Cell+1","Defragment+1","Barrage+1","Leap","Conserve Battery","FTL+1","Electrodynamics+1","Undo","Gash+1"],"relics":["Cracked Core","Molten Egg 2","Singing Bowl","Frozen Egg 2","Ectoplasm"],"acts_visited":["Exordium","TheCity"],"potions_floor_usage":[21,21,21,22],"damage_taken":[{"damage":2.0,"enemies":"Jaw Worm","floor":1.0,"turns":4.0},{"damage":4.0,"enemies":"Small Slimes","floor":2.0,"turns":3.0},{"damage":6.0,"enemies":"Cultist","floor":5.0,"turns":3.0},{"damage":6.0,"enemies":"Lagavulin","floor":8.0,"turns":9.0},{"damage":0.0,"enemies":"Exordium Wildlife","floor":10.0,"turns":3.0},{"damage":10.0,"enemies":"Gremlin Nob","floor":12.0,"turns":3.0},{"damage":0.0,"enemies":"Red Slaver","floor":14.0,"turns":3.0},{"damage":18.0,"enemies":"Slime Boss","floor":16.0,"turns":11.0},{"damage":14,"enemies":"2 Thieves","floor":18,"turns":3},{"damage":9,"enemies":"3 Byrds","floor":19,"turns":4},{"damage":10,"enemies":"Centurion and Healer","floor":20,"turns":5},{"damage":10,"enemies":"Snecko","floor":21,"turns":6},{"damage":18,"enemies":"Cultist and Chosen","floor":22,"turns":6},{"damage":14,"enemies":"Gremlin Leader","floor":23,"turns":3}],"seed_played":"9135428220094487704","potions_obtained":[{"floor":2.0,"key":"AttackPotion"},{"floor":14.0,"key":"SteroidPotion"},{"floor":16.0,"key":"EssenceOfSteel"},{"floor":20,"key":"EntropicBrew"}],"is_trial":false,"path_per_floor":["M","M","?","$","M","R","?","E","T","M","R","E","$","M","R","B",null,"M","M","M","M","M","E"],"character_chosen":"DEFECT","items_purchased":["Capacitor","Ball Lightning","Conserve Battery"],"campfire_rested":0,"item_purchase_floors":[4,4,13],"current_hp_per_floor":[62,58,58,58,52,52,52,46,46,46,46,36,36,36,36,18,58,44,35,27,19,3,0,0],"gold":64,"neow_bonus":"HUNDRED_GOLD","is_daily":false,"chose_seed":false,"campfire_upgraded":3,"win_rate":0.0,"timestamp":1614216523,"path_taken":["M","M","?","$","M","R","?","E","T","M","R","E","$","M","R","BOSS","M","M","M","?","M","E"],"items_purchased_type":["Card","Card","Card"],"build_version":"2020-12-22","purchased_purges":1,"victory":false,"max_hp_per_floor":[71,71,71,71,71,71,71,71,71,71,71,71,71,71,71,71,71,71,71,73,75,77,77,77],"relic_stats":{"Singing Bowl":6,"counters":[14,66],"Ectoplasm":152,"obtain_stats":[{"Singing Bowl":9,"Molten Egg 2":8,"Ectoplasm":17,"Frozen Egg 2":12,"Cracked Core":0},{"Singing Bowl":4,"Molten Egg 2":4,"Ectoplasm":8,"Frozen Egg 2":6,"Cracked Core":0},{"Singing Bowl":19,"Molten Egg 2":19,"Ectoplasm":39,"Frozen Egg 2":25,"Cracked Core":0}]},"card_choices":[{"not_picked":["Conserve Battery","Hello World"],"picked":"Gash","floor":1.0},{"not_picked":["White Noise","Coolheaded"],"picked":"Glacier","floor":2.0},{"not_picked":["Darkness","Go for the Eyes"],"picked":"Beam Cell","floor":5.0},{"not_picked":["Loop","Ball Lightning+1"],"picked":"Defragment","floor":8.0},{"not_picked":["Stack","Steam Power"],"picked":"Barrage+1","floor":10.0},{"not_picked":["Stack","Rip and Tear+1"],"picked":"Leap","floor":12.0},{"not_picked":["Stack","Glacier"],"picked":"FTL+1","floor":14.0},{"not_picked":["Buffer+1","Seek"],"picked":"Electrodynamics+1","floor":16.0},{"not_picked":["Ball Lightning+1","Leap"],"picked":"Undo","floor":18},{"not_picked":["Stack","Sweeping Beam+1"],"picked":"Gash+1","floor":19},{"not_picked":["Heatsinks+1","Streamline+1","Genetic Algorithm"],"picked":"Singing Bowl","floor":20},{"not_picked":["Rebound+1","Auto Shields","Consume"],"picked":"Singing Bowl","floor":21},{"not_picked":["Cold Snap+1","Beam Cell+1","Consume"],"picked":"Singing Bowl","floor":22}],"player_experience":2363488,"relics_obtained":[{"floor":8.0,"key":"Molten Egg 2"},{"floor":9.0,"key":"Singing Bowl"},{"floor":12.0,"key":"Frozen Egg 2"}],"event_choices":[{"cards_removed":["Strike_B"],"damage_healed":0.0,"max_hp_gain":0.0,"max_hp_loss":0.0,"gold_gain":0.0,"event_name":"The Cleric","player_choice":"Card Removal","floor":3.0,"gold_loss":75.0,"damage_taken":0.0},{"cards_removed":["Strike_B"],"damage_healed":0.0,"max_hp_gain":0.0,"max_hp_loss":0.0,"gold_gain":0.0,"event_name":"Purifier","player_choice":"Purged","floor":7.0,"gold_loss":0.0,"damage_taken":0.0}],"is_beta":false,"boss_relics":[{"not_picked":["Empty Cage","Philosopher\u0027s Stone"],"picked":"Ectoplasm"}],"items_purged_floors":[13],"is_endless":false,"potions_floor_spawned":[2,14,16,19,20],"killed_by":"Gremlin Leader","ascension_level":20}}