{"host":"fr1l74x1jw61j7hk","time":1614251465,"event":{"mods":["BaseMod","Downfall","Minty Spire (QoL Compilation)","StSLib"],"gold_per_floor":[99,118,129,144,164,175,175,175,204,223,243,143,161,178,190,285,285,285,299,313,313,59,59,59,93,105,14,14,26,26,59,74,173,173,73,90,110,128,13,13,58,78,119,136,36,51,51,70,88,88,88,88,88,88],"floor_reached":52,"language":"ZHS","playtime":4170,"items_purged":["Pain","Injury","Guardian:Defend_Guardian"],"score":731,"play_id":"04073191-d2c6-4707-a8a9-c96067e5cdb3","local_time":"20210225191105","is_ascension_mode":false,"campfire_choices":[{"data":"Guardian:TwinSlam","floor":1.0,"key":"SMITH"},{"data":"Guardian:FuturePlans","floor":8.0,"key":"SMITH"},{"data":"Guardian:CurlUp","floor":12.0,"key":"SMITH"},{"data":"Guardian:Recover","floor":18.0,"key":"SMITH"},{"data":"Guardian:CompilePackage","floor":28,"key":"SMITH"},{"data":"Guardian:ExploitGems","floor":30,"key":"SMITH"},{"data":"Guardian:BronzeArmor","floor":35,"key":"SMITH"},{"floor":40,"key":"RECALL"},{"data":"Guardian:WalkerClaw","floor":45,"key":"SMITH"}],"circlet_count":0,"master_deck":["Guardian:Strike_Guardian","Guardian:Strike_Guardian","Guardian:Defend_Guardian","Guardian:Defend_Guardian","Guardian:CurlUp+1","Guardian:TwinSlam+1","Guardian:ConstructionForm","Guardian:SpikerProtocol","Guardian:FuturePlans+1","Guardian:Incinerate","Guardian:ExploitGems+1","Guardian:PrimingBeam+1","Guardian:SpikerProtocol+1","Guardian:Harden","Guardian:EvasiveProtocol+1","Guardian:RollAttack","Guardian:Recover+1","Guardian:BronzeArmor+1","Guardian:StasisStrike+1","Guardian:EvasiveProtocol+1","Guardian:CompilePackage+1","Guardian:Orbwalk+1","Guardian:GemFinder+1","Guardian:Gem_Cyan","Guardian:ArmoredProtocol+1","Guardian:Gem_Cyan","Guardian:RevengeProtocol+1","Guardian:Gem_Red","Guardian:PrimingBeam+1","Guardian:WalkerClaw+1","Guardian:Planning","Guardian:BronzeOrb+1","Guardian:FierceBash"],"relics":["Guardian:ModeShifter","Mercury Hourglass","Frozen Egg 2","downfall:HeartBlessingGreen","Black Star","WarpedTongs","Pear","Boot","Peace Pipe","Juzu Bracelet","Empty Cage","downfall:HeartBlessingBlue","Happy Flower","Membership Card","downfall:HeartBlessingRed"],"acts_visited":["Exordium","TheCity","TheBeyond","TheEnding"],"potions_floor_usage":[29,31,33,33,33,38,50],"damage_taken":[{"damage":0.0,"enemies":"Cultist","floor":2.0,"turns":4.0},{"damage":0.0,"enemies":"2 Louse","floor":3.0,"turns":4.0},{"damage":7.0,"enemies":"Small Slimes","floor":4.0,"turns":6.0},{"damage":8.0,"enemies":"Red Slaver","floor":5.0,"turns":4.0},{"damage":0.0,"enemies":"Large Slime","floor":6.0,"turns":6.0},{"damage":13.0,"enemies":"3 Sentries","floor":9.0,"turns":11.0},{"damage":6.0,"enemies":"3 Louse","floor":10.0,"turns":3.0},{"damage":10.0,"enemies":"Exordium Thugs","floor":11.0,"turns":4.0},{"damage":0.0,"enemies":"Blue Slaver","floor":13.0,"turns":4.0},{"damage":0.0,"enemies":"downfall:LooterAlt","floor":14.0,"turns":4.0},{"damage":7.0,"enemies":"3 Louse","floor":15.0,"turns":2.0},{"damage":10.0,"enemies":"DF_ARCHETYPE_STREAMLINE","floor":16.0,"turns":9.0},{"damage":0.0,"enemies":"Chosen","floor":19.0,"turns":7.0},{"damage":10.0,"enemies":"downfall:LooterAlt2","floor":20.0,"turns":4.0},{"damage":2.0,"enemies":"downfall:FleeingMerchant","floor":22.0,"turns":4.0},{"damage":4,"enemies":"Gremlin Leader","floor":25,"turns":7},{"damage":4,"enemies":"Chosen and Byrds","floor":26,"turns":5},{"damage":0,"enemies":"downfall:FleeingMerchant","floor":27,"turns":4},{"damage":0,"enemies":"Snecko","floor":29,"turns":5},{"damage":51,"enemies":"Book of Stabbing","floor":31,"turns":8},{"damage":0,"enemies":"Centurion and Healer","floor":32,"turns":6},{"damage":21,"enemies":"WA_ARCHETYPE_CALM","floor":33,"turns":8},{"damage":10,"enemies":"Orb Walker","floor":36,"turns":4},{"damage":16,"enemies":"3 Shapes","floor":37,"turns":4},{"damage":0,"enemies":"Maw","floor":38,"turns":9},{"damage":0,"enemies":"downfall:FleeingMerchant","floor":39,"turns":4},{"damage":8,"enemies":"Sphere and 2 Shapes","floor":42,"turns":6},{"damage":0,"enemies":"downfall:FleeingMerchant","floor":43,"turns":4},{"damage":22,"enemies":"Jaw Worm Horde","floor":44,"turns":4},{"damage":0,"enemies":"Maw","floor":46,"turns":7},{"damage":0,"enemies":"4 Shapes","floor":48,"turns":5},{"damage":21,"enemies":"Jaw Worm Horde","floor":49,"turns":4},{"damage":31,"enemies":"SI_POISON_ARCHETYPE","floor":50,"turns":11},{"damage":155,"enemies":"downfall:CharBossMerchant","floor":52,"turns":8}],"seed_played":"-3926045707147576538","potions_obtained":[{"floor":2.0,"key":"Block Potion"},{"floor":4.0,"key":"Fruit Juice"},{"floor":5.0,"key":"EssenceOfSteel"},{"floor":10.0,"key":"Fire Potion"},{"floor":11.0,"key":"CultistPotion"},{"floor":16.0,"key":"SpeedPotion"},{"floor":20.0,"key":"Strength Potion"},{"floor":25,"key":"bronze:BurnAndBuffPotion"},{"floor":29,"key":"Energy Potion"},{"floor":32,"key":"Dexterity Potion"},{"floor":33,"key":"DistilledChaos"},{"floor":38,"key":"EssenceOfSteel"},{"floor":42,"key":"BlessingOfTheForge"},{"floor":44,"key":"Swift Potion"}],"is_trial":false,"path_per_floor":["R","M","M","M","M","M","T","R","E","M","M","R","M","M","M","B",null,"R","M","M","?","$","?","T","E","M","$","R","M","R","E","M","B",null,"R","M","M","M","$","R","T","M","$","M","R","M","?","M","M","B",null,"E"],"character_chosen":"GUARDIAN","items_purchased":["Fruit Juice","Guardian:EvasiveProtocol+1","Guardian:Orbwalk+1","Membership Card","Guardian:Gem_Fragmented","Guardian:WalkerClaw","FairyPotion"],"campfire_rested":0,"item_purchase_floors":[22,22,27,43,43,43,43],"current_hp_per_floor":[80,80,80,73,65,65,65,65,52,46,36,36,36,41,34,24,85,85,85,75,75,73,73,73,79,75,75,75,80,80,29,29,8,100,110,100,84,84,84,84,84,76,76,54,54,54,54,54,33,2,110,0,0,0],"gold":88,"neow_bonus":"TRANSFORM_CARD","is_daily":false,"chose_seed":false,"campfire_upgraded":8,"win_rate":0.0,"timestamp":1614251465,"path_taken":["R","M","M","M","M","M","T","R","E","M","?","R","?","M","M","BOSS","R","M","?","?","$","?","T","E","?","$","R","?","R","E","M","BOSS","R","M","M","M","$","R","T","M","$","M","R","M","?","M","M","BOSS","E"],"items_purchased_type":["Potion","Card","Card","Relic","Card","Card","Potion"],"build_version":"2020-12-22","purchased_purges":3,"victory":false,"max_hp_per_floor":[80,80,80,80,80,80,80,80,80,80,80,80,80,85,85,85,85,85,85,85,85,85,85,85,95,95,95,95,100,100,100,100,100,100,110,110,110,110,110,110,110,110,110,110,110,110,110,110,110,110,110,110,110,110],"card_choices":[{"not_picked":["Guardian:ChargeCore","Guardian:DecasProtection"],"picked":"Guardian:SpikerProtocol","floor":2.0},{"not_picked":["Guardian:Clone","Guardian:ChargeCore"],"picked":"Guardian:FuturePlans","floor":3.0},{"not_picked":["Guardian:Harden","Guardian:Suspension"],"picked":"Guardian:Incinerate","floor":4.0},{"not_picked":["Guardian:Gem_Green","Guardian:ChargeCore"],"picked":"Guardian:ExploitGems","floor":5.0},{"not_picked":["Guardian:Incinerate","Guardian:TemporalShield"],"picked":"Guardian:PrimingBeam","floor":6.0},{"not_picked":["Guardian:Preprogram","Guardian:BronzeOrb"],"picked":"Guardian:SpikerProtocol+1","floor":9.0},{"not_picked":["Guardian:Gem_Green","Guardian:CrystalBeam"],"picked":"Guardian:Harden","floor":10.0},{"not_picked":["Guardian:ShieldCharger","Guardian:RollAttack"],"picked":"Guardian:EvasiveProtocol+1","floor":11.0},{"not_picked":["Guardian:PolyBeam","Guardian:PrimingBeam"],"picked":"Guardian:RollAttack","floor":13.0},{"not_picked":["Guardian:Suspension","Guardian:TemporalStrike"],"picked":"Guardian:Gem_Lightblue","floor":14.0},{"not_picked":["Guardian:HyperBeam_Guardian","Guardian:TemporalStrike"],"picked":"Guardian:Recover","floor":15.0},{"not_picked":["Guardian:FierceBash","Guardian:FastForward"],"picked":"Guardian:Gem_Synthetic","floor":16.0},{"not_picked":["Guardian:Incinerate+1","Guardian:RollAttack"],"picked":"Guardian:BronzeArmor","floor":19.0},{"not_picked":["Guardian:GuardianWhirl+1","Guardian:TemporalStrike"],"picked":"Guardian:Gem_Green","floor":20.0},{"not_picked":["Guardian:Gem_Lightblue","Guardian:Recover"],"picked":"Guardian:StasisStrike","floor":22},{"not_picked":["Guardian:CrystalBeam","Guardian:Gem_Green"],"picked":"Guardian:CompilePackage","floor":25},{"not_picked":["Guardian:Planning","Guardian:Incinerate+1","Guardian:TimeBomb"],"picked":"SKIP","floor":26},{"not_picked":["Guardian:ShieldCharger+1","Guardian:Preprogram+1"],"picked":"Guardian:Gem_Crimson","floor":27},{"not_picked":["Guardian:Suspension","Guardian:Recover"],"picked":"Guardian:Gem_Cyan","floor":29},{"not_picked":["Guardian:RollAttack","Guardian:Harden"],"picked":"Guardian:Gem_Orange","floor":31},{"not_picked":["Guardian:TimeBomb","Guardian:TemporalStrike","Guardian:Recover"],"picked":"SKIP","floor":32},{"not_picked":["Guardian:ConstructionForm+1","Guardian:StasisField"],"picked":"Guardian:GemFinder+1","floor":33},{"not_picked":["Guardian:Gem_Lightblue","Guardian:Gem_Green"],"picked":"Guardian:Gem_Cyan","floor":36},{"not_picked":["Guardian:Incinerate","Guardian:RefractedBeam+1"],"picked":"Guardian:ArmoredProtocol+1","floor":36},{"not_picked":["Guardian:Gem_Lightblue","Guardian:Gem_Green"],"picked":"Guardian:Gem_Red","floor":37},{"not_picked":["Guardian:MultiBeam+1","Guardian:Planning+1"],"picked":"Guardian:Gem_Red","floor":37},{"not_picked":["Guardian:Gem_Red","Guardian:Gem_Green"],"picked":"Guardian:Gem_Cyan","floor":38},{"not_picked":["Guardian:TemporalShield","Guardian:PrimingBeam"],"picked":"Guardian:RevengeProtocol+1","floor":38},{"not_picked":["Guardian:Gem_Lightblue","Guardian:Gem_Cyan"],"picked":"Guardian:Gem_Red","floor":39},{"not_picked":["Guardian:Gem_Lightblue","Guardian:RollAttack+1","Guardian:Reroute+1"],"picked":"SKIP","floor":39},{"not_picked":["Guardian:Gem_Red","Guardian:Gem_Lightblue"],"picked":"Guardian:Gem_Cyan","floor":42},{"not_picked":["Guardian:Harden+1","Guardian:Suspension+1"],"picked":"Guardian:Gem_Yellow","floor":42},{"not_picked":["Guardian:SpikerProtocol+1","Guardian:BronzeOrb+1"],"picked":"Guardian:PrimingBeam+1","floor":43},{"not_picked":["Guardian:TimeCapacitor+1","Guardian:ShieldCharger"],"picked":"Guardian:Planning","floor":44},{"not_picked":["Guardian:Recover","Guardian:Gem_Red"],"picked":"Guardian:BronzeOrb+1","floor":46},{"not_picked":["Guardian:PrismaticBarrier+1","Guardian:TemporalStrike","Guardian:Suspension"],"picked":"SKIP","floor":48},{"not_picked":["Guardian:Recover+1","Guardian:Planning"],"picked":"Guardian:FierceBash","floor":49}],"player_experience":510209,"relics_obtained":[{"floor":7.0,"key":"Mercury Hourglass"},{"floor":9.0,"key":"Frozen Egg 2"},{"floor":25,"key":"Pear"},{"floor":25,"key":"Boot"},{"floor":31,"key":"Peace Pipe"},{"floor":31,"key":"Juzu Bracelet"},{"floor":41,"key":"Happy Flower"}],"event_choices":[{"damage_healed":0,"gold_gain":0,"player_choice":"Ignored","damage_taken":0,"max_hp_gain":0,"max_hp_loss":0,"event_name":"NoteForYourself","floor":47,"gold_loss":0}],"is_beta":false,"boss_relics":[{"not_picked":["Fusion Hammer","bronze:MakeshiftBattery"],"picked":"Black Star"},{"not_picked":["SlaversCollar","Runic Dome"],"picked":"Empty Cage"}],"items_purged_floors":[22,39,43],"is_endless":false,"potions_floor_spawned":[2,4,5,10,11,16,20,25,29,32,33,38,42,44],"killed_by":"downfall:CharBossMerchant","ascension_level":0}}