{"host":"51f9r4o9zca2xpvz","time":1614256337,"event":{"mods":["AchievementEnabler","BaseMod","Minty Spire (QoL Compilation)"],"gold_per_floor":[118,118,118,138,157,187,207,8,8,8,26,44,60,60,60,155,155,169,179,179,30,50,50,0,20,20,31,31,49,49,49,49,153,153,173,173,190,190,210,238,238,238,238,18,31,45,45,61,61,61],"floor_reached":51,"language":"ENG","playtime":4265,"items_purged":[],"score":633,"play_id":"731a333a-9ee1-4d81-8f11-76fbeb0daf9c","local_time":"20210225043217","is_ascension_mode":false,"campfire_choices":[{"floor":15,"key":"REST"},{"data":"Adrenaline","floor":23,"key":"SMITH"},{"data":"Terror","floor":28,"key":"SMITH"},{"data":"Blade Dance","floor":30,"key":"SMITH"},{"floor":32,"key":"REST"},{"floor":47,"key":"REST"},{"data":"Envenom","floor":49,"key":"SMITH"}],"circlet_count":0,"master_deck":["Strike_G","Strike_G+1","Defend_G","Defend_G","Neutralize","Sucker Punch+1","Riddle With Holes+1","Distraction+1","Blade Dance","Dagger Throw","Finisher+1","Acrobatics","Masterful Stab","Dagger Throw","Terror+1","Blade Dance","Adrenaline+1","Blade Dance+1","Expertise","Expertise+1","Bullet Time","PiercingWail","Envenom+1","Parasite","Acrobatics+1","Infinite Blades","Adrenaline"],"relics":["Astrolabe","Bottled Flame","Nunchaku","Mummified Hand","Sozu","Boot","Juzu Bracelet","WristBlade","Letter Opener","Bottled Tornado","Lee\u0027s Waffle"],"acts_visited":["Exordium","TheCity","TheBeyond"],"potions_floor_usage":[16,33,35],"damage_taken":[{"damage":0,"enemies":"Small Slimes","floor":1,"turns":3},{"damage":1,"enemies":"Jaw Worm","floor":4,"turns":2},{"damage":0,"enemies":"Cultist","floor":5,"turns":2},{"damage":26,"enemies":"Lagavulin","floor":6,"turns":4},{"damage":7,"enemies":"Exordium Thugs","floor":7,"turns":4},{"damage":0,"enemies":"Looter","floor":11,"turns":2},{"damage":7,"enemies":"Blue Slaver","floor":12,"turns":4},{"damage":4,"enemies":"2 Fungi Beasts","floor":13,"turns":2},{"damage":12,"enemies":"Hexaghost","floor":16,"turns":8},{"damage":1,"enemies":"Chosen","floor":18,"turns":2},{"damage":0,"enemies":"Spheric Guardian","floor":19,"turns":3},{"damage":0,"enemies":"Centurion and Healer","floor":22,"turns":3},{"damage":10,"enemies":"Snake Plant","floor":25,"turns":3},{"damage":0,"enemies":"3 Cultists","floor":27,"turns":3},{"damage":8,"enemies":"Shelled Parasite and Fungi","floor":29,"turns":2},{"damage":25,"enemies":"Champ","floor":33,"turns":4},{"damage":0,"enemies":"3 Darklings","floor":35,"turns":2},{"damage":0,"enemies":"Orb Walker","floor":37,"turns":2},{"damage":0,"enemies":"Writhing Mass","floor":39,"turns":3},{"damage":31,"enemies":"Reptomancer","floor":40,"turns":4},{"damage":15,"enemies":"Maw","floor":45,"turns":3},{"damage":19,"enemies":"Sphere and 2 Shapes","floor":46,"turns":3},{"damage":12,"enemies":"Spire Growth","floor":48,"turns":3},{"damage":46,"enemies":"Donu and Deca","floor":50,"turns":6}],"seed_played":"-4576763316742239278","potions_obtained":[{"floor":11,"key":"SneckoOil"},{"floor":12,"key":"PowerPotion"},{"floor":13,"key":"DuplicationPotion"},{"floor":16,"key":"Ancient Potion"}],"is_trial":false,"path_per_floor":["M","?","?","M","M","E","M","$","T","$","M","M","M","?","R","B",null,"M","M","?","$","M","R","?","M","T","M","R","M","R","?","R","B",null,"M","?","M","?","M","E","?","?","T","$","M","M","R","M","R","B",null],"character_chosen":"THE_SILENT","items_purchased":["Nunchaku","Dagger Throw","Boot","Lee\u0027s Waffle","Infinite Blades"],"campfire_rested":3,"item_purchase_floors":[8,8,21,44,44],"current_hp_per_floor":[70,63,63,62,62,36,29,29,29,29,29,22,18,4,25,13,70,69,69,69,69,69,69,69,59,59,59,59,51,51,51,70,45,70,70,70,70,70,70,39,39,39,39,77,62,43,66,54,54,8],"gold":61,"neow_bonus":"BOSS_RELIC","is_daily":false,"chose_seed":false,"campfire_upgraded":4,"win_rate":0.0,"timestamp":1614256337,"path_taken":["M","?","?","?","M","E","M","$","T","?","M","M","M","?","R","BOSS","M","M","?","$","M","R","?","M","T","M","R","M","R","?","R","BOSS","M","?","M","?","M","E","?","?","T","$","M","M","R","M","R","BOSS"],"items_purchased_type":["Relic","Card","Relic","Relic","Card"],"build_version":"2020-12-22","purchased_purges":0,"victory":true,"max_hp_per_floor":[70,70,70,70,70,70,70,70,70,70,70,70,70,70,70,70,70,70,70,70,70,70,70,70,70,70,70,70,70,70,70,70,70,70,70,70,70,70,70,70,70,70,70,77,77,77,77,77,77,77],"card_choices":[{"not_picked":["Acrobatics","Flying Knee"],"picked":"Blade Dance","floor":1},{"not_picked":["Outmaneuver","Dagger Spray"],"picked":"Dagger Throw","floor":4},{"not_picked":["Quick Slash","PiercingWail"],"picked":"Finisher","floor":5},{"not_picked":["Escape Plan","Poisoned Stab"],"picked":"Acrobatics","floor":6},{"not_picked":["Backflip","Riddle With Holes"],"picked":"Masterful Stab","floor":7},{"not_picked":["Dash","Footwork"],"picked":"Terror","floor":11},{"not_picked":["Well Laid Plans","Poisoned Stab"],"picked":"Blade Dance","floor":12},{"not_picked":["Choke","PiercingWail","Slice"],"picked":"SKIP","floor":13},{"not_picked":["Glass Knife","Corpse Explosion"],"picked":"Adrenaline","floor":16},{"not_picked":["Bane+1","Blur"],"picked":"Blade Dance","floor":18},{"not_picked":["Deadly Poison+1","Night Terror"],"picked":"Expertise","floor":19},{"not_picked":["Sucker Punch","Backflip"],"picked":"Expertise+1","floor":22},{"not_picked":["Bane","Tactician"],"picked":"Slice","floor":25},{"not_picked":["Underhanded Strike","Tactician","Skewer"],"picked":"SKIP","floor":27},{"not_picked":["Catalyst","Caltrops","Masterful Stab+1"],"picked":"SKIP","floor":29},{"not_picked":["Night Terror","Venomology"],"picked":"Envenom","floor":33},{"not_picked":["Dagger Spray+1","Crippling Poison","Dagger Throw"],"picked":"SKIP","floor":35},{"not_picked":["Distraction","Sucker Punch","Outmaneuver+1"],"picked":"SKIP","floor":37},{"not_picked":["Poisoned Stab","Deflect"],"picked":"Acrobatics+1","floor":39},{"not_picked":["Leg Sweep","Calculated Gamble","Deadly Poison"],"picked":"SKIP","floor":40},{"not_picked":["Sucker Punch","Flying Knee","Dodge and Roll+1"],"picked":"SKIP","floor":45},{"not_picked":["Caltrops+1","Quick Slash+1"],"picked":"Adrenaline","floor":46},{"not_picked":["Deadly Poison+1","Footwork+1","Quick Slash"],"picked":"SKIP","floor":48}],"player_experience":30850,"relics_obtained":[{"floor":6,"key":"Bottled Flame"},{"floor":9,"key":"Mummified Hand"},{"floor":26,"key":"Juzu Bracelet"},{"floor":40,"key":"Letter Opener"},{"floor":43,"key":"Bottled Tornado"}],"event_choices":[{"cards_removed":["Defend_G"],"damage_healed":0,"gold_gain":0,"player_choice":"Card Removal","damage_taken":7,"max_hp_gain":0,"max_hp_loss":0,"event_name":"Golden Wing","floor":2,"gold_loss":0},{"cards_removed":["Survivor"],"damage_healed":0,"gold_gain":0,"player_choice":"Offered Basic","damage_taken":0,"max_hp_gain":0,"max_hp_loss":0,"event_name":"Bonfire Elementals","floor":3,"gold_loss":0},{"damage_healed":0,"gold_gain":0,"player_choice":"Entered Light","damage_taken":14,"max_hp_gain":0,"max_hp_loss":0,"event_name":"Shining Light","floor":14,"gold_loss":0,"cards_upgraded":["Strike_G","Finisher"]},{"damage_healed":0,"gold_gain":0,"player_choice":"Ignored","damage_taken":0,"max_hp_gain":0,"max_hp_loss":0,"event_name":"Vampires","floor":20,"gold_loss":0},{"damage_healed":0,"gold_gain":0,"player_choice":"Paid Fearfully","damage_taken":0,"max_hp_gain":0,"max_hp_loss":0,"event_name":"Masked Bandits","floor":24,"gold_loss":50},{"damage_healed":0,"gold_gain":0,"cards_transformed":["Defend_G","Defend_G"],"player_choice":"Became Test Subject","damage_taken":0,"max_hp_gain":0,"max_hp_loss":0,"event_name":"Drug Dealer","floor":31,"gold_loss":0,"cards_obtained":["Bullet Time","PiercingWail"]},{"cards_removed":["Slice"],"damage_healed":0,"gold_gain":0,"player_choice":"Removed Attack","damage_taken":0,"max_hp_gain":0,"max_hp_loss":0,"event_name":"Falling","floor":36,"gold_loss":0},{"damage_healed":0,"gold_gain":0,"player_choice":"Memory 1","damage_taken":0,"max_hp_gain":0,"max_hp_loss":0,"event_name":"SensoryStone","floor":38,"gold_loss":0},{"damage_healed":0,"gold_gain":0,"player_choice":"Ignored","damage_taken":0,"max_hp_gain":0,"max_hp_loss":0,"event_name":"Tomb of Lord Red Mask","floor":41,"gold_loss":0},{"damage_healed":0,"gold_gain":0,"player_choice":"Bought 0 Potions","damage_taken":0,"max_hp_gain":0,"max_hp_loss":0,"event_name":"The Woman in Blue","floor":42,"gold_loss":0}],"is_beta":false,"boss_relics":[{"not_picked":["Philosopher\u0027s Stone","Runic Pyramid"],"picked":"Sozu"},{"not_picked":["HoveringKite","Calling Bell"],"picked":"WristBlade"}],"items_purged_floors":[],"is_endless":false,"potions_floor_spawned":[11,12,13,16,25,27,33,37,45,48],"ascension_level":0}}