{"host":"Slaske","time":1614291285,"event":{"mods":["AchievementEnabler","BaseMod","Colored Map","Colored Powertips","Minty Spire (QoL Compilation)","Random Character Button","Relic Stats","slay the spire mod where everything is the same but ironclad has a cowboy hat"],"gold_per_floor":[217,234,52,65,65,93,93,368,421,451,19,33,61,61,61,163,163,176,206,206,217,132,161,177,177,177,47,75,93,112,124,124,244,244,262,276,326,370,389,418,418,29,54,64,64,12,72,72,72,72,72],"floor_reached":50,"language":"ENG","playtime":3171,"items_purged":["Regret"],"score":840,"play_id":"5fc5b12f-952b-466a-8ae0-57570286e563","local_time":"20210225231445","is_ascension_mode":true,"campfire_choices":[{"data":"Eruption","floor":7.0,"key":"SMITH"},{"data":"Fasting2","floor":15,"key":"SMITH"},{"floor":25,"key":"REST"},{"floor":32,"key":"REST"},{"floor":45,"key":"RECALL"},{"floor":49,"key":"REST"}],"circlet_count":0,"master_deck":["Strike_P","Strike_P+1","Strike_P+1","Defend_P","Defend_P","Defend_P+1","Eruption+1","Vigilance+1","TalkToTheHand+1","Halt+1","LessonLearned+1","Sanctity+1","Consecrate+1","Fasting2+1","SashWhip+1","SpiritShield+1","Prostrate+1","Study+1","TalkToTheHand","Vault","Consecrate+1","CrushJoints","MasterReality+1","CarveReality+1","Prostrate","Wallop+1","Panacea","FlurryOfBlows","FlurryOfBlows","Wish","Brilliance+1","TalkToTheHand+1","Fasting2+1","Prostrate+1","Consecrate","Flash of Steel","Dark Shackles","Ragnarok"],"relics":["PureWater","MealTicket","Omamori","Shuriken","Whetstone","Lee\u0027s Waffle","PreservedInsect","Calling Bell","Blood Vial","Frozen Egg 2","Mango","Red Mask","Turnip","Toy Ornithopter","HornCleat","Darkstone Periapt","Fusion Hammer","TungstenRod","CaptainsWheel","Torii","White Beast Statue"],"acts_visited":["Exordium","TheCity","TheBeyond"],"potions_floor_usage":[16,24,28,33,38,38,40,47,48,50],"damage_taken":[{"damage":7.0,"enemies":"Jaw Worm","floor":1.0,"turns":4.0},{"damage":0.0,"enemies":"Cultist","floor":2.0,"turns":2.0},{"damage":7.0,"enemies":"2 Louse","floor":4.0,"turns":4.0},{"damage":20.0,"enemies":"3 Sentries","floor":6.0,"turns":8.0},{"damage":36.0,"enemies":"Gremlin Nob","floor":10.0,"turns":4.0},{"damage":0.0,"enemies":"Looter","floor":12.0,"turns":3.0},{"damage":0.0,"enemies":"3 Sentries","floor":13.0,"turns":4.0},{"damage":6,"enemies":"The Guardian","floor":16,"turns":10},{"damage":38,"enemies":"3 Byrds","floor":18,"turns":8},{"damage":0,"enemies":"Masked Bandits","floor":19,"turns":3},{"damage":15,"enemies":"Shell Parasite","floor":21,"turns":6},{"damage":15,"enemies":"Slavers","floor":23,"turns":7},{"damage":0,"enemies":"Sentry and Sphere","floor":24,"turns":3},{"damage":12,"enemies":"Gremlin Leader","floor":28,"turns":6},{"damage":21,"enemies":"Centurion and Healer","floor":29,"turns":7},{"damage":0,"enemies":"Cultist and Chosen","floor":30,"turns":8},{"damage":5,"enemies":"Snecko","floor":31,"turns":5},{"damage":9,"enemies":"Champ","floor":33,"turns":8},{"damage":11,"enemies":"3 Shapes","floor":35,"turns":4},{"damage":0,"enemies":"Orb Walker","floor":36,"turns":3},{"damage":0,"enemies":"Mind Bloom Boss Battle","floor":37,"turns":2},{"damage":10,"enemies":"Spire Growth","floor":38,"turns":5},{"damage":0,"enemies":"3 Darklings","floor":39,"turns":4},{"damage":7,"enemies":"Nemesis","floor":40,"turns":7},{"damage":9,"enemies":"Maw","floor":44,"turns":9},{"damage":33,"enemies":"Reptomancer","floor":47,"turns":8},{"damage":0,"enemies":"Sphere and 2 Shapes","floor":48,"turns":2},{"damage":111,"enemies":"Donu and Deca","floor":50,"turns":8}],"seed_played":"-392198887305349849","potions_obtained":[{"floor":1.0,"key":"Block Potion"},{"floor":2.0,"key":"Regen Potion"},{"floor":10.0,"key":"SkillPotion"},{"floor":12.0,"key":"BottledMiracle"},{"floor":13,"key":"Block Potion"},{"floor":23,"key":"DistilledChaos"},{"floor":24,"key":"Regen Potion"},{"floor":30,"key":"BottledMiracle"},{"floor":31,"key":"BlessingOfTheForge"},{"floor":33,"key":"SteroidPotion"},{"floor":37,"key":"DistilledChaos"},{"floor":39,"key":"Weak Potion"},{"floor":40,"key":"SmokeBomb"}],"is_trial":false,"path_per_floor":["M","M","$","M","?","E","R","?","T","E","$","M","E","?","R","B",null,"M","?","?","M","?","E","M","R","T","$","E","M","M","M","R","B",null,"M","M","?","M","M","E","?","$","T","M","R","$","E","M","R","B"],"character_chosen":"WATCHER","items_purchased":["LessonLearned","Sanctity","Whetstone","Prostrate","Lee\u0027s Waffle","Wallop","Panacea","Torii","Dark Shackles","Fire Potion"],"campfire_rested":3,"item_purchase_floors":[3,3,11,11,11,27,27,42,42,46],"current_hp_per_floor":[65,65,65,58,58,53,53,53,53,17,79,79,79,72,72,66,90,54,56,38,25,25,12,19,48,48,63,73,54,56,53,82,80,94,85,87,89,88,90,90,90,98,98,89,89,98,65,72,98,0,0],"gold":72,"neow_bonus":"HUNDRED_GOLD","is_daily":false,"chose_seed":false,"campfire_upgraded":2,"win_rate":0.0,"timestamp":1614291285,"path_taken":["M","M","$","M","?","E","R","?","T","E","$","?","E","?","R","BOSS","M","?","?","M","?","E","M","R","T","?","E","M","?","M","R","BOSS","M","?","?","M","M","E","?","$","T","M","R","?","E","M","R","BOSS"],"items_purchased_type":["Card","Card","Relic","Card","Relic","Card","Card","Relic","Card","Potion"],"build_version":"2020-12-18","purchased_purges":1,"victory":false,"max_hp_per_floor":[72,72,72,72,72,72,72,72,72,72,79,79,79,79,79,79,93,93,93,98,98,98,98,98,98,98,98,98,98,98,98,98,98,98,98,98,98,98,98,98,98,98,98,98,98,98,98,98,98,98,98],"relic_stats":{"Darkstone Periapt":0,"Lee\u0027s Waffle":47,"Torii":0,"counters":[28,152],"PreservedInsect":191,"Whetstone":["LessonLearned","SashWhip"],"Blood Vial":34,"Shuriken":[43],"MealTicket":47,"Turnip":[11],"obtain_stats":[{"Darkstone Periapt":28,"Lee\u0027s Waffle":11,"Torii":42,"Mango":17,"PreservedInsect":13,"Omamori":9,"Whetstone":11,"Frozen Egg 2":17,"White Beast Statue":47,"Calling Bell":17,"Blood Vial":17,"CaptainsWheel":40,"HornCleat":26,"Shuriken":10,"MealTicket":6,"Turnip":22,"Fusion Hammer":34,"Red Mask":19,"PureWater":0,"Toy Ornithopter":23,"TungstenRod":37},{"Darkstone Periapt":14,"Lee\u0027s Waffle":5,"Torii":24,"Mango":8,"PreservedInsect":7,"Omamori":4,"Whetstone":5,"Frozen Egg 2":8,"White Beast Statue":26,"Calling Bell":8,"Blood Vial":8,"CaptainsWheel":24,"HornCleat":13,"Shuriken":5,"MealTicket":4,"Turnip":11,"Fusion Hammer":18,"Red Mask":10,"PureWater":0,"Toy Ornithopter":12,"TungstenRod":21},{"Darkstone Periapt":72,"Lee\u0027s Waffle":22,"Torii":125,"Mango":39,"PreservedInsect":29,"Omamori":18,"Whetstone":22,"Frozen Egg 2":39,"White Beast Statue":142,"Calling Bell":39,"Blood Vial":39,"CaptainsWheel":125,"HornCleat":66,"Shuriken":22,"MealTicket":18,"Turnip":56,"Fusion Hammer":100,"Red Mask":50,"PureWater":0,"Toy Ornithopter":63,"TungstenRod":109}],"Toy Ornithopter":37,"TungstenRod":16},"card_choices":[{"not_picked":["FollowUp","JustLucky"],"picked":"TalkToTheHand","floor":1.0},{"not_picked":["ThirdEye","Vengeance"],"picked":"Halt","floor":2.0},{"not_picked":["ThirdEye","Prostrate"],"picked":"Consecrate","floor":4.0},{"not_picked":["EmptyFist","Vengeance"],"picked":"SashWhip","floor":6.0},{"not_picked":["InnerPeace","BattleHymn"],"picked":"SpiritShield","floor":10.0},{"not_picked":["PathToVictory","Halt"],"picked":"Study","floor":12.0},{"not_picked":["FollowUp","Protect"],"picked":"TalkToTheHand","floor":13},{"not_picked":["Wish","LessonLearned"],"picked":"Vault","floor":16},{"not_picked":["MentalFortress+1","WreathOfFlame"],"picked":"Consecrate","floor":18},{"not_picked":["Consecrate","Vengeance"],"picked":"CrushJoints","floor":19},{"not_picked":["BowlingBash","CutThroughFate"],"picked":"MasterReality+1","floor":21},{"not_picked":["Swivel+1","JustLucky"],"picked":"CarveReality","floor":23},{"not_picked":["EmptyFist","Evaluate+1"],"picked":"Prostrate","floor":24},{"not_picked":["Worship","Evaluate","InnerPeace"],"picked":"SKIP","floor":28},{"not_picked":["PathToVictory","WheelKick"],"picked":"FlurryOfBlows","floor":29},{"not_picked":["FollowUp+1","Collect"],"picked":"FlurryOfBlows","floor":30},{"not_picked":["FollowUp","ThirdEye+1"],"picked":"Wish","floor":31},{"not_picked":["Judgement","Scrawl"],"picked":"Brilliance","floor":33},{"not_picked":["EmptyMind+1","Study+1"],"picked":"TalkToTheHand+1","floor":35},{"not_picked":["Crescendo+1","SashWhip","Weave+1"],"picked":"SKIP","floor":36},{"not_picked":["Evaluate","Perseverance"],"picked":"Fasting2+1","floor":37},{"not_picked":["PathToVictory+1","Evaluate+1","JustLucky"],"picked":"SKIP","floor":38},{"not_picked":["Crescendo+1","MasterReality+1"],"picked":"Prostrate+1","floor":39},{"not_picked":["SignatureMove","Worship+1"],"picked":"Consecrate","floor":40},{"not_picked":["Bandage Up","Madness"],"picked":"Flash of Steel","floor":41},{"not_picked":["Meditate+1","PathToVictory+1","Tantrum+1"],"picked":"SKIP","floor":44},{"not_picked":["Sanctity+1","Crescendo"],"picked":"Ragnarok","floor":47}],"player_experience":559383,"relics_obtained":[{"floor":6.0,"key":"MealTicket"},{"floor":9.0,"key":"Omamori"},{"floor":10.0,"key":"Shuriken"},{"floor":13,"key":"PreservedInsect"},{"floor":17,"key":"Blood Vial"},{"floor":17,"key":"Frozen Egg 2"},{"floor":17,"key":"Mango"},{"floor":19,"key":"Red Mask"},{"floor":23,"key":"Toy Ornithopter"},{"floor":26,"key":"HornCleat"},{"floor":28,"key":"Darkstone Periapt"},{"floor":37,"key":"TungstenRod"},{"floor":40,"key":"CaptainsWheel"},{"floor":47,"key":"White Beast Statue"}],"event_choices":[{"damage_healed":0.0,"max_hp_gain":0.0,"max_hp_loss":0.0,"gold_gain":0.0,"cards_transformed":["Strike_P"],"event_name":"Living Wall","player_choice":"Change","floor":5.0,"gold_loss":0.0,"damage_taken":0.0,"cards_obtained":["Fasting2"]},{"damage_healed":0.0,"max_hp_gain":0.0,"max_hp_loss":0.0,"gold_gain":275.0,"event_name":"Golden Shrine","player_choice":"Desecrate","floor":8.0,"gold_loss":0.0,"damage_taken":0.0,"cards_obtained":["Regret"]},{"cards_removed":["Defend_P"],"damage_healed":0,"gold_gain":0,"player_choice":"Card Removal","damage_taken":7,"max_hp_gain":0,"max_hp_loss":0,"event_name":"Golden Wing","floor":14,"gold_loss":0},{"damage_healed":0,"gold_gain":0,"player_choice":"Fought Bandits","damage_taken":0,"max_hp_gain":0,"max_hp_loss":0,"event_name":"Masked Bandits","floor":19,"gold_loss":0},{"damage_healed":0,"gold_gain":0,"player_choice":"Shed Blood","damage_taken":23,"max_hp_gain":5,"max_hp_loss":0,"event_name":"Forgotten Altar","floor":20,"gold_loss":0},{"damage_healed":0,"gold_gain":0,"player_choice":"Obtained Relic","damage_taken":0,"relics_obtained":["Turnip"],"max_hp_gain":0,"max_hp_loss":0,"event_name":"Addict","floor":22,"gold_loss":85},{"damage_healed":0,"gold_gain":0,"player_choice":"Fight","damage_taken":0,"max_hp_gain":0,"max_hp_loss":0,"event_name":"MindBloom","floor":37,"gold_loss":0},{"damage_healed":0,"gold_gain":0,"player_choice":"Memory 1","damage_taken":0,"max_hp_gain":0,"max_hp_loss":0,"event_name":"SensoryStone","floor":41,"gold_loss":0}],"is_beta":true,"boss_relics":[{"not_picked":["Ectoplasm","SlaversCollar"],"picked":"Calling Bell"},{"not_picked":["Snecko Eye","Velvet Choker"],"picked":"Fusion Hammer"}],"items_purged_floors":[11],"is_endless":false,"potions_floor_spawned":[1,2,10,12,13,23,24,30,31,33,37,39,40,48],"killed_by":"Donu and Deca","ascension_level":5}}