{"host":"7oiwk103j2prpym5","time":1614277695,"event":{"mods":["BaseMod","BetterRewards","Colored Map","Colored Powertips","GifTheSpireLib","Infinite Spire","Minty Spire (QoL Compilation)","Permanent Neow","Relic Filter Mod","Reliquary","Remove Card Discount Mod","Replay The Spire","StSLib","Stuff the Spire","Weighted Paths"],"gold_per_floor":[117,192,192,192,211,245,265,265,291,321,321,349,369,386,386,483,483,503,513,16,16,16,47,65,65,65],"floor_reached":25,"language":"ENG","playtime":1930,"items_purged":["Strike_G","Defend_G","Strike_G","Strike_G","Defend_G"],"score":341,"play_id":"fb2f7e8a-d409-4329-ab8a-57f198751240","local_time":"20210225122815","is_ascension_mode":false,"campfire_choices":[{"floor":8,"key":"REST"},{"floor":11,"key":"REST"},{"floor":15,"key":"REST"}],"circlet_count":0,"master_deck":["Strike_G","Strike_G","Defend_G","Defend_G","Survivor","Neutralize","Poisoned Stab+1","Noxious Fumes","Replay:Bag of Tricks","Cloak And Dagger","Outmaneuver","StuffTheSpire:Repulse","Deadly Poison","Distraction","Backflip+1","Sadistic Nature","Hallucinations","infinitespire:DeathsTouch","Draining Mist+1","Backflip"],"relics":["Ring of the Snake","Paper Crane","Oddly Smooth Stone","Lizard Tail","Replay:Mystery Machine","reliquary:JackalopeAntler","infinitespire:Satchel","HoveringKite","StuffTheSpire:MayFlowers","ReplayTheSpireMod:Ring of Challenge","ReplayTheSpireMod:Ring of Addiction","Toy Ornithopter","Chameleon Ring","Girya","infinitespire:Magic Flask"],"acts_visited":["Exordium","TheCity"],"potions_floor_usage":[18,23,24,25],"damage_taken":[{"damage":0,"enemies":"2 Louse","floor":1,"turns":4},{"damage":7,"enemies":"Small Slimes","floor":5,"turns":3},{"damage":11,"enemies":"3 Sentries","floor":6,"turns":8},{"damage":0,"enemies":"Cultist","floor":7,"turns":3},{"damage":4,"enemies":"Lagavulin","floor":10,"turns":5},{"damage":18,"enemies":"3 Sentries","floor":12,"turns":7},{"damage":0,"enemies":"Lots of Slimes","floor":13,"turns":4},{"damage":0,"enemies":"Large Slime","floor":14,"turns":5},{"damage":12,"enemies":"Hexaghost","floor":16,"turns":8},{"damage":22,"enemies":"2 Thieves","floor":18,"turns":4},{"damage":15,"enemies":"3 Byrds","floor":19,"turns":6},{"damage":19,"enemies":"Gremlin Leader","floor":23,"turns":3},{"damage":13,"enemies":"Snake Plant","floor":24,"turns":3},{"damage":62,"enemies":"Nightmare","floor":25,"turns":6}],"seed_played":"6653450881184950183","potions_obtained":[{"floor":5,"key":"ColorlessPotion"},{"floor":10,"key":"Strength Potion"},{"floor":12,"key":"SkillPotion"},{"floor":16,"key":"FearPotion"},{"floor":18,"key":"Toxic Potion"},{"floor":19,"key":"AttackPotion"}],"is_trial":false,"path_per_floor":["M","?","?","?","M","E","M","R","T","E","R","E","M","M","R","B",null,"M","M","$","?","AVR","E","M","NM"],"character_chosen":"THE_SILENT","items_purchased":["Paper Crane","StuffTheSpire:MayFlowers","Sadistic Nature"],"campfire_rested":3,"item_purchase_floors":[0,20,20],"current_hp_per_floor":[59,48,48,48,41,30,30,51,51,47,68,50,50,50,70,58,70,48,33,33,33,33,19,11,0,0],"gold":65,"neow_bonus":"","is_daily":false,"chose_seed":false,"campfire_upgraded":0,"win_rate":0.0,"timestamp":1614277695,"path_taken":["M","?","?","?","M","E","M","R","T","E","R","E","M","?","R","BOSS","M","?","$","?","AVR","E","M","NM"],"items_purchased_type":["Relic","Relic","Card"],"build_version":"2020-12-22","purchased_purges":5,"victory":false,"max_hp_per_floor":[70,70,70,70,70,70,70,70,70,70,70,70,70,70,70,70,70,70,70,70,70,70,70,70,70,70],"card_choices":[{"not_picked":["Hidden Blade","PiercingWail"],"picked":"Poisoned Stab","floor":1},{"not_picked":["Sucker Punch","Prepared"],"picked":"Noxious Fumes","floor":5},{"not_picked":["Cloak And Dagger","Terror"],"picked":"Replay:Bag of Tricks","floor":6},{"not_picked":["Dodge and Roll","Eviscerate"],"picked":"Cloak And Dagger","floor":7},{"not_picked":["StuffTheSpire:MirrorStance","Riddle With Holes"],"picked":"Outmaneuver","floor":10},{"not_picked":["StuffTheSpire:Shiver","Slice"],"picked":"StuffTheSpire:Repulse","floor":12},{"not_picked":["StuffTheSpire:ClusterCrunch","StuffTheSpire:MirrorStance"],"picked":"Deadly Poison","floor":13},{"not_picked":["Blade Dance","Skewer"],"picked":"Distraction","floor":14},{"not_picked":["Cloak And Dagger","Underhanded Strike"],"picked":"Backflip+1","floor":18},{"not_picked":["Distraction","Poisoned Stab","StuffTheSpire:BumpUp"],"picked":"SKIP","floor":19},{"not_picked":["Replay:Bag of Tricks","ReplayTheSpireMod:Speed Training+1"],"picked":"Draining Mist+1","floor":23},{"not_picked":["Dodge and Roll+1","Poisoned Stab"],"picked":"Backflip","floor":24}],"player_experience":919526,"relics_obtained":[{"floor":6,"key":"Lizard Tail"},{"floor":9,"key":"Replay:Mystery Machine"},{"floor":10,"key":"reliquary:JackalopeAntler"},{"floor":12,"key":"infinitespire:Satchel"},{"floor":21,"key":"ReplayTheSpireMod:Ring of Challenge"},{"floor":21,"key":"ReplayTheSpireMod:Ring of Addiction"},{"floor":21,"key":"Toy Ornithopter"},{"floor":21,"key":"Chameleon Ring"},{"floor":23,"key":"infinitespire:Magic Flask"}],"event_choices":[{"damage_healed":0,"gold_gain":75,"player_choice":"Gather Gold","damage_taken":11,"max_hp_gain":0,"max_hp_loss":0,"event_name":"World of Goop","floor":2,"gold_loss":0},{"damage_healed":0,"gold_gain":0,"player_choice":"Grow","damage_taken":0,"max_hp_gain":0,"max_hp_loss":0,"event_name":"Living Wall","floor":3,"gold_loss":0,"cards_upgraded":["Poisoned Stab"]},{"cards_removed":["Defend_G"],"damage_healed":0,"gold_gain":0,"player_choice":"Offered Basic","damage_taken":0,"max_hp_gain":0,"max_hp_loss":0,"event_name":"Bonfire Elementals","floor":4,"gold_loss":0}],"is_beta":false,"boss_relics":[{"not_picked":["Runic Dome","infinitespire:Cupcake"],"picked":"HoveringKite"}],"items_purged_floors":[0,0,20,20,20],"is_endless":false,"potions_floor_spawned":[5,10,12,16,18,19],"killed_by":"Nightmare","ascension_level":0}}