{"host":"mnpd8gh7cwxsn5kh","time":1614278396,"event":{"mods":["BaseMod","Bestiary","Block Reminder","Colored Map","Colored Powertips","Highlight Path","Minty Spire (QoL Compilation)","Relic Sorter","Relic Stats"],"gold_per_floor":[111,111,126,143,162,162,192,192,192,227,54,54,54,70,70,143,143,159,159,159,159,175,205,222,222,222,238,253,281,181,198,198,269,269,283,308,320,337,350,375,389,389,389,389,406,242,261,271,271,271,271],"floor_reached":52,"language":"ENG","playtime":4902,"items_purged":["Strike_B","Strike_B"],"score":1801,"play_id":"03e9f0e0-bdd8-4cab-bad2-737f53238c55","local_time":"20210225193956","is_ascension_mode":true,"campfire_choices":[{"data":"Dualcast","floor":6.0,"key":"SMITH"},{"floor":8.0,"key":"REST"},{"data":"Hologram","floor":13.0,"key":"SMITH"},{"data":"Capacitor","floor":15.0,"key":"SMITH"},{"floor":25,"key":"REST"},{"data":"Rainbow","floor":32,"key":"SMITH"},{"floor":42,"key":"REST"},{"data":"Fission","floor":44,"key":"SMITH"},{"floor":49,"key":"REST"}],"circlet_count":0,"master_deck":["AscendersBane","Defend_B","Defend_B","Defend_B","Defend_B","Zap+1","Dualcast+1","Streamline+1","Ball Lightning","Leap","Conserve Battery","Chill","Hologram+1","BootSequence","Rebound","Capacitor+1","Electrodynamics","Self Repair","Rainbow+1","Go for the Eyes","Glacier","Electrodynamics","Ball Lightning","Coolheaded+1","Conserve Battery+1","Fission+1","Leap+1","Reinforced Body","Echo Form","Undo+1","Hologram+1","Electrodynamics"],"relics":["Cracked Core","Blood Vial","Mercury Hourglass","Matryoshka","SlaversCollar","Akabeko","Vajra","Singing Bowl","Dead Branch","Sozu","Potion Belt","White Beast Statue","Letter Opener","Orrery"],"acts_visited":["Exordium","TheCity","TheBeyond"],"potions_floor_usage":[16,23,27,33,39],"damage_taken":[{"damage":8.0,"enemies":"2 Louse","floor":1.0,"turns":2.0},{"damage":0.0,"enemies":"Cultist","floor":3.0,"turns":2.0},{"damage":3.0,"enemies":"Small Slimes","floor":4.0,"turns":2.0},{"damage":6.0,"enemies":"3 Louse","floor":5.0,"turns":3.0},{"damage":10.0,"enemies":"3 Sentries","floor":7.0,"turns":5.0},{"damage":19.0,"enemies":"Lagavulin","floor":10.0,"turns":5.0},{"damage":0.0,"enemies":"2 Fungi Beasts","floor":14.0,"turns":2.0},{"damage":3,"enemies":"Slime Boss","floor":16,"turns":7},{"damage":0,"enemies":"3 Byrds","floor":18,"turns":3},{"damage":8,"enemies":"Shell Parasite","floor":22,"turns":7},{"damage":48,"enemies":"Book of Stabbing","floor":23,"turns":7},{"damage":6,"enemies":"Centurion and Healer","floor":24,"turns":4},{"damage":11,"enemies":"Cultist and Chosen","floor":27,"turns":8},{"damage":11,"enemies":"Sentry and Sphere","floor":28,"turns":5},{"damage":14,"enemies":"Gremlin Leader","floor":29,"turns":6},{"damage":10,"enemies":"3 Cultists","floor":31,"turns":4},{"damage":32,"enemies":"Champ","floor":33,"turns":19},{"damage":27,"enemies":"3 Darklings","floor":35,"turns":4},{"damage":0,"enemies":"3 Shapes","floor":37,"turns":3},{"damage":3,"enemies":"3 Darklings","floor":38,"turns":5},{"damage":10,"enemies":"Writhing Mass","floor":39,"turns":9},{"damage":68,"enemies":"Nemesis","floor":40,"turns":9},{"damage":0,"enemies":"Sphere and 2 Shapes","floor":41,"turns":3},{"damage":0,"enemies":"Jaw Worm Horde","floor":45,"turns":2},{"damage":36,"enemies":"Transient","floor":47,"turns":6},{"damage":19,"enemies":"Writhing Mass","floor":48,"turns":6},{"damage":63,"enemies":"Awakened One","floor":50,"turns":22},{"damage":15,"enemies":"Donu and Deca","floor":51,"turns":12}],"seed_played":"5537342436727120617","potions_obtained":[{"floor":4.0,"key":"FocusPotion"},{"floor":5.0,"key":"PotionOfCapacity"},{"floor":10.0,"key":"Fire Potion"},{"floor":22,"key":"FairyPotion"},{"floor":24,"key":"GamblersBrew"},{"floor":28,"key":"DistilledChaos"},{"floor":33,"key":"GamblersBrew"}],"is_trial":false,"path_per_floor":["M","?","M","M","M","R","E","R","T","E","$","?","R","M","R","B",null,"M","?","?","?","M","E","M","R","T","M","M","E","$","M","R","B",null,"M","T","M","M","M","E","M","R","T","R","M","$","M","M","R","B","B",null],"character_chosen":"DEFECT","items_purchased":["BootSequence","Rebound","Orrery"],"campfire_rested":4,"item_purchase_floors":[11,11,46],"current_hp_per_floor":[56,56,56,53,47,47,37,58,58,41,41,41,41,43,43,42,64,66,66,66,66,67,28,31,52,52,43,41,38,38,32,32,9,59,43,43,54,60,59,31,42,66,66,66,75,79,54,39,66,19,13],"gold":271,"neow_bonus":"UPGRADE_CARD","is_daily":false,"chose_seed":false,"campfire_upgraded":5,"win_rate":0.0,"timestamp":1614278396,"path_taken":["M","?","M","?","M","R","E","R","T","E","?","?","R","M","R","BOSS","M","?","?","?","M","E","M","R","T","M","M","E","?","M","R","BOSS","M","?","M","M","M","E","?","R","T","R","M","$","?","M","R","BOSS","BOSS"],"items_purchased_type":["Card","Card","Relic"],"build_version":"2020-12-22","purchased_purges":2,"victory":true,"max_hp_per_floor":[71,71,71,71,71,71,71,71,71,71,71,71,71,71,71,71,71,71,71,71,71,71,71,71,71,71,71,71,73,73,75,75,75,75,77,77,79,79,79,81,83,83,83,83,83,87,89,91,91,91,91],"relic_stats":{"Blood Vial":46,"Sozu":6,"Singing Bowl":20,"counters":[28,172],"Dead Branch":[52],"Letter Opener":[198],"obtain_stats":[{"Potion Belt":36,"Singing Bowl":26,"Dead Branch":29,"Vajra":26,"Letter Opener":43,"Akabeko":23,"White Beast Statue":40,"Mercury Hourglass":9,"Blood Vial":7,"Sozu":34,"SlaversCollar":17,"Matryoshka":10,"Orrery":46,"Cracked Core":0},{"Potion Belt":18,"Singing Bowl":12,"Dead Branch":15,"Vajra":12,"Letter Opener":23,"Akabeko":11,"White Beast Statue":22,"Mercury Hourglass":5,"Blood Vial":5,"Sozu":17,"SlaversCollar":8,"Matryoshka":6,"Orrery":24,"Cracked Core":0},{"Potion Belt":95,"Singing Bowl":49,"Dead Branch":68,"Vajra":49,"Letter Opener":124,"Akabeko":45,"White Beast Statue":121,"Mercury Hourglass":14,"Blood Vial":14,"Sozu":91,"SlaversCollar":28,"Matryoshka":19,"Orrery":126,"Cracked Core":0}],"Mercury Hourglass":[457]},"card_choices":[{"not_picked":["Cold Snap","Loop"],"picked":"Streamline","floor":1.0},{"not_picked":["Compile Driver","Stack"],"picked":"Ball Lightning","floor":3.0},{"not_picked":["Aggregate","Turbo"],"picked":"Leap","floor":4.0},{"not_picked":["White Noise","Go for the Eyes"],"picked":"Conserve Battery","floor":5.0},{"not_picked":["Conserve Battery","Aggregate"],"picked":"Chill","floor":7.0},{"not_picked":["Chaos","Streamline"],"picked":"Hologram","floor":10.0},{"not_picked":["Skim","Thunder Strike"],"picked":"Capacitor","floor":14.0},{"not_picked":["Buffer","Thunder Strike"],"picked":"Electrodynamics","floor":16},{"not_picked":["Gash","Leap","Rebound+1"],"picked":"SKIP","floor":18},{"not_picked":["Skim","Leap"],"picked":"Glacier","floor":22},{"not_picked":["White Noise+1","Self Repair"],"picked":"Electrodynamics","floor":23},{"not_picked":["Streamline","Go for the Eyes"],"picked":"Ball Lightning","floor":24},{"not_picked":["Darkness","Gash"],"picked":"Coolheaded+1","floor":27},{"not_picked":["Sweeping Beam","Doom and Gloom"],"picked":"Conserve Battery+1","floor":28},{"not_picked":["Stack+1","Rebound","Streamline"],"picked":"Singing Bowl","floor":29},{"not_picked":["Heatsinks","Streamline","Coolheaded"],"picked":"Singing Bowl","floor":31},{"not_picked":["Core Surge","All For One"],"picked":"Fission","floor":33},{"not_picked":["Turbo","Redo","Aggregate"],"picked":"Singing Bowl","floor":35},{"not_picked":["Barrage","Chill","Aggregate"],"picked":"Singing Bowl","floor":37},{"not_picked":["Melter","Beam Cell"],"picked":"Leap+1","floor":38},{"not_picked":["Redo","Beam Cell"],"picked":"Reinforced Body","floor":39},{"not_picked":["Hologram","Steam","Conserve Battery+1"],"picked":"Singing Bowl","floor":40},{"not_picked":["Ball Lightning+1","Loop","Steam+1"],"picked":"Singing Bowl","floor":41},{"not_picked":["Leap","Sweeping Beam"],"picked":"Echo Form","floor":45},{"not_picked":["Barrage","Force Field","Chaos"],"picked":"Singing Bowl","floor":46},{"not_picked":["Loop","Amplify"],"picked":"Undo+1","floor":46},{"not_picked":["Reprogram","Steam+1","Ball Lightning"],"picked":"Singing Bowl","floor":46},{"not_picked":["Stack","Sweeping Beam+1"],"picked":"Hologram+1","floor":46},{"not_picked":["Go for the Eyes","Gash"],"picked":"Electrodynamics","floor":46},{"not_picked":["FTL","Rebound","Streamline"],"picked":"Singing Bowl","floor":47},{"not_picked":["Heatsinks+1","Genetic Algorithm+1","Redo"],"picked":"Singing Bowl","floor":48}],"player_experience":716966,"relics_obtained":[{"floor":7.0,"key":"Blood Vial"},{"floor":9.0,"key":"Mercury Hourglass"},{"floor":10.0,"key":"Matryoshka"},{"floor":23,"key":"Akabeko"},{"floor":26,"key":"Vajra"},{"floor":26,"key":"Singing Bowl"},{"floor":29,"key":"Dead Branch"},{"floor":36,"key":"Potion Belt"},{"floor":40,"key":"White Beast Statue"},{"floor":43,"key":"Letter Opener"}],"event_choices":[{"damage_healed":0.0,"max_hp_gain":0.0,"max_hp_loss":0.0,"gold_gain":0.0,"event_name":"Accursed Blacksmith","player_choice":"Forge","floor":2.0,"gold_loss":0.0,"damage_taken":0.0,"cards_upgraded":["Streamline"]},{"damage_healed":0.0,"max_hp_gain":0.0,"max_hp_loss":0.0,"gold_gain":0.0,"event_name":"Liars Game","player_choice":"Ignored","floor":12.0,"gold_loss":0.0,"damage_taken":0.0},{"damage_healed":0,"gold_gain":0,"player_choice":"Read","damage_taken":0,"max_hp_gain":0,"max_hp_loss":0,"event_name":"The Library","floor":19,"gold_loss":0,"cards_obtained":["Self Repair"]},{"damage_healed":0,"gold_gain":0,"player_choice":"Ignored","damage_taken":0,"max_hp_gain":0,"max_hp_loss":0,"event_name":"Vampires","floor":20,"gold_loss":0},{"damage_healed":0,"gold_gain":0,"cards_transformed":["Strike_B","Strike_B"],"player_choice":"Became Test Subject","damage_taken":0,"max_hp_gain":0,"max_hp_loss":0,"event_name":"Drug Dealer","floor":21,"gold_loss":0,"cards_obtained":["Rainbow","Go for the Eyes"]}],"is_beta":false,"boss_relics":[{"not_picked":["Cursed Key","SacredBark"],"picked":"SlaversCollar"},{"not_picked":["Busted Crown","Fusion Hammer"],"picked":"Sozu"}],"items_purged_floors":[11,30],"is_endless":false,"potions_floor_spawned":[4,5,10,22,24,28,31,33,35,37,41,45,47,48],"ascension_level":20}}