{"host":"2fgwwnzqc97k7iys","time":1614292830,"event":{"mods":["BaseMod","Colored Map","Minty Spire (QoL Compilation)","Quick Restart","Relic Stats"],"gold_per_floor":[110,127,141,141,20,20,52,52,100,112,142,172,200,239,251,358,370,395,419,197,197,197,197,197],"floor_reached":23,"language":"ENG","playtime":1362,"items_purged":["Strike_R","Anger"],"score":312,"play_id":"88906c41-afa5-4dfb-9848-31b94eb7e11f","local_time":"20210225164030","is_ascension_mode":true,"campfire_choices":[{"data":"Uppercut","floor":6,"key":"SMITH"},{"data":"Shrug It Off","floor":8,"key":"SMITH"},{"data":"Bash","floor":10,"key":"SMITH"},{"data":"True Grit","floor":15,"key":"SMITH"}],"circlet_count":0,"master_deck":["AscendersBane","Strike_R","Strike_R","Strike_R","Strike_R","Defend_R","Defend_R","Defend_R","Defend_R","Bash+1","Uppercut+1","Shrug It Off+1","Flame Barrier","Hemokinesis","True Grit+1","Immolate","Hemokinesis","Iron Wave+1","Blood for Blood","Shrug It Off"],"relics":["Burning Blood","NeowsBlessing","CultistMask","Red Skull","Singing Bowl","Runic Cube","Nloth\u0027s Gift"],"acts_visited":["Exordium","TheCity"],"potions_floor_usage":[11,16,19],"damage_taken":[{"damage":0,"enemies":"Cultist","floor":1,"turns":1},{"damage":0,"enemies":"2 Louse","floor":2,"turns":1},{"damage":0,"enemies":"Jaw Worm","floor":3,"turns":1},{"damage":28,"enemies":"Gremlin Nob","floor":7,"turns":4},{"damage":7,"enemies":"Lots of Slimes","floor":11,"turns":3},{"damage":17,"enemies":"3 Louse","floor":12,"turns":3},{"damage":1,"enemies":"Blue Slaver","floor":13,"turns":3},{"damage":24,"enemies":"3 Sentries","floor":14,"turns":9},{"damage":31,"enemies":"The Guardian","floor":16,"turns":8},{"damage":23,"enemies":"Chosen","floor":18,"turns":7},{"damage":22,"enemies":"3 Byrds","floor":19,"turns":4},{"damage":34,"enemies":"Gremlin Leader","floor":23,"turns":5}],"seed_played":"6671778552917722992","potions_obtained":[{"floor":1,"key":"BloodPotion"},{"floor":2,"key":"Explosive Potion"},{"floor":12,"key":"ElixirPotion"},{"floor":16,"key":"Swift Potion"}],"is_trial":false,"path_per_floor":["M","M","M","?","$","R","E","R","T","R","M","M","M","E","R","B",null,"M","M","$","?","?","E"],"character_chosen":"IRONCLAD","items_purchased":["Shrug It Off","Blood for Blood","Shrug It Off"],"campfire_rested":0,"item_purchase_floors":[5,20,20],"current_hp_per_floor":[78,80,80,80,80,80,58,58,58,58,57,46,51,33,33,24,66,49,33,33,33,33,0,0],"gold":197,"neow_bonus":"THREE_ENEMY_KILL","is_daily":false,"chose_seed":false,"campfire_upgraded":4,"win_rate":0.0,"timestamp":1614292830,"path_taken":["M","?","M","?","$","R","E","R","T","R","M","M","M","E","R","BOSS","M","M","$","?","?","E"],"items_purchased_type":["Card","Card","Card"],"build_version":"2020-12-22","purchased_purges":2,"victory":false,"max_hp_per_floor":[80,80,80,80,80,80,80,80,80,80,80,80,80,80,80,80,80,80,80,80,80,80,80,80],"relic_stats":{"Singing Bowl":0,"counters":[12,49],"Nloth\u0027s Gift":0,"obtain_stats":[{"NeowsBlessing":0,"Singing Bowl":14,"CultistMask":4,"Nloth\u0027s Gift":22,"MawBank":9,"Burning Blood":0,"Red Skull":7,"Runic Cube":17},{"NeowsBlessing":0,"Singing Bowl":8,"CultistMask":3,"Nloth\u0027s Gift":11,"MawBank":4,"Burning Blood":0,"Red Skull":4,"Runic Cube":9},{"NeowsBlessing":0,"Singing Bowl":25,"CultistMask":3,"Nloth\u0027s Gift":44,"MawBank":7,"Burning Blood":0,"Red Skull":7,"Runic Cube":33}],"Burning Blood":56,"Runic Cube":[14]},"card_choices":[{"not_picked":["Pummel","Disarm"],"picked":"Anger","floor":1},{"not_picked":["True Grit","Infernal Blade"],"picked":"Uppercut","floor":2},{"not_picked":["Uppercut","Warcry","Clash"],"picked":"SKIP","floor":3},{"not_picked":["Barricade","Wild Strike","Perfected Strike"],"picked":"SKIP","floor":7},{"not_picked":["Feel No Pain","Warcry","Havoc"],"picked":"SKIP","floor":11},{"not_picked":["Anger","Searing Blow"],"picked":"Flame Barrier","floor":12},{"not_picked":["Evolve","Rage"],"picked":"Hemokinesis","floor":13},{"not_picked":["Headbutt","Juggernaut"],"picked":"True Grit","floor":14},{"not_picked":["Offering","Fiend Fire"],"picked":"Immolate","floor":16},{"not_picked":["Body Slam+1","Blood for Blood"],"picked":"Hemokinesis","floor":18},{"not_picked":["Flex+1","Thunderclap+1"],"picked":"Iron Wave+1","floor":19}],"player_experience":661816,"relics_obtained":[{"floor":7,"key":"Red Skull"},{"floor":9,"key":"MawBank"},{"floor":14,"key":"Singing Bowl"}],"event_choices":[{"damage_healed":0,"gold_gain":0,"player_choice":"Trade","damage_taken":0,"relics_obtained":["CultistMask"],"max_hp_gain":0,"max_hp_loss":0,"event_name":"FaceTrader","floor":4,"gold_loss":0},{"damage_healed":0,"gold_gain":0,"player_choice":"Ignored","damage_taken":0,"max_hp_gain":0,"max_hp_loss":0,"event_name":"The Mausoleum","floor":21,"gold_loss":0},{"damage_healed":0,"gold_gain":0,"player_choice":"Traded Relic","damage_taken":0,"relics_obtained":["Nloth\u0027s Gift"],"max_hp_gain":0,"max_hp_loss":0,"event_name":"N\u0027loth","floor":22,"relics_lost":["MawBank"],"gold_loss":0}],"is_beta":false,"boss_relics":[{"not_picked":["Runic Dome","SacredBark"],"picked":"Runic Cube"}],"items_purged_floors":[5,20],"is_endless":false,"potions_floor_spawned":[1,2,12,13,16],"killed_by":"Gremlin Leader","ascension_level":11}}