{"host":"dtipo12tscmg0mau","time":1614296940,"event":{"mods":["AchievementEnabler","BaseMod","Colored Map","Colored Powertips","Minty Spire (QoL Compilation)","Quick Restart","Random Character Button","StSLib","SuperFastMode"],"gold_per_floor":[119,135,150,167,184,218,233,233,282,282,22,22,34,66,66,164,164,175,175,185,185,185],"floor_reached":21,"language":"ENG","playtime":757,"items_purged":[],"score":222,"play_id":"649e1fa6-9bf5-4a67-9221-42e43a5ef07d","local_time":"20210225184900","is_ascension_mode":true,"campfire_choices":[{"data":"Uppercut","floor":8,"key":"SMITH"},{"floor":12,"key":"REST"},{"floor":15,"key":"REST"}],"circlet_count":0,"master_deck":["Strike_R","Strike_R","Strike_R","Strike_R","Strike_R","Defend_R","Defend_R","Defend_R","Defend_R","Bash","Uppercut+1","Iron Wave","Twin Strike","Thunderclap","Pommel Strike+1","Shrug It Off","Rampage","Carnage","Anger","Enlightenment","Dropkick","Berserk","Reaper","Armaments+1","Writhe","Twin Strike+1"],"relics":["Black Blood","NeowsBlessing","Potion Belt","Lantern","Toy Ornithopter","Darkstone Periapt"],"acts_visited":["Exordium","TheCity"],"potions_floor_usage":[6,14,16,16,18],"damage_taken":[{"damage":0,"enemies":"2 Louse","floor":1,"turns":1},{"damage":0,"enemies":"Cultist","floor":2,"turns":1},{"damage":0,"enemies":"Jaw Worm","floor":3,"turns":1},{"damage":28,"enemies":"Large Slime","floor":4,"turns":6},{"damage":26,"enemies":"Gremlin Gang","floor":5,"turns":5},{"damage":25,"enemies":"3 Sentries","floor":6,"turns":6},{"damage":4,"enemies":"Blue Slaver","floor":7,"turns":6},{"damage":12,"enemies":"Exordium Wildlife","floor":13,"turns":3},{"damage":20,"enemies":"Lagavulin","floor":14,"turns":5},{"damage":28,"enemies":"Slime Boss","floor":16,"turns":10},{"damage":20,"enemies":"Shell Parasite","floor":18,"turns":5},{"damage":48,"enemies":"2 Thieves","floor":20,"turns":4},{"damage":52,"enemies":"Masked Bandits","floor":21,"turns":3}],"seed_played":"-4270331736220523454","potions_obtained":[{"floor":2,"key":"Fire Potion"},{"floor":3,"key":"Energy Potion"},{"floor":5,"key":"Fire Potion"},{"floor":16,"key":"Block Potion"}],"is_trial":false,"path_per_floor":["M","M","M","M","M","E","M","R","T","?","$","R","M","E","R","B",null,"M","?","M","?"],"character_chosen":"IRONCLAD","items_purchased":["Carnage","Anger","Enlightenment","BlessingOfTheForge"],"campfire_rested":2,"item_purchase_floors":[11,11,11,11],"current_hp_per_floor":[80,80,80,58,38,19,21,21,21,21,21,45,39,25,49,37,80,78,84,50,0,0],"gold":185,"neow_bonus":"THREE_ENEMY_KILL","is_daily":false,"chose_seed":false,"campfire_upgraded":1,"win_rate":0.0,"timestamp":1614296940,"path_taken":["M","M","M","M","M","E","M","R","T","?","$","R","M","E","R","BOSS","M","?","M","?"],"items_purchased_type":["Card","Card","Card","Potion"],"build_version":"2020-12-22","purchased_purges":0,"victory":false,"max_hp_per_floor":[80,80,80,80,80,80,80,80,80,80,80,80,80,80,80,80,80,80,86,86,86,86],"card_choices":[{"not_picked":["Flex","Shockwave"],"picked":"Uppercut","floor":1},{"not_picked":["Flex","Whirlwind"],"picked":"Iron Wave","floor":2},{"not_picked":["Flex","Seeing Red"],"picked":"Twin Strike","floor":3},{"not_picked":["Flex","Pommel Strike"],"picked":"Thunderclap","floor":4},{"not_picked":["Rupture","Headbutt"],"picked":"Pommel Strike","floor":5},{"not_picked":["Intimidate","Thunderclap"],"picked":"Shrug It Off","floor":6},{"not_picked":["Feel No Pain","Flame Barrier"],"picked":"Rampage","floor":7},{"not_picked":["Combust","Pommel Strike"],"picked":"Dropkick","floor":13},{"not_picked":["Thunderclap","Pommel Strike"],"picked":"Berserk","floor":14},{"not_picked":["Barricade","Double Tap"],"picked":"Reaper","floor":16},{"not_picked":["Heavy Blade","Clothesline"],"picked":"Armaments+1","floor":18},{"not_picked":["Iron Wave","Anger"],"picked":"Twin Strike+1","floor":20}],"player_experience":179640,"relics_obtained":[{"floor":6,"key":"Potion Belt"},{"floor":9,"key":"Lantern"},{"floor":14,"key":"Toy Ornithopter"}],"event_choices":[{"damage_healed":0,"gold_gain":0,"player_choice":"Upgraded","damage_taken":0,"max_hp_gain":0,"max_hp_loss":0,"event_name":"Upgrade Shrine","floor":10,"gold_loss":0,"cards_upgraded":["Pommel Strike"]},{"damage_healed":0,"gold_gain":0,"player_choice":"Opened","damage_taken":0,"relics_obtained":["Darkstone Periapt"],"max_hp_gain":0,"max_hp_loss":0,"event_name":"The Mausoleum","floor":19,"gold_loss":0,"cards_obtained":["Writhe"]},{"damage_healed":0,"gold_gain":0,"player_choice":"Fought Bandits","damage_taken":0,"max_hp_gain":0,"max_hp_loss":0,"event_name":"Masked Bandits","floor":21,"gold_loss":0}],"is_beta":false,"boss_relics":[{"not_picked":["Coffee Dripper","Snecko Eye"],"picked":"Black Blood"}],"items_purged_floors":[],"is_endless":false,"potions_floor_spawned":[2,3,5,16],"killed_by":"Masked Bandits","ascension_level":3}}