{"host":"5lv0icc8l08nkbqt","time":1614238080,"event":{"mods":["Act Like it!","Aspiration","BaseMod","Colored Map","Conspire","Elementarium","Energized Spire","Gensokyo","Hallownest","Hubris","JesterMod","Jorbs\u0027s Wanderer Trilogy","Marisa????????","Menagerie","Minty Spire (QoL Compilation)","Pale of the Ancients","Reliquary","Replay The Spire","Ruina","Shade Mod","Spicy Shops","StSLib","The Blue Laboratory","The Disciple","The Hierophant","The Marked","Wandering Minibosses"],"gold_per_floor":[109,334,334,344,344,344,356,391,441,441,454,467,467,483,483,483,483],"floor_reached":16,"language":"ENG","playtime":744,"items_purged":[],"score":107,"play_id":"7a1e29bc-7f31-4ba2-b1b3-c08749f1e8c5","local_time":"20210225112800","is_ascension_mode":true,"campfire_choices":[{"data":"theMarked:SoldierOfQuellstein","floor":6,"key":"SMITH"},{"floor":10,"key":"REST"},{"floor":13,"key":"REST"}],"circlet_count":0,"master_deck":["theMarked:Strike","theMarked:Strike+1","theMarked:Strike","theMarked:Strike","theMarked:Strike","theMarked:Defend","theMarked:SoldierOfQuellstein+1","Replay:Hysterical Blindness","theMarked:EternalStudent","theMarked:PowerFlow","theMarked:Levitate","Blade Dance","Bullet Time","Cloak And Dagger","theMarked:Parry","theMarked:Aftermath","theMarked:ComboAttacks","theMarked:RepellingDischarge","theMarked:Overcharge"],"relics":["theMarked:ArtifactOfAir","conspire:DeflatedDodgeball","hubris:SlimyHat"],"acts_visited":["Exordium"],"potions_floor_usage":[12,14,16],"damage_taken":[{"damage":6,"enemies":"Menagerie:2_RABBITS","floor":1,"turns":3},{"damage":1,"enemies":"Menagerie:StygianBoar","floor":4,"turns":2},{"damage":7,"enemies":"Menagerie:WhisperingWraith","floor":7,"turns":3},{"damage":40,"enemies":"Menagerie:VoidReaper","floor":8,"turns":5},{"damage":0,"enemies":"Menagerie:RedMage","floor":11,"turns":2},{"damage":16,"enemies":"Menagerie:BEAST_MAGE_AND_PROWLING_AMALGAM","floor":12,"turns":6},{"damage":8,"enemies":"Menagerie:DREAD_MOTH_AND_GRAFTED_WORMS","floor":14,"turns":3},{"damage":38,"enemies":"Menagerie:Suneater","floor":16,"turns":3}],"seed_played":"5130133971701262399","potions_obtained":[{"floor":4,"key":"blueLaboratory:EnragingPotion"},{"floor":8,"key":"blueLaboratory:Moonshine"},{"floor":11,"key":"blueLaboratory:PyrophylliteBrew"},{"floor":12,"key":"LiquidMemories"}],"is_trial":false,"path_per_floor":["M","?","?","M","?","R","M","E","T","R","M","M","R","M","R_BF","B"],"character_chosen":"THE_DEFAULT","items_purchased":[],"campfire_rested":2,"item_purchase_floors":[],"current_hp_per_floor":[66,66,61,60,60,60,53,13,13,34,34,18,39,31,31,0,0],"gold":483,"neow_bonus":"THREE_RARE_CARDS","is_daily":false,"chose_seed":false,"campfire_upgraded":1,"win_rate":0.0,"timestamp":1614238080,"path_taken":["M","?","?","M","?","R","M","E","T","R","?","M","R","M","R_BF","BOSS"],"items_purchased_type":[],"build_version":"2020-12-22","purchased_purges":0,"victory":false,"max_hp_per_floor":[72,72,72,72,72,72,72,72,72,72,72,72,72,72,72,72,72],"card_choices":[{"not_picked":["theMarked:BindingBlade","theMarked:TurnInvisible"],"picked":"theMarked:EternalStudent","floor":0},{"not_picked":["theMarked:Electrify","theMarked:WardOff"],"picked":"theMarked:PowerFlow","floor":1},{"not_picked":["theMarked:Memento","theMarked:WardOff"],"picked":"theMarked:Levitate","floor":4},{"not_picked":["theMarked:Frustration","theMarked:HeightenedSenses"],"picked":"theMarked:Parry","floor":7},{"not_picked":["theMarked:MysticalArsenal","theMarked:Opportunist"],"picked":"theMarked:Aftermath","floor":8},{"not_picked":["theMarked:ElectricStrings","theMarked:EmpowerWeapon"],"picked":"theMarked:ComboAttacks","floor":11},{"not_picked":["theMarked:Reabsorb","theMarked:RepellingDischarge","theMarked:Improvise"],"picked":"SKIP","floor":12},{"not_picked":["theMarked:Reabsorb","theMarked:Improvise"],"picked":"theMarked:RepellingDischarge","floor":12},{"not_picked":["theMarked:ElectricStrings","theMarked:Frustration"],"picked":"theMarked:Overcharge","floor":14}],"player_experience":1763499,"relics_obtained":[{"floor":8,"key":"conspire:DeflatedDodgeball"},{"floor":9,"key":"hubris:SlimyHat"}],"event_choices":[{"damage_healed":0,"gold_gain":225,"player_choice":"Raid","damage_taken":0,"max_hp_gain":0,"max_hp_loss":0,"event_name":"Menagerie:SpiderNest","floor":2,"gold_loss":0,"cards_obtained":["Shame"]},{"damage_healed":0,"gold_gain":0,"player_choice":"Accept","damage_taken":0,"max_hp_gain":0,"max_hp_loss":5,"event_name":"Menagerie:HarrowingRitual","floor":3,"gold_loss":0,"cards_upgraded":["theMarked:Strike"]},{"cards_removed":["Shame"],"damage_healed":0,"gold_gain":0,"player_choice":"Wisdom","damage_taken":0,"max_hp_gain":0,"max_hp_loss":0,"event_name":"Menagerie:CloudVision","floor":15,"gold_loss":0}],"is_beta":false,"boss_relics":[],"items_purged_floors":[],"is_endless":false,"potions_floor_spawned":[4,8,11,12],"killed_by":"Menagerie:Suneater","ascension_level":1}}