{"host":"skr63qsdfgeey3it","time":1614229676,"event":{"mods":["BaseMod","Colored Map","Hubris","Minty Spire (QoL Compilation)","Monster B Gone","Reliquary","Replay The Spire","Spicy Shops","StSLib"],"gold_per_floor":[111,111,131,56,69,110,110,144,171,171,321,340,61,61,151,151,164,164,189,18,62,62,96,122,122,161,161,161,161],"floor_reached":31,"language":"ENG","playtime":4176,"items_purged":["hubris:Despair"],"score":625,"play_id":"ef817f14-815e-4cb4-8cf7-09b25a0c3b3c","local_time":"20210224230756","is_ascension_mode":true,"campfire_choices":[{"floor":7,"key":"REST"},{"data":"ReplayTheSpireMod:Fabricate Wheel","floor":10,"key":"SMITH"},{"data":"Electrodynamics","floor":15,"key":"SMITH"},{"data":"Fission","floor":24,"key":"SMITH"},{"data":"Zap","floor":27,"key":"SMITH"}],"circlet_count":0,"master_deck":["AscendersBane","Strike_B","Strike_B","Strike_B","Strike_B","Defend_B","Defend_B","Defend_B","Defend_B","Zap+1","Dualcast","Apotheosis","Crystallizer","Gash","Chill","Leap","Electrodynamics+1","Ball Lightning","hubris:PowerSurge","hubris:PowerSurge+1","Conserve Battery","Fission+1","Consume+1","Crystallizer","Capacitor","Gash","Steam","Lockon","ReplayTheSpireMod:Calculation Training"],"relics":["Cracked Core","Golden Idol","hubris:Teleporter","ReplayFunnel","Omamori","Prayer Wheel","reliquary:OuijaBoard","Philosopher\u0027s Stone","reliquary:RoseTintedGlasses","Boot","hubris:BallOfYels","Akabeko","Pet Ghost","hubris:Towel"],"acts_visited":["Exordium","TheCity"],"potions_floor_usage":[6,13,25,25],"damage_taken":[{"damage":2,"enemies":"Cultist","floor":1,"turns":4},{"damage":0,"enemies":"Small Slimes","floor":3,"turns":3},{"damage":1,"enemies":"2 Louse","floor":5,"turns":2},{"damage":10,"enemies":"3 Sentries","floor":6,"turns":8},{"damage":2,"enemies":"Lagavulin","floor":8,"turns":7},{"damage":0,"enemies":"Large Slime","floor":13,"turns":6},{"damage":3,"enemies":"The Guardian","floor":16,"turns":6},{"damage":6,"enemies":"Shell Parasite","floor":18,"turns":4},{"damage":12,"enemies":"2 Thieves","floor":21,"turns":2},{"damage":0,"enemies":"Gremlin Leader","floor":23,"turns":4},{"damage":0,"enemies":"Slavers","floor":25,"turns":3},{"damage":11,"enemies":"Gremlin Leader","floor":28,"turns":3},{"damage":39,"enemies":"Snake Plant","floor":31,"turns":2}],"seed_played":"-990465818381824940","potions_obtained":[{"floor":1,"key":"Block Potion"},{"floor":5,"key":"LiquidBronze"},{"floor":8,"key":"Venom Potion"},{"floor":16,"key":"Dexterity Potion"},{"floor":23,"key":"SkillPotion"},{"floor":28,"key":"Milkshake"}],"is_trial":false,"path_per_floor":["M","?","M","$","M","E","R","E","T","R","?","M","$","R","B",null,"M","?","M","$","E","R","E","T","R","E","?","M"],"character_chosen":"DEFECT","items_purchased":["hubris:PowerSurge+1","reliquary:OuijaBoard","Conserve Battery","reliquary:RoseTintedGlasses"],"campfire_rested":1,"item_purchase_floors":[14,14,14,22],"current_hp_per_floor":[62,38,38,38,37,27,48,46,46,46,46,46,46,46,43,64,58,58,46,46,46,46,46,46,46,35,35,0,0],"gold":161,"neow_bonus":"RANDOM_COLORLESS_2","is_daily":false,"chose_seed":false,"campfire_upgraded":4,"win_rate":0.0,"timestamp":1614229676,"path_taken":["M","?","M","$","M","E","R","E","T","R","?","M","$","R","BOSS","M","?","M","$","E","R","E","T","R","E","?","M"],"items_purchased_type":["Card","Relic","Card","Relic"],"build_version":"2020-12-22","purchased_purges":1,"victory":false,"max_hp_per_floor":[71,71,71,71,71,71,71,71,71,71,71,71,71,71,71,71,71,71,71,71,71,71,71,71,71,71,71,71,71],"card_choices":[{"not_picked":["Crow Ritual","Mayhem"],"picked":"Apotheosis","floor":0},{"not_picked":["Cold Snap","Heatsinks"],"picked":"Crystallizer","floor":1},{"not_picked":["Sweeping Beam","FTL"],"picked":"Gash","floor":3},{"not_picked":["Ball Lightning","Sweeping Beam"],"picked":"Chill","floor":5},{"not_picked":["Reboot","Barrage"],"picked":"Leap","floor":6},{"not_picked":["BootSequence","Heatsinks"],"picked":"ReplayTheSpireMod:Fabricate Wheel","floor":8},{"not_picked":["Leap","Hello World"],"picked":"Ball Lightning","floor":13},{"not_picked":["Reinforced Body","Darkness"],"picked":"hubris:PowerSurge","floor":13},{"not_picked":["Mirror Shield","Reboot"],"picked":"Fission","floor":16},{"not_picked":["BasicCrystalCard","Sweeping Beam"],"picked":"Consume+1","floor":18},{"not_picked":["Sweeping Beam","Melter"],"picked":"Crystallizer","floor":18},{"not_picked":["Leap","Cold Snap"],"picked":"Capacitor","floor":21},{"not_picked":["Beam Cell","Reprogram"],"picked":"Gash","floor":21},{"not_picked":["Rebound+1","Compile Driver"],"picked":"Steam","floor":23},{"not_picked":["Rebound","Leap"],"picked":"Lockon","floor":25},{"not_picked":["Undo","Panic Button"],"picked":"ReplayTheSpireMod:Calculation Training","floor":28}],"player_experience":1013928,"relics_obtained":[{"floor":6,"key":"hubris:Teleporter"},{"floor":8,"key":"ReplayFunnel"},{"floor":9,"key":"Omamori"},{"floor":23,"key":"Boot"},{"floor":25,"key":"hubris:BallOfYels"},{"floor":26,"key":"Akabeko"},{"floor":28,"key":"Pet Ghost"}],"event_choices":[{"damage_healed":0,"gold_gain":0,"player_choice":"Take Damage","damage_taken":24,"relics_obtained":["Golden Idol"],"max_hp_gain":0,"max_hp_loss":0,"event_name":"Golden Idol","floor":2,"gold_loss":0},{"damage_healed":0,"gold_gain":150,"player_choice":"AGREE","damage_taken":0,"max_hp_gain":0,"max_hp_loss":0,"event_name":"Liars Game","floor":11,"gold_loss":0,"cards_obtained":["Doubt"]}],"is_beta":false,"boss_relics":[{"not_picked":["Runic Dome","reliquary:KinkedSpring"],"picked":"Philosopher\u0027s Stone"}],"items_purged_floors":[4],"is_endless":false,"potions_floor_spawned":[1,5,8,16,21,23,28],"killed_by":"Snake Plant","ascension_level":16}}