{"host":"70zhvo5nwrhp1mbg","time":1614219219,"event":{"mods":["AchievementEnabler","BaseMod","Bestiary","Colored Map","Colored Powertips","Minty Spire (QoL Compilation)","Rare Cards Sparkle","Relic Stats","StSLib","ojb\u0027s Better Paths Mod","ojb\u0027s Info Mod: The sequel"],"gold_per_floor":[119,119,132,145,159,194,194,225,279,328,328,328,328,328],"floor_reached":13,"language":"ENG","playtime":724,"items_purged":[],"score":177,"play_id":"2e739e30-2b9e-4494-8df0-7b751201b5fe","local_time":"20210224211339","is_ascension_mode":true,"campfire_choices":[{"data":"Bash","floor":7,"key":"SMITH"},{"data":"Searing Blow","floor":12,"key":"SMITH"}],"circlet_count":0,"master_deck":["AscendersBane","Strike_R","Strike_R","Strike_R","Strike_R","Strike_R","Defend_R","Defend_R","Defend_R","Defend_R","Bash+1","Searing Blow+1","Shrug It Off","Clash","Rampage","Spot Weakness","Metallicize"],"relics":["Burning Blood","Singing Bowl","Ornamental Fan","Toy Ornithopter","Nunchaku","Strawberry"],"acts_visited":["Exordium"],"potions_floor_usage":[3,5,6,8],"damage_taken":[{"damage":6.0,"enemies":"Jaw Worm","floor":1.0,"turns":6.0},{"damage":3,"enemies":"Small Slimes","floor":3,"turns":3},{"damage":4,"enemies":"Cultist","floor":4,"turns":5},{"damage":9,"enemies":"Looter","floor":5,"turns":4},{"damage":49,"enemies":"Lagavulin","floor":6,"turns":7},{"damage":37,"enemies":"Gremlin Nob","floor":8,"turns":4},{"damage":16,"enemies":"Lagavulin","floor":13,"turns":4}],"seed_played":"-5633107825455700640","potions_obtained":[{"floor":1,"key":"SteroidPotion"},{"floor":3,"key":"Regen Potion"},{"floor":5,"key":"EssenceOfSteel"},{"floor":6,"key":"SkillPotion"}],"is_trial":false,"path_per_floor":["M","?","M","M","M","E","R","E","T","T","?","R","E"],"character_chosen":"IRONCLAD","items_purchased":[],"campfire_rested":0,"item_purchase_floors":[],"current_hp_per_floor":[75,75,78,80,82,39,39,8,8,8,15,15,0,0],"gold":328,"neow_bonus":"TEN_PERCENT_HP_BONUS","is_daily":false,"chose_seed":false,"campfire_upgraded":2,"win_rate":0.0,"timestamp":1614219219,"path_taken":["M","?","M","M","M","E","R","E","T","?","?","R","E"],"items_purchased_type":[],"build_version":"2020-12-22","purchased_purges":0,"victory":false,"max_hp_per_floor":[82,82,82,82,82,82,82,82,82,82,89,89,89,89],"relic_stats":{"Nunchaku":[0],"Singing Bowl":0,"counters":[7,33],"Ornamental Fan":[0],"obtain_stats":[{"Nunchaku":10,"Singing Bowl":6,"Ornamental Fan":8,"Strawberry":11,"Burning Blood":0,"Toy Ornithopter":9},{"Nunchaku":6,"Singing Bowl":5,"Ornamental Fan":6,"Strawberry":6,"Burning Blood":0,"Toy Ornithopter":6},{"Nunchaku":29,"Singing Bowl":25,"Ornamental Fan":29,"Strawberry":29,"Burning Blood":0,"Toy Ornithopter":29}],"Burning Blood":32,"Toy Ornithopter":0},"card_choices":[{"not_picked":["Burning Pact","Dropkick"],"picked":"Searing Blow","floor":1},{"not_picked":["Warcry","Reckless Charge"],"picked":"Shrug It Off","floor":3},{"not_picked":["Searing Blow","True Grit"],"picked":"Clash","floor":4},{"not_picked":["Burning Pact","Searing Blow"],"picked":"Rampage","floor":5},{"not_picked":["Shrug It Off","Body Slam"],"picked":"Spot Weakness","floor":6},{"not_picked":["Havoc","Flex"],"picked":"Metallicize","floor":8}],"player_experience":719574,"relics_obtained":[{"floor":6,"key":"Singing Bowl"},{"floor":8,"key":"Ornamental Fan"},{"floor":9,"key":"Toy Ornithopter"},{"floor":10,"key":"Nunchaku"}],"event_choices":[{"damage_healed":0,"gold_gain":0,"player_choice":"Leave","damage_taken":0,"max_hp_gain":0,"max_hp_loss":0,"event_name":"The Cleric","floor":2,"gold_loss":0},{"damage_healed":0,"gold_gain":0,"player_choice":"Searched \u00271\u0027 times","damage_taken":0,"relics_obtained":["Strawberry"],"max_hp_gain":0,"max_hp_loss":0,"event_name":"Dead Adventurer","floor":11,"gold_loss":0}],"is_beta":false,"boss_relics":[],"items_purged_floors":[],"is_endless":false,"potions_floor_spawned":[1,3,5,6],"killed_by":"Lagavulin","ascension_level":18}}