{"host":"h49usdrjeju7gyhi","time":1614229436,"event":{"mods":["Act Like it!","BaseMod","Minty Spire (QoL Compilation)","Ruina","StSLib","The Animator"],"gold_per_floor":[124,124,137,137,151,151,76,76,76,102,49,49,66,77,77,154,154,164,6,6,31,43,43],"floor_reached":22,"language":"ENG","playtime":1128,"items_purged":[],"score":368,"play_id":"e6c76391-8bc6-4a38-b210-a5f1393dff5f","local_time":"20210225000356","is_ascension_mode":true,"campfire_choices":[{"data":"animator:EmiyaShirou","floor":6,"key":"SMITH"},{"floor":12,"key":"REST"},{"floor":15,"key":"REST"}],"circlet_count":0,"master_deck":["AscendersBane","animator:Strike_OnePunchMan","animator:Defend_OnePunchMan","animator:Strike","animator:Defend","animator:Defend","animator:Defend","animator:MumenRider","animator:EmiyaShirou+1","animator:Lu+1","animator:Rena","animator:ZankiKiguchi","animator:Chung","animator:Saber","animator:Ciel","animator:Saitama"],"relics":["animator:LivingPicture","animator:TheMissingPiece","animator:PurgingStone","GremlinMask","Thread and Needle","Art of War","Sozu","MawBank"],"acts_visited":["Exordium","TheCity"],"potions_floor_usage":[16,16],"damage_taken":[{"damage":7,"enemies":"Jaw Worm","floor":1,"turns":3},{"damage":3,"enemies":"Cultist","floor":3,"turns":4},{"damage":4,"enemies":"Small Slimes","floor":5,"turns":4},{"damage":23,"enemies":"Lagavulin","floor":10,"turns":6},{"damage":4,"enemies":"2 Fungi Beasts","floor":13,"turns":3},{"damage":7,"enemies":"Lots of Slimes","floor":14,"turns":3},{"damage":14,"enemies":"The Guardian","floor":16,"turns":13},{"damage":7,"enemies":"Shell Parasite","floor":18,"turns":6},{"damage":19,"enemies":"3 Byrds","floor":21,"turns":6},{"damage":25,"enemies":"Snecko","floor":22,"turns":7}],"seed_played":"2396152207239360388","potions_obtained":[{"floor":5,"key":"EssenceOfSteel"}],"is_trial":false,"path_per_floor":["M","?","M","?","M","R","?","?","T","E","$","R","M","M","R","B",null,"M","$","?","M","M"],"character_chosen":"THE_ANIMATOR","items_purchased":["Energy Potion","animator:Saitama"],"campfire_rested":2,"item_purchase_floors":[11,19],"current_hp_per_floor":[47,47,44,37,33,33,33,33,33,10,10,28,24,17,35,22,51,44,44,44,25,0,0],"gold":43,"neow_bonus":"THREE_CARDS","is_daily":false,"chose_seed":false,"campfire_upgraded":1,"win_rate":0.0,"timestamp":1614229436,"path_taken":["M","?","?","?","M","R","?","?","T","E","$","R","M","M","R","BOSS","M","?","?","M","?"],"items_purchased_type":["Potion","Card"],"build_version":"2020-12-22","purchased_purges":0,"victory":false,"max_hp_per_floor":[60,60,60,60,60,60,60,60,60,60,60,60,60,60,60,61,61,61,61,61,61,61,61],"card_choices":[{"not_picked":["animator:GuildGirl","animator:Jibril"],"picked":"animator:EmiyaShirou","floor":0},{"not_picked":["animator:Ciel","animator:Sloth"],"picked":"animator:Lu","floor":1},{"not_picked":["animator:Sloth","animator:Add"],"picked":"animator:Rena","floor":3},{"not_picked":["animator:SilverFang","animator:Illya"],"picked":"animator:ZankiKiguchi","floor":5},{"not_picked":["animator:Ain","animator:Aisha"],"picked":"animator:Chung","floor":10},{"not_picked":["animator:DolaRiku","animator:Priestess","animator:ElricEdward"],"picked":"SKIP","floor":13},{"not_picked":["animator:Tet","animator:NagisaMomoe","animator:GuildGirl"],"picked":"SKIP","floor":14},{"not_picked":["animator:Boros","animator:Eve"],"picked":"animator:Saber","floor":16},{"not_picked":["animator:HiiragiShinya","animator:Ain"],"picked":"animator:Ciel","floor":18}],"player_experience":1611135,"relics_obtained":[{"floor":9,"key":"Thread and Needle"},{"floor":10,"key":"Art of War"}],"event_choices":[{"damage_healed":0,"gold_gain":0,"player_choice":"Forge","damage_taken":0,"max_hp_gain":0,"max_hp_loss":0,"event_name":"Accursed Blacksmith","floor":2,"gold_loss":0,"cards_upgraded":["animator:Lu"]},{"cards_removed":["animator:Strike"],"damage_healed":0,"gold_gain":0,"player_choice":"Card Removal","damage_taken":7,"max_hp_gain":0,"max_hp_loss":0,"event_name":"Golden Wing","floor":4,"gold_loss":0},{"cards_removed":["animator:Strike"],"damage_healed":0,"gold_gain":0,"player_choice":"Card Removal","damage_taken":0,"max_hp_gain":0,"max_hp_loss":0,"event_name":"The Cleric","floor":7,"gold_loss":75},{"damage_healed":0,"gold_gain":0,"player_choice":"Trade","damage_taken":0,"relics_obtained":["GremlinMask"],"max_hp_gain":0,"max_hp_loss":0,"event_name":"FaceTrader","floor":8,"gold_loss":0},{"cards_removed":["animator:Genos"],"damage_healed":0,"gold_gain":0,"player_choice":"Gave Card","damage_taken":0,"relics_obtained":["MawBank"],"max_hp_gain":0,"max_hp_loss":0,"event_name":"WeMeetAgain","floor":20,"gold_loss":0}],"is_beta":false,"boss_relics":[{"not_picked":["Busted Crown","Black Star"],"picked":"Sozu"}],"items_purged_floors":[],"is_endless":false,"potions_floor_spawned":[5,13,21],"killed_by":"Snecko","ascension_level":20}}