{"host":"5lv0icc8l08nkbqt","time":1614241720,"event":{"mods":["Act Like it!","Aspiration","BaseMod","Colored Map","Conspire","Elementarium","Energized Spire","Gensokyo","Hallownest","Hubris","JesterMod","Jorbs\u0027s Wanderer Trilogy","Marisa????????","Menagerie","Minty Spire (QoL Compilation)","Pale of the Ancients","Reliquary","Replay The Spire","Ruina","Shade Mod","Spicy Shops","StSLib","The Blue Laboratory","The Disciple","The Hierophant","The Marked","Wandering Minibosses"],"gold_per_floor":[114,114,225,225,244,278,278,311,337,355,355,355,355,365,397,397,397,495,495,515,515,109,109,125,157,157,157,157,157,173,173,173,185,185,283,283,300,311,321,321,337,337,349,349,349,349,366,366,377,403,403,403],"floor_reached":53,"language":"ENG","playtime":2776,"items_purged":["Doubt"],"score":804,"play_id":"0d4bf964-53bd-4f1e-95e5-b9f39a5751e5","local_time":"20210225122840","is_ascension_mode":true,"campfire_choices":[{"data":"theMarked:Generate","floor":7,"key":"SMITH"},{"floor":17,"key":"DIG"},{"floor":27,"key":"DIG"},{"floor":29,"key":"DIG"},{"floor":31,"key":"DIG"},{"floor":34,"key":"REST"},{"floor":42,"key":"DIG"},{"floor":44,"key":"DIG"},{"floor":46,"key":"REST"},{"floor":48,"key":"DIG"},{"floor":51,"key":"REST"}],"circlet_count":0,"master_deck":["theMarked:Strike","theMarked:Defend","theMarked:SoldierOfQuellstein","theMarked:SwordAndMagic","Menagerie:Staggershock","theMarked:Parry","theMarked:RepellingDischarge","theMarked:Polarize","Dash","theMarked:OneWithTheBlade","theMarked:Generate+1","theMarked:Maelstrom","theMarked:Challenge","theMarked:SelfDefenseTraining","theMarked:Pokerface","Menagerie:LightningBolt","Menagerie:QuirionDryad+1","theMarked:EternalStudent","theMarked:Generate","Menagerie:QuirionDryad+1","ruina:GoldRush","Finisher","Backstab","theMarked:Parkour+1","Writhe","theMarked:Static","theMarked:AttractMetal+1","theMarked:TakeOffHeels","Sweeping Beam+1","Gash+1","theMarked:Electrify+1","Expertise","Storm of Steel","Calculated Gamble","Go for the Eyes+1","FTL"],"relics":["theMarked:ArtifactOfAir","aspiration:Nostalgia","MiniHakkero","hubris:SphereOfDissonance","Oddly Smooth Stone","Akabeko","hubris:Towel","aspiration:SeaSaltIceCream","Replay:Bronze Core","Mango","Fusion Hammer","hubris:EmptyBottle","Shovel","ruina:Goodbye","ReplayTheSpireMod:Ninjato","Mummified Hand","Shuriken","reliquary:Vitrine","Mango","aspiration:DefectSkillbook","wanderingMiniBosses:CarrionFlame","reliquary:Spinner","Strawberry","Golden Egg","reliquary:PorcupineQuills","reliquary:HotPoker"],"acts_visited":["Exordium","Menagerie:Menagerie","ruina:Briah"],"potions_floor_usage":[18,18,35,35,37,37,47,47,52,52,52,52,52,52,52,52],"damage_taken":[{"damage":1,"enemies":"Menagerie:2_RABBITS","floor":1,"turns":4},{"damage":0,"enemies":"Menagerie:StygianBoar","floor":5,"turns":3},{"damage":14,"enemies":"Menagerie:VoidReaper","floor":6,"turns":7},{"damage":7,"enemies":"Menagerie:MaskedSummoner","floor":8,"turns":4},{"damage":0,"enemies":"Menagerie:WhisperingWraith","floor":10,"turns":1},{"damage":0,"enemies":"Menagerie:EntropyWarlock","floor":14,"turns":2},{"damage":9,"enemies":"Menagerie:VoidReaper","floor":15,"turns":5},{"damage":0,"enemies":"Menagerie:Chimera","floor":18,"turns":6},{"damage":0,"enemies":"ruina:Nosferatu","floor":20,"turns":3},{"damage":0,"enemies":"ruina:2_Scarecrows","floor":24,"turns":2},{"damage":0,"enemies":"ruina:ServantOfWrath","floor":25,"turns":3},{"damage":12,"enemies":"ruina:QueenOfHate","floor":30,"turns":2},{"damage":0,"enemies":"ruina:KnightOfDespair","floor":33,"turns":3},{"damage":17,"enemies":"ruina:Ozma","floor":35,"turns":7},{"damage":20,"enemies":"Hallownest:2_Littles","floor":37,"turns":3},{"damage":0,"enemies":"Hallownest:3_Siblings","floor":38,"turns":3},{"damage":6,"enemies":"Hallownest:2_Wandering_and_1_Horned","floor":39,"turns":4},{"damage":0,"enemies":"Hallownest:2_Soldiers_and_1_Guardian","floor":41,"turns":2},{"damage":18,"enemies":"Hallownest:monsterPrimalAspid","floor":43,"turns":2},{"damage":0,"enemies":"Hallownest:Xero_Hu_Marmu","floor":47,"turns":1},{"damage":34,"enemies":"Hallownest:2_Soldiers_and_1_Guardian","floor":49,"turns":2},{"damage":0,"enemies":"Hallownest:eliteHiveKnight","floor":50,"turns":3},{"damage":21,"enemies":"Hallownest:BossHollowKnight","floor":52,"turns":5}],"seed_played":"-3298281935713469126","potions_obtained":[{"floor":6,"key":"blueLaboratory:HorrorPotion"},{"floor":8,"key":"Energy Potion"},{"floor":10,"key":"EntropicBrew"},{"floor":18,"key":"CultistPotion"},{"floor":30,"key":"blueLaboratory:ExaltedPotion"},{"floor":37,"key":"blueLaboratory:PhilterOfMotion"},{"floor":43,"key":"Fire Potion"},{"floor":50,"key":"blueLaboratory:BottleOfRum"}],"is_trial":false,"path_per_floor":["M","?","?","?","M","E","R","E","T","M","?","PTL","PTL","M","E","?","R_BF","B",null,"M","?","$","?","M","E","?","R","T","R","M","R","T","M","R","B",null,"M","M","M","?","M","R","M","R","T","R","M","R","M","E","R","B",null],"character_chosen":"THE_DEFAULT","items_purchased":["ruina:GoldRush","hubris:EmptyBottle"],"campfire_rested":3,"item_purchase_floors":[22,22],"current_hp_per_floor":[71,71,53,53,53,39,39,32,32,32,32,32,32,32,23,23,37,37,79,79,56,56,56,56,56,56,56,56,56,44,44,58,58,85,68,93,73,73,67,67,67,67,49,56,56,86,86,86,52,52,82,61],"gold":403,"neow_bonus":"NOSTALGIA","is_daily":false,"chose_seed":false,"campfire_upgraded":1,"win_rate":0.0,"timestamp":1614241720,"path_taken":["M","?","?","?","?","E","R","E","T","?","?","PTL","PTL","M","E","?","R_BF","BOSS","M","?","$","?","?","E","?","R","T","R","M","R","?","M","R","BOSS","M","M","M","?","M","R","M","R","T","R","M","R","?","E","R","BOSS"],"items_purchased_type":["Card","Relic"],"build_version":"2020-12-22","purchased_purges":1,"victory":true,"max_hp_per_floor":[72,72,72,72,72,72,72,72,72,72,72,72,72,72,72,65,79,79,79,79,79,79,79,79,79,79,79,79,79,79,79,93,93,93,93,93,93,93,93,93,93,93,93,100,100,100,100,100,100,100,100,100],"card_choices":[{"not_picked":["theMarked:Seal","theMarked:Panic"],"picked":"theMarked:SwordAndMagic","floor":1},{"not_picked":["theMarked:Indomitable","theMarked:Improvise"],"picked":"theMarked:Parry","floor":3},{"not_picked":["theMarked:StartUp","theMarked:SwordAndMagic"],"picked":"theMarked:RepellingDischarge","floor":3},{"not_picked":["theMarked:Aftermath","theMarked:ElectricStrings"],"picked":"theMarked:Polarize","floor":3},{"not_picked":["theMarked:ResourceFulStrike","theMarked:Improvise"],"picked":"theMarked:OneWithTheBlade","floor":5},{"not_picked":["theMarked:TwofoldDefense","theMarked:ResourceFulStrike"],"picked":"theMarked:Generate","floor":6},{"not_picked":["theMarked:ChainLightning","theMarked:Standoff"],"picked":"theMarked:Maelstrom","floor":8},{"not_picked":["theMarked:BanishingWave","theMarked:ResourceFulStrike"],"picked":"theMarked:Challenge","floor":10},{"not_picked":["theMarked:KeepCalmAndFight","theMarked:Improvise"],"picked":"theMarked:SelfDefenseTraining","floor":14},{"not_picked":["theMarked:ElectricStrings","theMarked:ChainLightning"],"picked":"theMarked:Pokerface","floor":15},{"not_picked":["Menagerie:Staggershock","Menagerie:SuddenReclamation"],"picked":"Menagerie:Tinker","floor":16},{"not_picked":["Menagerie:CrumblingSanctuary","Menagerie:Dismember"],"picked":"Menagerie:LightningBolt","floor":16},{"not_picked":["Menagerie:Languish","Menagerie:LightningBolt"],"picked":"Menagerie:QuirionDryad","floor":16},{"not_picked":["theMarked:Levitate","theMarked:Vacuum"],"picked":"theMarked:EternalStudent","floor":18},{"not_picked":["theMarked:Aftermath","theMarked:ChainLightning"],"picked":"theMarked:Generate","floor":20},{"not_picked":["theMarked:Memento","theMarked:WardOff"],"picked":"theMarked:Parkour+1","floor":24},{"not_picked":["theMarked:Aftermath","theMarked:Indomitable","theMarked:ThrowWeapon"],"picked":"SKIP","floor":25},{"not_picked":["theMarked:WastefulAttack","theMarked:ElectricStrings+1"],"picked":"theMarked:Static","floor":30},{"not_picked":["theMarked:OneWithTheBlade","theMarked:Pokerface+1"],"picked":"theMarked:AttractMetal+1","floor":33},{"not_picked":["theMarked:FavorableWinds","theMarked:TurnInvisible"],"picked":"theMarked:TakeOffHeels","floor":35},{"not_picked":["theMarked:TakeCover+1","theMarked:WardOff","Tempest"],"picked":"Sweeping Beam+1","floor":37},{"not_picked":["Barrage+1","theMarked:HeightenedSenses","hubris:DoWhile"],"picked":"Gash+1","floor":38},{"not_picked":["Ball Lightning+1","theMarked:PowerFlow","theMarked:ChannelForce+1"],"picked":"theMarked:Electrify+1","floor":39},{"not_picked":["Cold Snap","Stack+1","theMarked:TheMission"],"picked":"Go for the Eyes+1","floor":41},{"not_picked":["theMarked:GodGivenPower","theMarked:SwordAndMagic","ReplayTheSpireMod:Dual Polarity"],"picked":"FTL","floor":43},{"not_picked":["Stack","Storm","theMarked:ResourceFulStrike+1","theMarked:Parkour"],"picked":"SKIP","floor":47},{"not_picked":["theMarked:SwordAndMagic+1","Doom and Gloom","BasicCrystalCard","theMarked:BanishingStrike"],"picked":"SKIP","floor":49},{"not_picked":["ReplayTheSpireMod:Repulse","theMarked:PowerFlow","Capacitor","theMarked:BanishingStrike"],"picked":"SKIP","floor":50}],"player_experience":1765056,"relics_obtained":[{"floor":6,"key":"hubris:SphereOfDissonance"},{"floor":8,"key":"Oddly Smooth Stone"},{"floor":9,"key":"Akabeko"},{"floor":15,"key":"aspiration:SeaSaltIceCream"},{"floor":17,"key":"Mango"},{"floor":25,"key":"Shovel"},{"floor":27,"key":"ReplayTheSpireMod:Ninjato"},{"floor":28,"key":"Mummified Hand"},{"floor":29,"key":"Shuriken"},{"floor":31,"key":"reliquary:Vitrine"},{"floor":32,"key":"reliquary:SculptingSteel"},{"floor":37,"key":"wanderingMiniBosses:CarrionFlame"},{"floor":42,"key":"reliquary:Spinner"},{"floor":44,"key":"Strawberry"},{"floor":45,"key":"Golden Egg"},{"floor":48,"key":"reliquary:PorcupineQuills"},{"floor":50,"key":"reliquary:HotPoker"}],"event_choices":[{"damage_healed":0,"gold_gain":0,"cards_transformed":["theMarked:Strike"],"player_choice":"Grasp","damage_taken":0,"max_hp_gain":0,"max_hp_loss":0,"event_name":"Menagerie:MagesHand","floor":2,"gold_loss":0,"cards_obtained":["Menagerie:Staggershock"]},{"damage_healed":0,"gold_gain":0,"player_choice":"Read","damage_taken":0,"max_hp_gain":0,"max_hp_loss":7,"event_name":"Menagerie:OvergrownLibrary","floor":16,"gold_loss":0,"cards_obtained":["Doubt"]}],"is_beta":false,"boss_relics":[{"not_picked":["conspire:SlowCooker","reliquary:WritOfMandamus"],"picked":"Fusion Hammer"},{"not_picked":["energizedSpire:NeverEndingSparkler","energizedSpire:MagnifyingGlass"],"picked":"aspiration:DefectSkillbook"}],"items_purged_floors":[22],"is_endless":false,"potions_floor_spawned":[6,8,10,18,25,30,33,37,43,50],"ascension_level":1}}