{"host":"cfluht5kr2kfk9p9","time":1614254501,"event":{"mods":["ATMod(°¢èªMod)","BaseMod","Highlight Path","Library of Ruina","Library of Ruina Extra","Minty Spire (QoL Compilation)","Quick Restart","Rare Cards Sparkle","Relic Stats","Spicy Shops","StSLib"],"gold_per_floor":[118,128,128,228,252,252,283,322,348,404,404,477,596,645,645,864,864,914,978,418,418,458,458,204,204,255,330,438,353,452,512,512,685,685,823,823,823,923,451,451,584,584,584,643,693,803,892,1015,1015,1065,1065,1065,1065,453,539,564],"floor_reached":57,"language":"ZHS","playtime":4184,"items_purged":["Shame","LightAttack","LightAttack","LightDefense","LightAttack"],"score":1845,"play_id":"e62308a0-1f02-4c97-b893-90e74ce2146a","local_time":"20210225200141","is_ascension_mode":true,"campfire_choices":[{"data":"SpearedSweep","floor":6.0,"key":"SMITH"},{"data":"WaitUp","floor":11.0,"key":"SMITH"},{"data":"AT_Desolate","floor":15.0,"key":"SMITH"},{"data":"ToOvercomeCrisis","floor":23.0,"key":"SMITH"},{"floor":32.0,"key":"REST"},{"floor":40.0,"key":"RECALL"},{"data":"ToOvercomeCrisis","floor":42.0,"key":"SMITH"},{"data":"CrackOfDawn","floor":49,"key":"SMITH"},{"data":"UnforgettableMelody","floor":53,"key":"SMITH"}],"circlet_count":0,"master_deck":["Dodge","LightDefense","LightDefense","LightDefense","ChargeAndCover","FocusedStrikes+1","AT_Desolate+1","Rampage_lor","SpearedSweep+1","WaitUp+1","ToOvercomeCrisis+1","ToOvercomeCrisis+1","CrackOfDawn+1","FierceCharge+1","TheArtOfRapidSteps+1","FierceCharge+1","Reload+1","Mutilate","ConcentratedFire+1","Madness+1","Madness+1","Master of Strategy+1","Flash of Steel","Finesse+1","UnforgettableMelody+1","AlloutWar+1","TheRedNotes+1","Quickness+1","Discovery+1","Parry2"],"relics":["PageOfLibrarian","AT_ATBox","Golden Idol","AT_MibuBalloonWealth","Lantern","Orichalcum","Oddly Smooth Stone","PageOfBlackSwan","Medical Kit","Toxic Egg 2","Membership Card","PageOfTheKnightOfDespair","Akabeko","PageOfTheQueenOfHatred","PageOfGreed","Dream Catcher","PageOfWrath","Busted Crown","PageOfNihil","HornCleat","PageOfPorccubus","Question Card","PageOfGreed","TungstenRod","AT_SunfireAegis","PageOfMercenary","AT_RedTearstoneRing","Lee\u0027s Waffle","Toolbox","Art of War"],"acts_visited":["Exordium","TheCity","TheBeyond","TheEnding"],"potions_floor_usage":[46,46,55],"damage_taken":[{"damage":0.0,"enemies":"Cultist","floor":1.0,"turns":2.0},{"damage":0.0,"enemies":"Small Slimes","floor":2.0,"turns":3.0},{"damage":0.0,"enemies":"2 Louse","floor":5.0,"turns":3.0},{"damage":15.0,"enemies":"Gremlin Nob","floor":7.0,"turns":4.0},{"damage":5.0,"enemies":"Red Slaver","floor":8.0,"turns":2.0},{"damage":15.0,"enemies":"Lagavulin","floor":10.0,"turns":4.0},{"damage":0.0,"enemies":"2 Fungi Beasts","floor":12.0,"turns":2.0},{"damage":8.0,"enemies":"3 Sentries","floor":13.0,"turns":3.0},{"damage":0.0,"enemies":"Looter","floor":14.0,"turns":1.0},{"damage":0.0,"enemies":"Slime Boss","floor":16.0,"turns":4.0},{"damage":3.0,"enemies":"Spheric Guardian","floor":18.0,"turns":3.0},{"damage":0.0,"enemies":"2 Thieves","floor":19.0,"turns":2.0},{"damage":5.0,"enemies":"Snake Plant","floor":22.0,"turns":2.0},{"damage":3.0,"enemies":"Shelled Parasite and Fungi","floor":27.0,"turns":2.0},{"damage":7.0,"enemies":"Slavers","floor":28.0,"turns":3.0},{"damage":7.0,"enemies":"Book of Stabbing","floor":31.0,"turns":3.0},{"damage":80.0,"enemies":"KingOfGreed","floor":33.0,"turns":5.0},{"damage":72.0,"enemies":"3 Darklings","floor":35.0,"turns":5.0},{"damage":0.0,"enemies":"3 Shapes","floor":38.0,"turns":3.0},{"damage":0.0,"enemies":"Reptomancer","floor":41.0,"turns":2.0},{"damage":0,"enemies":"Giant Head","floor":44,"turns":2},{"damage":0,"enemies":"Maw","floor":45,"turns":3},{"damage":18,"enemies":"2 Orb Walkers","floor":46,"turns":2},{"damage":26,"enemies":"Jaw Worm Horde","floor":47,"turns":2},{"damage":0,"enemies":"4 Shapes","floor":48,"turns":2},{"damage":18,"enemies":"Donu and Deca","floor":50,"turns":4},{"damage":32,"enemies":"Shield and Spear","floor":55,"turns":2},{"damage":44,"enemies":"The Heart","floor":56,"turns":4}],"seed_played":"-5573940306827447326","potions_obtained":[{"floor":1.0,"key":"EntropicBrew"},{"floor":5.0,"key":"Energy Potion"},{"floor":7.0,"key":"PowerPotion"},{"floor":18.0,"key":"Swift Potion"},{"floor":22.0,"key":"EntropicBrew"},{"floor":41.0,"key":"LiquidMemories"},{"floor":46,"key":"FairyPotion"}],"is_trial":false,"path_per_floor":["M","M","?","?","M","R","E","M","T","E","R","M","E","M","R","B",null,"M","M","$","?","M","R","$","?","T","M","E","?","?","E","R","B",null,"M","?","?","M","$","R","E","R","T","E","M","?","M","M","R","B",null,null,"R","$","E","B",null],"character_chosen":"Librarian","items_purchased":["Medical Kit","Toxic Egg 2","TheArtOfRapidSteps+1","Membership Card","PageOfTheKnightOfDespair","UnforgettableMelody","HornCleat","PageOfPorccubus","BlessingOfTheForge","Swift Potion","AT_SunfireAegis","PageOfMercenary","AT_RedTearstoneRing","Lee\u0027s Waffle","Discovery+1","Toolbox","Parry2","Energy Potion"],"campfire_rested":1,"item_purchase_floors":[20,20,20,24,24,39,39,39,39,39,54,54,54,54,54,54,54,54],"current_hp_per_floor":[54,54,54,54,54,54,39,34,34,19,19,19,11,11,11,11,55,52,52,52,52,47,47,47,47,47,44,43,43,43,42,63,9,56,40,31,21,36,36,36,42,42,42,48,48,46,28,32,32,28,28,171,171,225,36,66],"gold":564,"neow_bonus":"UPGRADE_CARD","is_daily":false,"chose_seed":false,"campfire_upgraded":7,"win_rate":0.0,"timestamp":1614254501,"path_taken":["M","?","?","?","M","R","E","M","T","E","R","M","E","?","R","BOSS","M","M","$","?","M","R","$","?","T","M","E","?","?","E","R","BOSS","M","?","?","M","$","R","E","R","T","E","M","?","M","M","R","BOSS","R","$","E","BOSS"],"items_purchased_type":["Relic","Relic","Card","Relic","Relic","Card","Relic","Relic","Potion","Potion","Relic","Relic","Relic","Relic","Card","Relic","Card","Potion"],"build_version":"2020-12-22","purchased_purges":5,"victory":true,"max_hp_per_floor":[63,68,63,63,63,63,63,63,63,90,90,69,69,69,69,69,69,69,69,69,69,69,69,69,69,69,69,69,69,69,71,71,71,71,71,71,71,214,214,214,214,214,214,58,72,196,196,218,218,218,218,218,218,225,225,225],"relic_stats":{"Dream Catcher":1,"Lee\u0027s Waffle":54,"Busted Crown":46,"counters":[29,78],"Golden Idol":222,"Art of War":[0],"Orichalcum":[72],"Medical Kit":[3],"Question Card":14,"obtain_stats":[{"PageOfTheQueenOfHatred":26,"Lantern":9,"AT_ATBox":0,"AT_MibuBalloonWealth":7,"PageOfGreed":28,"PageOfWrath":31,"Dream Catcher":29,"HornCleat":39,"PageOfMercenary":54,"PageOfTheKnightOfDespair":24,"Toolbox":54,"Toxic Egg 2":20,"AT_RedTearstoneRing":54,"Lee\u0027s Waffle":54,"Golden Idol":3,"Oddly Smooth Stone":13,"PageOfNihil":35,"Orichalcum":10,"Medical Kit":20,"Question Card":41,"Akabeko":25,"PageOfLibrarian":0,"PageOfBlackSwan":17,"Busted Crown":34,"Art of War":55,"Membership Card":24,"PageOfPorccubus":39,"AT_SunfireAegis":54,"TungstenRod":46},{"PageOfTheQueenOfHatred":13,"Lantern":5,"AT_ATBox":0,"AT_MibuBalloonWealth":4,"PageOfGreed":15,"PageOfWrath":16,"Dream Catcher":15,"HornCleat":20,"PageOfMercenary":27,"PageOfTheKnightOfDespair":13,"Toolbox":27,"Toxic Egg 2":12,"AT_RedTearstoneRing":27,"Lee\u0027s Waffle":27,"Golden Idol":2,"Oddly Smooth Stone":8,"PageOfNihil":19,"Orichalcum":6,"Medical Kit":12,"Question Card":21,"Akabeko":13,"PageOfLibrarian":0,"PageOfBlackSwan":10,"Busted Crown":17,"Art of War":28,"Membership Card":13,"PageOfPorccubus":20,"AT_SunfireAegis":27,"TungstenRod":24},{"PageOfTheQueenOfHatred":35,"Lantern":14,"AT_ATBox":0,"AT_MibuBalloonWealth":12,"PageOfGreed":40,"PageOfWrath":43,"Dream Catcher":40,"HornCleat":55,"PageOfMercenary":72,"PageOfTheKnightOfDespair":35,"Toolbox":72,"Toxic Egg 2":33,"AT_RedTearstoneRing":72,"Lee\u0027s Waffle":72,"Golden Idol":5,"Oddly Smooth Stone":23,"PageOfNihil":53,"Orichalcum":18,"Medical Kit":33,"Question Card":57,"Akabeko":35,"PageOfLibrarian":0,"PageOfBlackSwan":28,"Busted Crown":48,"Art of War":74,"Membership Card":35,"PageOfPorccubus":55,"AT_SunfireAegis":72,"TungstenRod":64}],"TungstenRod":29},"card_choices":[{"not_picked":["Rampage_lor","Track","SuppressingShot","SinglePointStab"],"picked":"SKIP","floor":1.0},{"not_picked":["Track","SuppressingShot","SinglePointStab"],"picked":"Rampage_lor","floor":1.0},{"not_picked":["Parry2","FlashingStrike","PreemptiveStrike","SinglePointStab"],"picked":"SKIP","floor":2.0},{"not_picked":["FieryWaltz","HandleRequest","DesperateStruggle"],"picked":"SpearedSweep","floor":5.0},{"not_picked":["SnakesPrey","GuardingStance","UpbeatPerformance"],"picked":"WaitUp","floor":7.0},{"not_picked":["ExtremeEdge","EndlessBattle","ConcentratedFire"],"picked":"ToOvercomeCrisis","floor":8.0},{"not_picked":["Juggling","ClassAndRespect","PreemptiveStrike","DarkCloud"],"picked":"SKIP","floor":10.0},{"not_picked":["FormingStorm","HeavyPeaks","GuardingStance"],"picked":"ToOvercomeCrisis","floor":12.0},{"not_picked":["Reload","HighKick","EndlessBattle","Eject"],"picked":"SKIP","floor":13.0},{"not_picked":["SpearedSweep","ViolentFlame","FeatherShield","ClassAndRespect"],"picked":"SKIP","floor":14.0},{"not_picked":["ChargeUp","GoinFirst"],"picked":"CrackOfDawn","floor":16.0},{"not_picked":["GuardingStance","PreemptiveStrike","ViolentFlame"],"picked":"FierceCharge+1","floor":18.0},{"not_picked":["Reload","Overpower","FlyingSword","DesperateStruggle"],"picked":"SKIP","floor":19.0},{"not_picked":["Thrust+1","StayCalm+1","Wallop_lor+1"],"picked":"Reload+1","floor":22.0},{"not_picked":["Reload+1","ExtremeEdge","EnergyStrike+1"],"picked":"Mutilate","floor":27.0},{"not_picked":["HeavyPeaks+1","ClassAndRespect+1","DarkCloud+1","QuickSuppression+1"],"picked":"SKIP","floor":28.0},{"not_picked":["Concentration+1","FlyingSword","MindCrush","FervidEmotions+1"],"picked":"SKIP","floor":31.0},{"not_picked":["FervidEmotions+1","HighKick","Slice_lor"],"picked":"ConcentratedFire+1","floor":32.0},{"not_picked":["Wallop_lor","ClassAndRespect"],"picked":"SKIP","floor":35.0},{"not_picked":["Good Instincts+1"],"picked":"Master of Strategy+1","floor":37.0},{"not_picked":["Sadistic Nature"],"picked":"Flash of Steel","floor":37.0},{"not_picked":["AT_TearsDenial+1"],"picked":"Finesse+1","floor":37.0},{"not_picked":["HandleRequest","DarkCloud+1"],"picked":"SKIP","floor":38.0},{"not_picked":["Wallop_lor+1"],"picked":"AlloutWar+1","floor":41.0},{"not_picked":["ClassAndRespect","Collision","ExtremeEdge"],"picked":"SKIP","floor":44},{"not_picked":["DesperateStruggle","QuickSuppression+1"],"picked":"TheRedNotes+1","floor":45},{"not_picked":["MindCrush","CircusKnives+1"],"picked":"Quickness+1","floor":47},{"not_picked":["SpearedSweep+1","SuppressingShot+1","EnergyStrike"],"picked":"SKIP","floor":48},{"not_picked":["SuppressingShot","SharpenedBlade","ButterflySlash"],"picked":"SKIP","floor":55}],"player_experience":73710,"relics_obtained":[{"floor":7.0,"key":"AT_MibuBalloonWealth"},{"floor":9.0,"key":"Lantern"},{"floor":10.0,"key":"Orichalcum"},{"floor":13.0,"key":"Oddly Smooth Stone"},{"floor":26.0,"key":"PageOfTheQueenOfHatred"},{"floor":28.0,"key":"PageOfGreed"},{"floor":31.0,"key":"PageOfWrath"},{"floor":35.0,"key":"PageOfNihil"},{"floor":41.0,"key":"Question Card"},{"floor":44,"key":"PageOfGreed"},{"floor":46,"key":"TungstenRod"},{"floor":55,"key":"Art of War"}],"event_choices":[{"damage_healed":0.0,"max_hp_gain":0.0,"max_hp_loss":5.0,"gold_gain":0.0,"event_name":"Golden Idol","player_choice":"Lose Max HP","floor":3.0,"gold_loss":0.0,"damage_taken":0.0,"relics_obtained":["Golden Idol"]},{"damage_healed":0.0,"max_hp_gain":0.0,"max_hp_loss":0.0,"gold_gain":100.0,"event_name":"Golden Shrine","player_choice":"Pray","floor":4.0,"gold_loss":0.0,"damage_taken":0.0},{"damage_healed":0.0,"max_hp_gain":0.0,"max_hp_loss":0.0,"gold_gain":0.0,"event_name":"The Library","player_choice":"Read","floor":21.0,"gold_loss":0.0,"damage_taken":0.0,"cards_obtained":["FierceCharge"]},{"damage_healed":0.0,"max_hp_gain":0.0,"max_hp_loss":0.0,"gold_gain":0.0,"event_name":"The Mausoleum","player_choice":"Opened","floor":25.0,"gold_loss":0.0,"damage_taken":0.0,"relics_obtained":["Akabeko"]},{"damage_healed":0.0,"max_hp_gain":0.0,"max_hp_loss":0.0,"gold_gain":0.0,"event_name":"Addict","player_choice":"Obtained Relic","floor":29.0,"gold_loss":85.0,"damage_taken":0.0,"relics_obtained":["Dream Catcher"]},{"damage_healed":0.0,"max_hp_gain":0.0,"max_hp_loss":0.0,"gold_gain":99.0,"event_name":"Nest","player_choice":"Stole From Cult","floor":30.0,"gold_loss":0.0,"damage_taken":0.0},{"damage_healed":0.0,"max_hp_gain":0.0,"max_hp_loss":0.0,"gold_gain":0.0,"event_name":"Winding Halls","player_choice":"Embrace Madness","floor":36.0,"gold_loss":0.0,"damage_taken":9.0,"cards_obtained":["Madness","Madness"]},{"damage_healed":0.0,"max_hp_gain":0.0,"max_hp_loss":0.0,"gold_gain":0.0,"event_name":"SensoryStone","player_choice":"Memory 3","floor":37.0,"gold_loss":0.0,"damage_taken":10.0},{"damage_healed":0,"gold_gain":0,"player_choice":"Fight","damage_taken":0,"max_hp_gain":0,"max_hp_loss":0,"event_name":"Mysterious Sphere","floor":46,"gold_loss":0}],"is_beta":false,"boss_relics":[{"not_picked":["Fusion Hammer","Coffee Dripper"],"picked":"PageOfBlackSwan"},{"not_picked":["Runic Dome","Sozu"],"picked":"Busted Crown"}],"items_purged_floors":[20,20,24,39,54],"is_endless":false,"potions_floor_spawned":[1,5,7,12,13,18,22,27,33,41,45,46],"ascension_level":7}}