{"host":"mithrandi","time":1614258930,"event":{"mods":["BaseMod","Colored Map","Highlight Path","Minty Spire (QoL Compilation)","SuperFastMode"],"gold_per_floor":[116,133,153,163,9,42,42,72,72,72,72,107,120,20,20,93,93,110,110,125,125,47,47,47],"floor_reached":23,"language":"ENG","playtime":3060,"items_purged":["Strike_B","Strike_B"],"score":468,"play_id":"83331f80-d711-40c7-aaeb-c0d86c18c0ba","local_time":"20210225151530","is_ascension_mode":true,"campfire_choices":[{"floor":11.0,"key":"REST"},{"floor":15,"key":"REST"}],"circlet_count":0,"master_deck":["AscendersBane","Strike_B+1","Strike_B+1","Defend_B+1","Defend_B+1","Defend_B+1","Defend_B+1","Zap","Dualcast","Cold Snap","Conserve Battery","Sweeping Beam","Capacitor","Capacitor","Echo Form","Go for the Eyes","Seek","Sweeping Beam","Amplify","Recycle","Ghostly","Ghostly","Ghostly","Self Repair"],"relics":["Runic Pyramid","Omamori","Unceasing Top","Meat on the Bone","Question Card","Sozu"],"acts_visited":["Exordium","TheCity"],"potions_floor_usage":[],"damage_taken":[{"damage":2.0,"enemies":"2 Louse","floor":1.0,"turns":3.0},{"damage":2.0,"enemies":"Jaw Worm","floor":2.0,"turns":5.0},{"damage":4.0,"enemies":"Small Slimes","floor":3.0,"turns":4.0},{"damage":10.0,"enemies":"Gremlin Gang","floor":4.0,"turns":6.0},{"damage":43.0,"enemies":"Gremlin Nob","floor":6.0,"turns":6.0},{"damage":0.0,"enemies":"Lagavulin","floor":8.0,"turns":8.0},{"damage":21.0,"enemies":"3 Sentries","floor":12.0,"turns":8.0},{"damage":11,"enemies":"3 Louse","floor":13,"turns":3},{"damage":1,"enemies":"Slime Boss","floor":16,"turns":15},{"damage":17,"enemies":"Chosen","floor":18,"turns":8},{"damage":31,"enemies":"3 Byrds","floor":20,"turns":6},{"damage":31,"enemies":"Slavers","floor":23,"turns":4}],"seed_played":"8873195881730340505","potions_obtained":[{"floor":2.0,"key":"GamblersBrew"},{"floor":3.0,"key":"Dexterity Potion"},{"floor":6.0,"key":"Energy Potion"},{"floor":13,"key":"SpeedPotion"}],"is_trial":false,"path_per_floor":["M","M","M","M","$","E","?","E","T","?","R","E","M","$","R","B",null,"M","?","M","?","$","E"],"character_chosen":"DEFECT","items_purchased":["Capacitor","Self Repair"],"campfire_rested":2,"item_purchase_floors":[5,22],"current_hp_per_floor":[62,60,56,46,46,3,3,3,3,3,24,15,16,16,37,36,62,45,45,26,26,26,0,0],"gold":47,"neow_bonus":"BOSS_RELIC","is_daily":false,"chose_seed":false,"campfire_upgraded":0,"win_rate":0.0,"timestamp":1614258930,"path_taken":["M","M","M","M","$","E","?","E","T","?","R","E","M","$","R","BOSS","M","?","M","?","?","E"],"items_purchased_type":["Card","Card"],"build_version":"2020-12-18","purchased_purges":2,"victory":false,"max_hp_per_floor":[71,71,71,71,71,71,71,71,71,71,71,71,71,71,71,71,71,71,71,71,35,35,35,35],"card_choices":[{"not_picked":["Stack","Auto Shields"],"picked":"Cold Snap","floor":1.0},{"not_picked":["Melter","Cold Snap"],"picked":"Conserve Battery","floor":2.0},{"not_picked":["White Noise","Multi-Cast"],"picked":"Sweeping Beam","floor":3.0},{"not_picked":["Heatsinks","Redo"],"picked":"Capacitor","floor":4.0},{"not_picked":["Sweeping Beam","Barrage"],"picked":"Echo Form","floor":6.0},{"not_picked":["Cold Snap","Redo"],"picked":"Go for the Eyes","floor":8.0},{"not_picked":["Turbo","Compile Driver"],"picked":"Seek","floor":12.0},{"not_picked":["Go for the Eyes","Turbo","Leap"],"picked":"Sweeping Beam","floor":13},{"not_picked":["Creative AI","Hyperbeam","All For One"],"picked":"Amplify","floor":16},{"not_picked":["Rebound+1","Streamline+1","Barrage"],"picked":"Recycle","floor":18},{"not_picked":["Fusion","Static Discharge","Lockon","Streamline"],"picked":"SKIP","floor":20}],"player_experience":3120941,"relics_obtained":[{"floor":6.0,"key":"Omamori"},{"floor":8.0,"key":"Unceasing Top"},{"floor":9.0,"key":"Meat on the Bone"},{"floor":12.0,"key":"Question Card"}],"event_choices":[{"damage_healed":0.0,"max_hp_gain":0.0,"max_hp_loss":0.0,"gold_gain":0.0,"event_name":"Shining Light","player_choice":"Ignored","floor":7.0,"gold_loss":0.0,"damage_taken":0.0},{"damage_healed":0.0,"max_hp_gain":0.0,"max_hp_loss":0.0,"gold_gain":0.0,"event_name":"Liars Game","player_choice":"Ignored","floor":10.0,"gold_loss":0.0,"damage_taken":0.0},{"damage_healed":0,"gold_gain":0,"player_choice":"Simplicity","damage_taken":0,"max_hp_gain":0,"max_hp_loss":0,"event_name":"Back to Basics","floor":19,"gold_loss":0,"cards_upgraded":["Strike_B","Strike_B","Defend_B","Defend_B","Defend_B","Defend_B"]},{"damage_healed":0,"gold_gain":0,"player_choice":"Became a Ghost","damage_taken":0,"max_hp_gain":0,"max_hp_loss":36,"event_name":"Ghosts","floor":21,"gold_loss":0,"cards_obtained":["Ghostly","Ghostly","Ghostly"]}],"is_beta":true,"boss_relics":[{"not_picked":["Inserter","SlaversCollar"],"picked":"Sozu"}],"items_purged_floors":[5,14],"is_endless":false,"potions_floor_spawned":[2,3,6,13,20],"killed_by":"Slavers","ascension_level":20}}