{"host":"1e3ivg30op4goso1","time":1614223625,"event":{"mods":["AchievementEnabler","Ascension Unlocker","BaseMod","Colored Map","Minty Spire (QoL Compilation)","Permanent Neow","Quick Restart","Relic Filter","StSLib","SuperFastMode"],"gold_per_floor":[118,118,118,118,138,164,164,190,252,292,304,374,396,408,420,531,543,569,595,607,629,641,653,665,665],"floor_reached":24,"language":"ENG","playtime":733,"items_purged":[],"score":318,"play_id":"36125e98-1d88-416b-b2b7-0ea81eda70bd","local_time":"20210224222705","is_ascension_mode":true,"campfire_choices":[{"floor":11.0,"key":"REST"},{"floor":15.0,"key":"REST"},{"data":"Noxious Fumes","floor":23.0,"key":"SMITH"}],"circlet_count":0,"master_deck":["AscendersBane","Strike_G","Strike_G","Strike_G","Defend_G","Defend_G","Defend_G","Defend_G+1","Survivor","Neutralize","Envenom+1","Prepared+1","Predator+1","Deadly Poison+1","Bane+1","Deadly Poison","Backstab","Corpse Explosion","Bouncing Flask","Noxious Fumes+1"],"relics":["Astrolabe","Mercury Hourglass","Lantern","MawBank","Tiny House","War Paint","HornCleat","Philosopher\u0027s Stone"],"acts_visited":["Exordium","TheCity"],"potions_floor_usage":[24],"damage_taken":[{"damage":4.0,"enemies":"Jaw Worm","floor":1.0,"turns":3.0},{"damage":2.0,"enemies":"2 Louse","floor":5.0,"turns":2.0},{"damage":22.0,"enemies":"Gremlin Nob","floor":6.0,"turns":4.0},{"damage":17.0,"enemies":"3 Sentries","floor":8.0,"turns":6.0},{"damage":7.0,"enemies":"Lagavulin","floor":10.0,"turns":4.0},{"damage":13.0,"enemies":"Gremlin Nob","floor":12.0,"turns":3.0},{"damage":6.0,"enemies":"Small Slimes","floor":13.0,"turns":2.0},{"damage":7.0,"enemies":"Hexaghost","floor":16.0,"turns":7.0},{"damage":12.0,"enemies":"2 Thieves","floor":18.0,"turns":2.0},{"damage":15.0,"enemies":"Spheric Guardian","floor":19.0,"turns":4.0},{"damage":14.0,"enemies":"Chosen and Byrds","floor":21.0,"turns":3.0},{"damage":21,"enemies":"Book of Stabbing","floor":24,"turns":3}],"seed_played":"-8658218066547181801","potions_obtained":[{"floor":5.0,"key":"BlessingOfTheForge"},{"floor":8.0,"key":"DuplicationPotion"},{"floor":18.0,"key":"PowerPotion"},{"floor":19.0,"key":"SkillPotion"}],"is_trial":false,"path_per_floor":["M","$","?","?","M","E","$","E","T","E","R","?","M","$","R","B",null,"M","M","?","M","$","R","E"],"character_chosen":"THE_SILENT","items_purchased":[],"campfire_rested":2,"item_purchase_floors":[],"current_hp_per_floor":[59,59,59,47,45,23,23,6,11,4,26,13,7,7,29,22,62,50,35,35,21,21,21,0,0],"gold":665,"neow_bonus":"BOSS_RELIC","is_daily":false,"chose_seed":false,"campfire_upgraded":1,"win_rate":0.0,"timestamp":1614223625,"path_taken":["M","$","?","?","M","E","$","E","T","E","R","?","M","$","R","BOSS","M","M","?","M","$","R","E"],"items_purchased_type":[],"build_version":"2020-12-22","purchased_purges":0,"victory":false,"max_hp_per_floor":[70,70,70,70,70,70,70,70,75,75,75,75,75,75,75,75,75,75,75,75,75,75,75,75,75],"card_choices":[{"not_picked":["Quick Slash","Calculated Gamble","PiercingWail"],"picked":"SKIP","floor":1.0},{"not_picked":["Blade Dance","Dagger Throw"],"picked":"Deadly Poison","floor":5.0},{"not_picked":["Eviscerate","Night Terror","Dash"],"picked":"SKIP","floor":6.0},{"not_picked":["Acrobatics","Endless Agony"],"picked":"Bane","floor":8.0},{"not_picked":["Expertise","Backflip","Well Laid Plans"],"picked":"SKIP","floor":10.0},{"not_picked":["Backflip","Phantasmal Killer"],"picked":"Deadly Poison","floor":12.0},{"not_picked":["Escape Plan","Sucker Punch"],"picked":"Backstab","floor":13.0},{"not_picked":["Malaise","Phantasmal Killer"],"picked":"Corpse Explosion","floor":16.0},{"not_picked":["Dagger Throw","Leg Sweep"],"picked":"Bouncing Flask","floor":18.0},{"not_picked":["Masterful Stab+1","Flying Knee"],"picked":"Noxious Fumes","floor":19.0},{"not_picked":["Footwork","Dash","Choke+1"],"picked":"SKIP","floor":21.0}],"player_experience":28973,"relics_obtained":[{"floor":6.0,"key":"Lantern"},{"floor":8.0,"key":"MawBank"},{"floor":9.0,"key":"Tiny House"},{"floor":10.0,"key":"War Paint"},{"floor":12.0,"key":"HornCleat"}],"event_choices":[{"damage_healed":0.0,"max_hp_gain":0.0,"max_hp_loss":0.0,"gold_gain":0.0,"event_name":"Shining Light","player_choice":"Ignored","floor":3.0,"gold_loss":0.0,"damage_taken":0.0},{"damage_healed":0.0,"max_hp_gain":0.0,"max_hp_loss":0.0,"gold_gain":0.0,"event_name":"Scrap Ooze","player_choice":"Success","floor":4.0,"gold_loss":0.0,"damage_taken":12.0,"relics_obtained":["Mercury Hourglass"]},{"damage_healed":0.0,"max_hp_gain":0.0,"max_hp_loss":0.0,"gold_gain":30.0,"event_name":"Dead Adventurer","player_choice":"Searched \u00272\u0027 times","floor":12.0,"gold_loss":0.0,"damage_taken":0.0},{"damage_healed":0.0,"max_hp_gain":0.0,"max_hp_loss":0.0,"gold_gain":0.0,"event_name":"Vampires","player_choice":"Ignored","floor":20.0,"gold_loss":0.0,"damage_taken":0.0}],"is_beta":false,"boss_relics":[{"not_picked":["HoveringKite","Empty Cage"],"picked":"Philosopher\u0027s Stone"}],"items_purged_floors":[],"is_endless":false,"potions_floor_spawned":[5,8,18,19],"killed_by":"Book of Stabbing","ascension_level":10}}