{"host":"4gkev1dtxxhiue3x","time":1614284482,"event":{"mods":["AchievementEnabler","BaseMod","Better Altar","Better Match","Better Note","Better Sensory Stone","Better Skull","Better Third Choice","Colored Powertips","Friendly Minions","Hermit","Minty Spire (QoL Compilation)","Relic Stats","Robot Space Explorer","Shop Mod","StSLib","The Disciple","The Hierophant"],"gold_per_floor":[118,130,50,50,50,50,78,78,78,78,104,104,131,231,231,336,336,353,174,174,24,35,35,60,60,60,60,60,60,60,86,86,86,86],"floor_reached":33,"language":"ENG","playtime":2922,"items_purged":["Regret","Strike_G"],"score":340,"play_id":"258a56f8-36b9-4985-a804-eb91fe040c7c","local_time":"20210225212122","is_ascension_mode":true,"campfire_choices":[{"floor":6.0,"key":"DIG"},{"floor":8.0,"key":"DIG"},{"floor":10.0,"key":"DIG"},{"floor":12.0,"key":"DIG"},{"data":"Noxious Fumes","floor":15.0,"key":"SMITH"},{"floor":23,"key":"DIG"},{"floor":25,"key":"DIG"},{"floor":27,"key":"DIG"},{"floor":28,"key":"DIG"},{"floor":32,"key":"DIG"}],"circlet_count":0,"master_deck":["Strike_G","Strike_G","Strike_G","Strike_G","Defend_G","Defend_G","Defend_G","Defend_G","Defend_G","Survivor","Neutralize","Sucker Punch","Deflect","Noxious Fumes+1","Dagger Throw","Blur","Poisoned Stab","After Image","Blade Dance","Flash of Steel","Bouncing Flask","Terror","Blade Dance","Shame"],"relics":["Ring of the Snake","Shovel","Strawberry","Bottled Tornado","WingedGreaves","Vajra","InkBottle","Meat on the Bone","Odd Mushroom","The Specimen","The Courier","Fusion Hammer","Snake Skull","FossilizedHelix","MealTicket","Tiny Chest","Bag of Preparation","Letter Opener","Question Card","Peace Pipe","Blood Vial"],"acts_visited":["Exordium","TheCity"],"potions_floor_usage":[33,33],"damage_taken":[{"damage":2.0,"enemies":"2 Louse","floor":1.0,"turns":3.0},{"damage":1.0,"enemies":"Jaw Worm","floor":2.0,"turns":4.0},{"damage":21.0,"enemies":"3 Sentries","floor":7.0,"turns":9.0},{"damage":5.0,"enemies":"The Mushroom Lair","floor":11.0,"turns":4.0},{"damage":17.0,"enemies":"Lagavulin","floor":13.0,"turns":7.0},{"damage":18.0,"enemies":"The Guardian","floor":16.0,"turns":10.0},{"damage":1.0,"enemies":"Chosen","floor":18.0,"turns":5.0},{"damage":6.0,"enemies":"3 Byrds","floor":22.0,"turns":4.0},{"damage":12,"enemies":"Gremlin Leader","floor":24,"turns":5},{"damage":23,"enemies":"Book of Stabbing","floor":31,"turns":5},{"damage":51,"enemies":"Champ","floor":33,"turns":7}],"seed_played":"-3429137469251095713","potions_obtained":[{"floor":1.0,"key":"Weak Potion"},{"floor":11.0,"key":"FearPotion"},{"floor":13.0,"key":"FearPotion"},{"floor":16.0,"key":"Poison Potion"},{"floor":31,"key":"AttackPotion"}],"is_trial":false,"path_per_floor":["M","M","$","?","$","R","E","R","T","R","?","R","E","?","R","B",null,"M","$","?","$","M","R","E","R","T","R","R","?","?","E","R","B"],"character_chosen":"THE_SILENT","items_purchased":["Noxious Fumes","Snake Skull","Flash of Steel"],"campfire_rested":0,"item_purchase_floors":[3,19,21],"current_hp_per_floor":[61,60,60,67,67,67,46,46,46,46,41,41,36,36,36,30,70,69,69,69,69,63,63,51,51,51,51,51,51,51,40,40,0,0],"gold":86,"neow_bonus":"ONE_RARE_RELIC","is_daily":false,"chose_seed":false,"campfire_upgraded":1,"win_rate":0.0,"timestamp":1614284482,"path_taken":["M","M","$","?","$","R","E","R","T","R","?","R","E","?","R","BOSS","M","?","?","$","M","R","E","R","T","R","R","?","?","E","R","BOSS"],"items_purchased_type":["Card","Relic","Card"],"build_version":"2020-12-22","purchased_purges":2,"victory":false,"max_hp_per_floor":[63,63,63,70,70,70,70,70,70,70,70,70,70,70,70,70,70,70,70,70,70,70,70,70,70,70,70,70,70,70,70,70,70,70],"relic_stats":{"counters":[11,63],"Snake Skull":[54],"Bag of Preparation":[4],"Letter Opener":[15],"Question Card":1,"Peace Pipe":0,"Blood Vial":2,"Shovel":9,"MealTicket":0,"Tiny Chest":0,"obtain_stats":[{"The Specimen":12,"Vajra":8,"The Courier":13,"Snake Skull":19,"Bag of Preparation":27,"Letter Opener":28,"Bottled Tornado":6,"Odd Mushroom":11,"Question Card":30,"Peace Pipe":31,"Blood Vial":32,"Shovel":0,"Strawberry":4,"MealTicket":24,"Tiny Chest":25,"WingedGreaves":7,"Fusion Hammer":17,"InkBottle":9,"FossilizedHelix":23,"Ring of the Snake":0,"Meat on the Bone":10},{"The Specimen":4,"Vajra":3,"The Courier":5,"Snake Skull":7,"Bag of Preparation":9,"Letter Opener":9,"Bottled Tornado":2,"Odd Mushroom":4,"Question Card":9,"Peace Pipe":10,"Blood Vial":10,"Shovel":0,"Strawberry":2,"MealTicket":9,"Tiny Chest":9,"WingedGreaves":3,"Fusion Hammer":6,"InkBottle":3,"FossilizedHelix":8,"Ring of the Snake":0,"Meat on the Bone":3},{"The Specimen":20,"Vajra":16,"The Courier":27,"Snake Skull":42,"Bag of Preparation":51,"Letter Opener":51,"Bottled Tornado":7,"Odd Mushroom":20,"Question Card":51,"Peace Pipe":56,"Blood Vial":56,"Shovel":0,"Strawberry":7,"MealTicket":51,"Tiny Chest":51,"WingedGreaves":16,"Fusion Hammer":37,"InkBottle":16,"FossilizedHelix":46,"Ring of the Snake":0,"Meat on the Bone":16}],"InkBottle":[19],"Ring of the Snake":[22],"Meat on the Bone":36},"card_choices":[{"not_picked":["Finisher","Bouncing Flask"],"picked":"Sucker Punch","floor":1.0},{"not_picked":["Flying Knee","Dodge and Roll"],"picked":"Deflect","floor":2.0},{"not_picked":["Concentrate","Deflect"],"picked":"Dagger Throw","floor":7.0},{"not_picked":["Dash","Flying Knee"],"picked":"Blur","floor":11.0},{"not_picked":["Malaise","Dagger Spray"],"picked":"Poisoned Stab","floor":13.0},{"not_picked":["Bullet Time","Glass Knife"],"picked":"After Image","floor":16.0},{"not_picked":["Dagger Spray","Flying Knee"],"picked":"Blade Dance","floor":18.0},{"not_picked":["Prepared+1","Distraction"],"picked":"Bouncing Flask","floor":22},{"not_picked":["Eviscerate","Dash"],"picked":"Terror","floor":24},{"not_picked":["Bullet Time","Dash","Tactician","Choke"],"picked":"SKIP","floor":31}],"player_experience":290694,"relics_obtained":[{"floor":6.0,"key":"Bottled Tornado"},{"floor":7.0,"key":"WingedGreaves"},{"floor":8.0,"key":"Vajra"},{"floor":9.0,"key":"InkBottle"},{"floor":10.0,"key":"Meat on the Bone"},{"floor":11.0,"key":"Odd Mushroom"},{"floor":12.0,"key":"The Specimen"},{"floor":13.0,"key":"The Courier"},{"floor":23,"key":"FossilizedHelix"},{"floor":24,"key":"MealTicket"},{"floor":25,"key":"Tiny Chest"},{"floor":27,"key":"Bag of Preparation"},{"floor":28,"key":"Letter Opener"},{"floor":31,"key":"Peace Pipe"},{"floor":32,"key":"Blood Vial"}],"event_choices":[{"damage_healed":0.0,"max_hp_gain":0.0,"max_hp_loss":0.0,"gold_gain":0.0,"event_name":"Big Fish","player_choice":"Box","floor":4.0,"gold_loss":0.0,"damage_taken":0.0,"relics_obtained":["Strawberry"],"cards_obtained":["Regret"]},{"damage_healed":0.0,"max_hp_gain":0.0,"max_hp_loss":0.0,"gold_gain":0.0,"event_name":"Mushrooms","player_choice":"Fought Mushrooms","floor":11.0,"gold_loss":0.0,"damage_taken":0.0},{"damage_healed":0.0,"max_hp_gain":0.0,"max_hp_loss":0.0,"gold_gain":100.0,"event_name":"Golden Shrine","player_choice":"Pray","floor":14.0,"gold_loss":0.0,"damage_taken":0.0},{"damage_healed":0.0,"max_hp_gain":0.0,"max_hp_loss":0.0,"gold_gain":0.0,"event_name":"Ghosts","player_choice":"Ignored","floor":20.0,"gold_loss":0.0,"damage_taken":0.0},{"damage_healed":0,"gold_gain":0,"player_choice":"Read","damage_taken":0,"max_hp_gain":0,"max_hp_loss":0,"event_name":"The Library","floor":29,"gold_loss":0,"cards_obtained":["Blade Dance"]},{"damage_healed":0,"gold_gain":0,"player_choice":"Stole Relic","damage_taken":0,"relics_obtained":["Question Card"],"max_hp_gain":0,"max_hp_loss":0,"event_name":"Addict","floor":30,"gold_loss":0,"cards_obtained":["Shame"]}],"is_beta":false,"boss_relics":[{"not_picked":["Cursed Key","Runic Dome"],"picked":"Fusion Hammer"}],"items_purged_floors":[19,21],"is_endless":false,"potions_floor_spawned":[1,11,13,16,31],"killed_by":"Champ","ascension_level":4}}