{"host":"2hz3p8f82lqex3pd","time":1614227678,"event":{"mods":["AchievementEnabler","BaseMod","Better Third Choice","Colored Powertips","Minty Spire (QoL Compilation)","StSLib"],"gold_per_floor":[109,284,284,301,376,376,388,421,475,34,34,107,107,107,107,212,212,232,147,165,17,17,60,79,79,79,124,135,135,135,135],"floor_reached":30,"language":"ENG","playtime":1215,"items_purged":[],"score":279,"play_id":"d4504cc0-6358-470a-993b-3646091a3661","local_time":"20210224233438","is_ascension_mode":true,"campfire_choices":[{"data":"Zap","floor":6,"key":"SMITH"},{"data":"FTL","floor":11,"key":"SMITH"},{"floor":15,"key":"REST"},{"floor":25,"key":"REST"},{"floor":29,"key":"REST"}],"circlet_count":0,"master_deck":["Defend_B","Defend_B","Defend_B","Defend_B","Zap+1","Ball Lightning+1","Doubt","Burn","FTL+1","Storm","Zap+1","Electrodynamics","Streamline","Reprogram","Loop","Bite","Bite","Bite","Bite","Bite"],"relics":["Cracked Core","Smiling Mask","Juzu Bracelet","DollysMirror","Akabeko","CeramicFish","Sundial","Kunai","Runic Pyramid","Incense Burner","Runic Capacitor","Ancient Tea Set","Toxic Egg 2"],"acts_visited":["Exordium","TheCity"],"potions_floor_usage":[8,28],"damage_taken":[{"damage":1,"enemies":"Jaw Worm","floor":1,"turns":4},{"damage":5,"enemies":"Small Slimes","floor":4,"turns":2},{"damage":2,"enemies":"2 Louse","floor":7,"turns":3},{"damage":28,"enemies":"Lagavulin","floor":8,"turns":6},{"damage":35,"enemies":"Slime Boss","floor":16,"turns":9},{"damage":7,"enemies":"Chosen","floor":18,"turns":4},{"damage":43,"enemies":"Gremlin Leader","floor":23,"turns":5},{"damage":21,"enemies":"3 Byrds","floor":24,"turns":3},{"damage":29,"enemies":"Centurion and Healer","floor":28,"turns":5},{"damage":28,"enemies":"Slavers","floor":30,"turns":2}],"seed_played":"-5191607651687915561","potions_obtained":[{"floor":1,"key":"EssenceOfDarkness"},{"floor":4,"key":"DistilledChaos"},{"floor":24,"key":"Fire Potion"}],"is_trial":false,"path_per_floor":["M","?","?","M","?","R","M","E","T","$","R","T","?","?","R","B",null,"M","?","?","$","?","E","M","R","T","?","M","R","E"],"character_chosen":"DEFECT","items_purchased":["DollysMirror","Akabeko","CeramicFish","Runic Capacitor"],"campfire_rested":3,"item_purchase_floors":[10,10,10,21],"current_hp_per_floor":[74,74,74,69,58,58,56,28,28,28,28,28,28,28,50,15,75,68,68,68,68,68,25,4,26,26,26,7,22,0,0],"gold":135,"neow_bonus":"REMOVE_CARD","is_daily":false,"chose_seed":false,"campfire_upgraded":2,"win_rate":0.0,"timestamp":1614227678,"path_taken":["M","?","?","M","?","R","M","E","T","$","R","?","?","?","R","BOSS","M","?","?","$","?","E","M","R","T","?","M","R","E"],"items_purchased_type":["Relic","Relic","Relic","Relic"],"build_version":"2020-12-22","purchased_purges":0,"victory":false,"max_hp_per_floor":[75,75,75,75,75,75,75,75,75,75,75,75,75,75,75,75,75,75,75,75,75,75,75,75,75,75,52,52,52,52,52],"card_choices":[{"not_picked":["BootSequence","Rebound"],"picked":"Ball Lightning","floor":1},{"not_picked":["Reinforced Body","Recycle","Sweeping Beam"],"picked":"SKIP","floor":4},{"not_picked":["Turbo","Barrage"],"picked":"FTL","floor":7},{"not_picked":["Hologram","Streamline"],"picked":"Storm","floor":8},{"not_picked":["Core Surge","Fission"],"picked":"Electrodynamics","floor":16},{"not_picked":["Doom and Gloom","Cold Snap","Coolheaded"],"picked":"SKIP","floor":18},{"not_picked":["Stack","Storm"],"picked":"Loop","floor":23},{"not_picked":["Heatsinks+1","Stack","Streamline+1"],"picked":"SKIP","floor":24},{"not_picked":["Hologram+1","Steam+1","Beam Cell"],"picked":"SKIP","floor":28}],"player_experience":209639,"relics_obtained":[{"floor":8,"key":"Smiling Mask"},{"floor":9,"key":"Juzu Bracelet"},{"floor":12,"key":"Sundial"},{"floor":23,"key":"Ancient Tea Set"},{"floor":26,"key":"Toxic Egg 2"}],"event_choices":[{"damage_healed":0,"gold_gain":175,"player_choice":"AGREE","damage_taken":109,"max_hp_gain":0,"max_hp_loss":0,"event_name":"betterThird:BetterSerpent","floor":2,"gold_loss":0},{"damage_healed":74,"gold_gain":0,"player_choice":"Embrace Burn","damage_taken":0,"max_hp_gain":0,"max_hp_loss":75,"event_name":"betterThird:BetterShining","floor":3,"gold_loss":0},{"damage_healed":0,"gold_gain":75,"player_choice":"Gold","damage_taken":11,"max_hp_gain":0,"max_hp_loss":0,"event_name":"betterThird:BetterGoop","floor":5,"gold_loss":0},{"damage_healed":0,"gold_gain":0,"player_choice":"Searched \u00271\u0027 times","damage_taken":0,"relics_obtained":["Kunai"],"max_hp_gain":0,"max_hp_loss":0,"event_name":"Dead Adventurer","floor":13,"gold_loss":0},{"damage_healed":0,"gold_gain":0,"player_choice":"Grow","damage_taken":0,"max_hp_gain":0,"max_hp_loss":0,"event_name":"Living Wall","floor":14,"gold_loss":0,"cards_upgraded":["Ball Lightning"]},{"damage_healed":0,"gold_gain":0,"player_choice":"Obtained Relic","damage_taken":0,"relics_obtained":["Incense Burner"],"max_hp_gain":0,"max_hp_loss":0,"event_name":"Addict","floor":19,"gold_loss":85},{"damage_healed":0,"gold_gain":0,"cards_transformed":["Strike_B","Strike_B"],"player_choice":"Became Test Subject","damage_taken":0,"max_hp_gain":0,"max_hp_loss":0,"event_name":"Drug Dealer","floor":20,"gold_loss":0,"cards_obtained":["Streamline","Reprogram"]},{"damage_healed":0,"gold_gain":0,"player_choice":"Ignored","damage_taken":0,"max_hp_gain":0,"max_hp_loss":0,"event_name":"The Mausoleum","floor":22,"gold_loss":0},{"damage_healed":0,"gold_gain":0,"player_choice":"Became a vampire","damage_taken":0,"max_hp_gain":0,"max_hp_loss":23,"event_name":"Vampires","floor":27,"gold_loss":0,"cards_obtained":["Bite","Bite","Bite","Bite","Bite"]}],"is_beta":false,"boss_relics":[{"not_picked":["Coffee Dripper","Astrolabe"],"picked":"Runic Pyramid"}],"items_purged_floors":[],"is_endless":false,"potions_floor_spawned":[1,4,24],"killed_by":"Slavers","ascension_level":1}}