{"host":"m1hrbr0uwda4cktq","time":1614212872,"event":{"mods":["AchievementEnabler","BaseMod","Better Match","BetterRewards","Colored Map","Highlight Path","Minty Spire (QoL Compilation)","Quick Restart","Relic Stats","Shop Mod","StSLib","SuperFastMode","The Bug Knight"],"gold_per_floor":[118,68,68,86,103,132,132,162,162,189,189,203,237,250,250,346,346,365,376,393,393,393],"floor_reached":21,"language":"ENG","playtime":1322,"items_purged":[],"score":404,"play_id":"f9740a60-28b8-4e1a-8b6f-7f611876e4e2","local_time":"20210224212752","is_ascension_mode":true,"campfire_choices":[{"data":"Defragment","floor":7,"key":"SMITH"},{"floor":11,"key":"REST"},{"data":"White Noise","floor":15,"key":"SMITH"}],"circlet_count":0,"master_deck":["Strike_B","Strike_B","Strike_B","Defend_B","Defend_B","Defend_B","Zap","Dualcast","Cold Snap","Stack","Capacitor","Coolheaded","BootSequence","Defragment+1","Amplify","Sweeping Beam","Redo","Streamline","White Noise+1","All For One","Cold Snap","Streamline+1","Chill"],"relics":["Cracked Core","Incense Burner","HandDrill","Orichalcum","InkBottle","Juzu Bracelet","White Beast Statue","Smiling Mask","Runic Pyramid"],"acts_visited":["Exordium","TheCity"],"potions_floor_usage":[10,10,16,20,21],"damage_taken":[{"damage":11.0,"enemies":"2 Louse","floor":1.0,"turns":2.0},{"damage":3.0,"enemies":"Small Slimes","floor":4.0,"turns":3.0},{"damage":10.0,"enemies":"Cultist","floor":5.0,"turns":4.0},{"damage":19.0,"enemies":"Lagavulin","floor":6.0,"turns":7.0},{"damage":0,"enemies":"3 Sentries","floor":8,"turns":8},{"damage":0,"enemies":"Lagavulin","floor":10,"turns":8},{"damage":0,"enemies":"Red Slaver","floor":12,"turns":4},{"damage":20,"enemies":"Gremlin Nob","floor":13,"turns":5},{"damage":0,"enemies":"Looter","floor":14,"turns":4},{"damage":0,"enemies":"Hexaghost","floor":16,"turns":9},{"damage":41,"enemies":"3 Byrds","floor":18,"turns":6},{"damage":7,"enemies":"Shell Parasite","floor":19,"turns":6},{"damage":12,"enemies":"Snecko","floor":20,"turns":4},{"damage":1,"enemies":"Cultist and Chosen","floor":21,"turns":4}],"seed_played":"-8269964205187975992","potions_obtained":[{"floor":5.0,"key":"Block Potion"},{"floor":8,"key":"Swift Potion"},{"floor":10,"key":"ColorlessPotion"},{"floor":12,"key":"Explosive Potion"},{"floor":13,"key":"BlessingOfTheForge"},{"floor":14,"key":"Block Potion"},{"floor":16,"key":"Strength Potion"},{"floor":18,"key":"LiquidMemories"},{"floor":20,"key":"GamblersBrew"}],"is_trial":false,"path_per_floor":["M","?","?","M","M","E","R","E","T","E","R","M","E","M","R","B",null,"M","M","M","M"],"character_chosen":"DEFECT","items_purchased":["HandDrill","Cold Snap","Stack"],"campfire_rested":1,"item_purchase_floors":[0,0,0],"current_hp_per_floor":[57,57,50,47,37,18,18,18,18,18,40,40,20,20,20,20,61,20,13,1,0,0],"gold":393,"neow_bonus":"","is_daily":false,"chose_seed":false,"campfire_upgraded":2,"win_rate":0.0,"timestamp":1614212872,"path_taken":["M","?","?","M","M","E","R","E","T","E","R","M","E","M","R","BOSS","M","M","M","M"],"items_purchased_type":["Relic","Card","Card"],"build_version":"2020-12-22","purchased_purges":0,"victory":false,"max_hp_per_floor":[75,75,75,75,75,75,75,75,75,75,75,75,75,75,75,75,75,75,75,75,75,75],"relic_stats":{"counters":[80,408],"HandDrill":[18],"Juzu Bracelet":0,"Orichalcum":[120],"Smiling Mask":0,"obtain_stats":[{"Gremlin Horn":27,"Ginger":0,"HollowMod:StagPassRelic":7,"Boot":43,"Sling":0,"Blood Vial":0,"HornCleat":24,"Strawberry":43,"HandDrill":0,"Kunai":11,"HollowMod:PaleOreRelic":0,"Pear":47,"Happy Flower":0,"Astrolabe":34,"Letter Opener":27,"OrangePellets":0,"Shuriken":41,"Bronze Scales":28,"Molten Egg 2":12,"Pandora\u0027s Box":17,"Symbiotic Virus":48,"Unceasing Top":25,"Meat on the Bone":6,"Pocketwatch":24,"Darkstone Periapt":9,"Lantern":0,"Regal Pillow":26,"Singing Bowl":26,"Torii":0,"Mango":46,"Bag of Preparation":10,"Juzu Bracelet":0,"Incense Burner":0,"Smiling Mask":40,"Mummified Hand":14,"WingedGreaves":0,"Red Mask":39,"Cracked Core":0,"InkBottle":8,"Runic Pyramid":17,"Thread and Needle":45,"The Courier":44,"Omamori":48,"Frozen Egg 2":22,"Orichalcum":6,"White Beast Statue":10,"Nuclear Battery":17,"Peace Pipe":6,"DataDisk":14,"CaptainsWheel":0,"Ornamental Fan":0,"Bag of Marbles":11,"TungstenRod":0},{"Gremlin Horn":52,"Ginger":6,"HollowMod:StagPassRelic":12,"Boot":28,"Sling":66,"Blood Vial":0,"HornCleat":50,"Strawberry":62,"HandDrill":66,"Kunai":41,"HollowMod:PaleOreRelic":66,"Pear":30,"Happy Flower":6,"Astrolabe":24,"Letter Opener":20,"OrangePellets":32,"Shuriken":28,"Bronze Scales":52,"Molten Egg 2":14,"Pandora\u0027s Box":45,"Symbiotic Virus":31,"Unceasing Top":51,"Meat on the Bone":5,"Pocketwatch":19,"Darkstone Periapt":13,"Lantern":6,"Regal Pillow":51,"Singing Bowl":19,"Torii":66,"Mango":30,"Bag of Preparation":40,"Juzu Bracelet":66,"Incense Burner":66,"Smiling Mask":60,"Mummified Hand":44,"WingedGreaves":66,"Red Mask":27,"Cracked Core":0,"InkBottle":71,"Runic Pyramid":76,"Thread and Needle":64,"The Courier":29,"Omamori":65,"Frozen Egg 2":18,"Orichalcum":70,"White Beast Statue":72,"Nuclear Battery":16,"Peace Pipe":38,"DataDisk":15,"CaptainsWheel":66,"Ornamental Fan":66,"Bag of Marbles":13,"TungstenRod":0},{"Gremlin Horn":262,"Ginger":25,"HollowMod:StagPassRelic":49,"Boot":155,"Sling":334,"Blood Vial":0,"HornCleat":253,"Strawberry":310,"HandDrill":334,"Kunai":217,"HollowMod:PaleOreRelic":334,"Pear":171,"Happy Flower":25,"Astrolabe":131,"Letter Opener":101,"OrangePellets":184,"Shuriken":155,"Bronze Scales":262,"Molten Egg 2":59,"Pandora\u0027s Box":232,"Symbiotic Virus":176,"Unceasing Top":256,"Meat on the Bone":20,"Pocketwatch":92,"Darkstone Periapt":53,"Lantern":25,"Regal Pillow":256,"Singing Bowl":92,"Torii":334,"Mango":171,"Bag of Preparation":213,"Juzu Bracelet":334,"Incense Burner":334,"Smiling Mask":302,"Mummified Hand":227,"WingedGreaves":334,"Red Mask":147,"Cracked Core":0,"InkBottle":358,"Runic Pyramid":388,"Thread and Needle":322,"The Courier":166,"Omamori":325,"Frozen Egg 2":84,"Orichalcum":350,"White Beast Statue":366,"Nuclear Battery":75,"Peace Pipe":205,"DataDisk":65,"CaptainsWheel":334,"Ornamental Fan":334,"Bag of Marbles":53,"TungstenRod":0}],"InkBottle":[15]},"card_choices":[{"not_picked":["Streamline","Gash"],"picked":"Capacitor","floor":1.0},{"not_picked":["Turbo","Barrage"],"picked":"Coolheaded","floor":4.0},{"not_picked":["Hologram","Gash"],"picked":"BootSequence","floor":5.0},{"not_picked":["Gash","Beam Cell"],"picked":"Defragment","floor":6},{"not_picked":["Seek","Sunder"],"picked":"Amplify","floor":8},{"not_picked":["Cold Snap","Leap"],"picked":"Sweeping Beam","floor":10},{"not_picked":["Hologram","Rebound"],"picked":"Redo","floor":12},{"not_picked":["Undo","Stack"],"picked":"Streamline","floor":13},{"not_picked":["Sunder","Gash"],"picked":"White Noise","floor":14},{"not_picked":["Multi-Cast","Creative AI"],"picked":"All For One","floor":16},{"not_picked":["Rip and Tear","Chaos"],"picked":"Cold Snap","floor":18},{"not_picked":["Stack","Coolheaded"],"picked":"Streamline+1","floor":19},{"not_picked":["Beam Cell","Turbo"],"picked":"Chill","floor":20}],"player_experience":214720,"relics_obtained":[{"floor":6,"key":"Orichalcum"},{"floor":8,"key":"InkBottle"},{"floor":9,"key":"Juzu Bracelet"},{"floor":10,"key":"White Beast Statue"},{"floor":13,"key":"Smiling Mask"}],"event_choices":[{"cards_removed":["Defend_B"],"damage_healed":0.0,"max_hp_gain":0.0,"max_hp_loss":0.0,"gold_gain":0.0,"event_name":"The Cleric","player_choice":"Card Removal","floor":2.0,"gold_loss":50.0,"damage_taken":0.0},{"cards_removed":["Strike_B"],"damage_healed":0.0,"max_hp_gain":0.0,"max_hp_loss":0.0,"gold_gain":0.0,"event_name":"Golden Wing","player_choice":"Card Removal","floor":3.0,"gold_loss":0.0,"damage_taken":7.0}],"is_beta":false,"boss_relics":[{"not_picked":["Philosopher\u0027s Stone","Sozu"],"picked":"Runic Pyramid"}],"items_purged_floors":[],"is_endless":false,"potions_floor_spawned":[5,8,10,12,13,14,16,18,19,20],"killed_by":"Cultist and Chosen","ascension_level":6}}