{"host":"0tiz9i23itc6fpl3","time":1614293002,"event":{"mods":["2.2 Compatiblity","Act Like it!","BaseMod","Energized Spire","Gensokyo","GungeonMod","Hallownest","Infinite Spire","Marisa????????","Minty Spire (QoL Compilation)","RNG Fix","Reliquary","Remilia??????","Replay The Spire","StSLib","The Administrix","The Marked","The Mystic","The Senshi","The Servant 0.9.4","The Valiant","Wandering Minibosses","Yakumo Yukari mod","Yuyuko"],"gold_per_floor":[138,138,138,150,150,178,178,218,244,276,276,294,10,26,26,128,228,248,346,361,374,374,374,374,374,374,393,293,293,293,304,304,399,399,440,350,350,151,151,181,181,181,181,196,215,215,38,38,38,38],"floor_reached":51,"language":"ENG","playtime":3028,"items_purged":["AT_purpleEX","AT_purpleEX"],"score":764,"play_id":"e6c8f719-2fd9-4b66-8239-ee6766378a32","local_time":"20210225174322","is_ascension_mode":false,"campfire_choices":[{"data":"Observe_purple_1","floor":7.0,"key":"SMITH"},{"data":"ProofOfUnderstanding_purple","floor":23.0,"key":"SMITH"},{"data":"RuptureOfTimeAndSpace_purple","floor":25.0,"key":"SMITH"},{"data":"WatchEChange_purple","floor":29.0,"key":"SMITH"},{"data":"Theboundaryofcreation_purpleEX","floor":32.0,"key":"SMITH"},{"data":"WasteWire_Metro_purple","floor":41.0,"key":"SMITH"},{"floor":49.0,"key":"REST"}],"circlet_count":0,"master_deck":["AT_purpleEX","Defend_purpleEX","Defend_purpleEX","Observe_purple_1+1","Observe_purple_2","Bait_Toxicbait_purple","AdvanceAttack_purple","Theboundaryofcreation_purpleEX+1","Bait_HighSpeedFlying_purple","RuptureOfTimeAndSpace_purple+1","DarkRealmRedLine_purple","Bait_Toxicbait_purple","ProofOfUnderstanding_purple+1","Worldmountain_purple","Shallow_ocean_purpleEX+1","StateErode_purple+1","Fancifulhole_purple","WatchEChange_purple+1","Anti_communist_purple+1","WasteWire_Metro_purple+1","StateErode_purple+1","Gensokyo:CustomPotion","Gensokyo:PrivateSquare","Pride","Decay","Shallow_ocean_purpleEX+1","CommonSense_AntiCommonSense_purple","Boundary_of_Extermination_purpleEX","Enlightenment","GluttonyofRealm_purpleEX"],"relics":["Boundary_crack","Memoryfragments_purpleEX","NeowsBlessing","DemoMod:SerJunkan","DemoMod:Junk","DemoMod:WeirdEgg","MealTicket","Juzu Bracelet","Replay:Wanted Poster","DemoMod:MemoryAlloy","reliquary:BoilingFlask","Enchiridion","Replay:Grab Bag","energizedSpire:MagnifyingGlass","Cursed Key","Empty Cage","Toolbox","Gensokyo:DualWield"],"acts_visited":["Exordium","TheCity","Gensokyo:Gensokyoest"],"potions_floor_usage":[50,50,50],"damage_taken":[{"damage":0.0,"enemies":"Cultist","floor":1.0,"turns":1.0},{"damage":0.0,"enemies":"Jaw Worm","floor":4.0,"turns":2.0},{"damage":15.0,"enemies":"Gremlin Nob","floor":6.0,"turns":1.0},{"damage":16.0,"enemies":"Lagavulin","floor":8.0,"turns":5.0},{"damage":8.0,"enemies":"Replay:BlueRogue","floor":10.0,"turns":4.0},{"damage":0.0,"enemies":"2 Louse","floor":12.0,"turns":2.0},{"damage":0.0,"enemies":"Lots of Slimes","floor":14.0,"turns":1.0},{"damage":17.0,"enemies":"Fading Forest","floor":16.0,"turns":11.0},{"damage":0.0,"enemies":"Chosen","floor":18.0,"turns":4.0},{"damage":9.0,"enemies":"Shell Parasite","floor":20.0,"turns":3.0},{"damage":7.0,"enemies":"Cultist and Chosen","floor":21.0,"turns":3.0},{"damage":0.0,"enemies":"Snecko","floor":27.0,"turns":3.0},{"damage":0.0,"enemies":"Centurion and Healer","floor":31.0,"turns":4.0},{"damage":4.0,"enemies":"Champ","floor":33.0,"turns":5.0},{"damage":10.0,"enemies":"Gensokyo:3_Bats","floor":35.0,"turns":3.0},{"damage":89.0,"enemies":"Gensokyo:Marisa","floor":40.0,"turns":5.0},{"damage":10.0,"enemies":"Gensokyo:3_Boulders","floor":44.0,"turns":3.0},{"damage":11.0,"enemies":"Gensokyo:4_Bats","floor":45.0,"turns":3.0},{"damage":0,"enemies":"Gensokyo:Yuyuko","floor":50,"turns":4}],"seed_played":"4331859088834429830","potions_obtained":[{"floor":1.0,"key":"Swift Potion"},{"floor":8.0,"key":"Languid Potion"},{"floor":12.0,"key":"Milkshake"},{"floor":15.0,"key":"Cursed Concoction"},{"floor":15.0,"key":"Venom Potion"},{"floor":35.0,"key":"CultistPotion"}],"is_trial":false,"path_per_floor":["M","?","?","M","T","E","R","E","T","E","?","M","$","M","R","B",null,"M","?","M","M","T","R","?","R","T","M","$","R","?","M","R","B",null,"M","?","?","COS","?","E","R","?","T","M","M","?","$","?","R","B",null],"character_chosen":"Youkari","items_purchased":["Juzu Bracelet","Block Potion","Boundary_of_Extermination_purpleEX","Enlightenment"],"campfire_rested":1,"item_purchase_floors":[13,13,47,47],"current_hp_per_floor":[70,70,49,50,50,35,35,22,22,15,15,15,30,30,30,25,70,73,73,65,60,60,60,60,60,60,60,73,73,57,58,58,56,73,64,64,64,64,64,32,32,32,32,25,17,17,32,32,53,56],"gold":38,"neow_bonus":"THREE_ENEMY_KILL","is_daily":false,"chose_seed":false,"campfire_upgraded":6,"win_rate":0.0,"timestamp":1614293002,"path_taken":["M","?","?","M","?","E","R","E","T","E","?","M","$","M","R","BOSS","M","?","M","M","?","R","?","R","T","M","?","R","?","M","R","BOSS","M","?","?","COS","?","E","R","?","T","M","M","?","?","?","R","BOSS"],"items_purchased_type":["Relic","Potion","Card","Card"],"build_version":"2020-12-13","purchased_purges":2,"victory":true,"max_hp_per_floor":[70,70,70,70,70,70,70,70,70,70,70,70,70,70,70,70,70,73,73,73,73,73,73,73,73,73,73,73,73,73,73,73,73,73,73,73,73,73,73,73,73,73,73,73,73,73,73,73,73,73],"card_choices":[{"not_picked":["StateDuplicate_purple","StateErode_purple"],"picked":"Bait_Toxicbait_purple","floor":1.0},{"not_picked":["ButterflyHabitatTemple_purple","Realm_recovery_purpleEX"],"picked":"AdvanceAttack_purple","floor":4.0},{"not_picked":["WingOfChimera_purple","SharpContractionReality_purple"],"picked":"Theboundaryofcreation_purpleEX","floor":6.0},{"not_picked":["SfantasyHide_purple","ButterflyHabitatTemple_purple"],"picked":"Bait_HighSpeedFlying_purple","floor":8.0},{"not_picked":["ExistenceContinue_purple","Mirror_Drifter_purple"],"picked":"RuptureOfTimeAndSpace_purple","floor":10.0},{"not_picked":["Boundary_ObjectiveBoundary_purple","OmniscientAndOmnipotent_Monster_purple"],"picked":"DarkRealmRedLine_purple","floor":12.0},{"not_picked":["Bait_HighSpeedFlying_purple","DarkRealmRedLine_purple"],"picked":"Bait_Toxicbait_purple","floor":14.0},{"not_picked":["Theboundaryofcreation_purpleEX","Fancifulhole_purple"],"picked":"ProofOfUnderstanding_purple","floor":16.0},{"not_picked":["RuleDissolution_purple","Bait_HighSpeedFlying_purple"],"picked":"Worldmountain_purple","floor":18.0},{"not_picked":["DimensionStaggered_purple","Realm_recovery_purpleEX+1"],"picked":"Shallow_ocean_purpleEX+1","floor":19.0},{"not_picked":["AdvanceAttack_purple","SharpContractionReality_purple"],"picked":"StateErode_purple+1","floor":19.0},{"not_picked":["DimensionStaggered_purple","Realm_recovery_purpleEX","AdvanceAttack_purple"],"picked":"SKIP","floor":20.0},{"not_picked":["Shallow_ocean_purpleEX+1","Erosivefilter_purple+1"],"picked":"Fancifulhole_purple","floor":21.0},{"not_picked":["DimensionStaggered_purple","Line_surface_state_purple"],"picked":"WatchEChange_purple","floor":27.0},{"not_picked":["Charmbait_purple","ProofOfUnderstanding_purple"],"picked":"Anti_communist_purple+1","floor":31.0},{"not_picked":["Fancifulhole_purple","Mirror_TwoAndThreeElementRealm_purple"],"picked":"WasteWire_Metro_purple","floor":33.0},{"not_picked":["Realm_recovery_purpleEX","Charmbait_purple"],"picked":"StateErode_purple+1","floor":35.0},{"not_picked":["Worldmountain_purple+1","Line_surface_state_purple","OmniscientAndOmnipotent_Monster_purple"],"picked":"SKIP","floor":40.0},{"not_picked":["ExistenceContinue_purple","Boundary_LifeAndDeath_purple"],"picked":"Shallow_ocean_purpleEX+1","floor":44.0},{"not_picked":["MagicEyes_LaplaceDemon_purple","BarrageBoundary_PipeDream_purple","GluttonyofRealm_purpleEX"],"picked":"SKIP","floor":44.0},{"not_picked":["Realm_recovery_purpleEX","WorldDissolvedintheRealm_purple"],"picked":"CommonSense_AntiCommonSense_purple","floor":45.0}],"player_experience":1719,"relics_obtained":[{"floor":5.0,"key":"DemoMod:SerJunkan"},{"floor":6.0,"key":"DemoMod:Junk"},{"floor":8.0,"key":"DemoMod:Junk"},{"floor":9.0,"key":"DemoMod:WeirdEgg"},{"floor":10.0,"key":"MealTicket"},{"floor":19.0,"key":"DemoMod:Junk"},{"floor":22.0,"key":"DemoMod:MemoryAlloy"},{"floor":26.0,"key":"reliquary:BoilingFlask"},{"floor":30.0,"key":"Enchiridion"},{"floor":40.0,"key":"DemoMod:Junk"},{"floor":43.0,"key":"DemoMod:Junk"}],"event_choices":[{"damage_healed":0.0,"max_hp_gain":0.0,"max_hp_loss":0.0,"gold_gain":0.0,"event_name":"Shining Light","player_choice":"Ignored","floor":2.0,"gold_loss":0.0,"damage_taken":0.0},{"damage_healed":0.0,"max_hp_gain":0.0,"max_hp_loss":0.0,"gold_gain":0.0,"event_name":"Cursed Tome","player_choice":"Obtained Book","floor":30.0,"gold_loss":0.0,"damage_taken":16.0}],"is_beta":false,"boss_relics":[{"not_picked":["Replay:Drink Me","energizedSpire:EnergizedDie"],"picked":"Replay:Wanted Poster"},{"not_picked":["energizedSpire:DeadBattery","Seventeenyearold_girl_Forever"],"picked":"Replay:Grab Bag"},{"not_picked":["Sozu","Coffee Dripper"],"picked":"energizedSpire:MagnifyingGlass"},{"not_picked":["energizedSpire:StickyHand","ReplayTheSpireMod:DimensionalGlitch"],"picked":"Cursed Key"},{"not_picked":["Kintsugi","Astrolabe"],"picked":"Empty Cage"}],"items_purged_floors":[13,28],"is_endless":false,"potions_floor_spawned":[1,8,12,35,44],"ascension_level":0}}