{"host":"jgl9m63d23sfproq","time":1614260060,"event":{"mods":["AchievementEnabler","Act Like it!","Aspiration","Bard","BaseMod","Bossed Relics","Colored Map","Colored Powertips","Conspire","Dark Map","DeckTracker","Downfall","Friendly Minions","Gensokyo","Jedi Mod","Marisa¡]Ãú«B¡@Å]²z¨F¡^","Minty Spire (QoL Compilation)","Quick Restart","READ ME - Guardian Mod","Reliquary","Replay The Spire","Shop Mod","Smile Girya","StSLib","The Blackbeard","The Construct","The Jungle","The Mystic","The Runesmith","The Servant 0.9.4","Wide Potions","Yuyuko","[IsaacMod]¥H¼»¦y¶ð"],"gold_per_floor":[110,73,86,59,71,91,91,109,109,109,109,109,139,139,152,162,162,267,267,283,283,283,300,300,300,320,280,334,334,351,351,368,379,379,481,481,494,510,521,521,521,521,521],"floor_reached":42,"language":"ZHS","playtime":1272,"items_purged":["Shame"],"score":452,"play_id":"753414ef-98c4-4449-be70-d494ba508ea8","local_time":"20210225213420","is_ascension_mode":false,"campfire_choices":[{"data":"DoctorFetus","floor":7,"key":"SMITH"},{"data":"A Thousand Cuts","floor":12,"key":"SMITH"},{"floor":17,"key":"REST"},{"floor":25,"key":"REST"},{"floor":31,"key":"REST"},{"floor":34,"key":"REST"}],"circlet_count":0,"master_deck":["Defend_G","Defend_G","Defend_G","Defend_G+1","Defend_G","Survivor","Neutralize","DoctorFetus+1","Blade Dance+1","Infinite Blades","Prepared","Blade Dance","A Thousand Cuts+1","Slice","Footwork","Deflect","conspire:DoublingDagger+1","Noxious Fumes","Prepared","Accuracy","Dodge and Roll+1","Adrenaline","Deflect","Parasite"],"relics":["Ring of the Snake","HushsDoor","KeepersGift","NeowsBlessing","Quantum Egg","conspire:Flyswatter","Blue Candle","Kintsugi","Anchor","Gremlin Food","reliquary:RustamsPendant"],"acts_visited":["Exordium","TheCity","TheBeyond"],"potions_floor_usage":[23,30,35],"damage_taken":[{"damage":0,"enemies":"Cultist","floor":1,"turns":1},{"damage":0,"enemies":"Small Slimes","floor":3,"turns":1},{"damage":0,"enemies":"2 Louse","floor":5,"turns":1},{"damage":11,"enemies":"Large Slime","floor":6,"turns":6},{"damage":10,"enemies":"Looter","floor":8,"turns":3},{"damage":22,"enemies":"3 Sentries","floor":13,"turns":4},{"damage":13,"enemies":"Exordium Thugs","floor":15,"turns":4},{"damage":6,"enemies":"2 Fungi Beasts","floor":16,"turns":3},{"damage":0,"enemies":"Fading Forest","floor":18,"turns":11},{"damage":14,"enemies":"Shell Parasite","floor":20,"turns":6},{"damage":26,"enemies":"2 Thieves","floor":23,"turns":3},{"damage":4,"enemies":"Cultist and Chosen","floor":26,"turns":5},{"damage":9,"enemies":"Centurion and Healer","floor":30,"turns":4},{"damage":24,"enemies":"Snake Plant","floor":32,"turns":5},{"damage":2,"enemies":"Chosen and Byrds","floor":33,"turns":4},{"damage":34,"enemies":"conspire:MysteriousRune","floor":35,"turns":7},{"damage":12,"enemies":"Orb Walker","floor":37,"turns":4},{"damage":5,"enemies":"3 Darklings","floor":38,"turns":4},{"damage":16,"enemies":"Writhing Mass","floor":39,"turns":5},{"damage":37,"enemies":"conspire:MimicChest","floor":42,"turns":3}],"seed_played":"1945940211917355624","potions_obtained":[{"floor":8,"key":"jedi:wingpotion"},{"floor":13,"key":"jedi:mysterypotion"},{"floor":18,"key":"DistilledChaos"},{"floor":23,"key":"Block Potion"},{"floor":33,"key":"PowerPotion"},{"floor":35,"key":"Elixir"}],"is_trial":false,"path_per_floor":["M","$","M","$","M","M","R","M","PTL","PTL","T","R","E","?","M","M","R","B",null,"M","?","?","M","?","R","M","$","T","$","M","R","M","M","R","B",null,"M","M","M","PTL","PTL","?"],"character_chosen":"THE_SILENT","items_purchased":["Infinite Blades","Blade Dance","Noxious Fumes"],"campfire_rested":4,"item_purchase_floors":[2,4,27],"current_hp_per_floor":[70,70,70,70,70,59,59,49,49,49,49,49,27,22,9,3,24,34,65,51,51,51,25,19,38,34,34,34,34,25,44,20,18,37,3,65,53,48,32,32,32,0,0],"gold":521,"neow_bonus":"THREE_ENEMY_KILL","is_daily":false,"chose_seed":false,"campfire_upgraded":2,"win_rate":0.0,"timestamp":1614260060,"path_taken":["M","?","?","$","?","M","R","M","PTL","PTL","T","R","E","?","M","M","R","BOSS","M","?","?","M","?","R","M","$","T","$","M","R","M","M","R","BOSS","M","?","?","PTL","PTL","?"],"items_purchased_type":["Card","Card","Card"],"build_version":"2020-12-22","purchased_purges":1,"victory":false,"max_hp_per_floor":[70,70,70,70,70,70,70,70,70,70,70,70,70,70,70,70,70,70,65,65,65,65,65,65,65,65,65,65,65,65,65,65,65,65,65,65,65,65,65,65,65,65,65],"card_choices":[{"not_picked":[],"picked":"DoctorFetus","floor":0},{"not_picked":["Sucker Punch","Hidden Blade"],"picked":"Blade Dance","floor":1},{"not_picked":["Underhanded Strike","Predator"],"picked":"Prepared","floor":3},{"not_picked":["Bomb","Sneak Up"],"picked":"A Thousand Cuts","floor":5},{"not_picked":["Sneak Up","Dagger Spray"],"picked":"Slice","floor":6},{"not_picked":["Eviscerate","Poisoned Stab"],"picked":"Footwork","floor":8},{"not_picked":["Well Laid Plans","jedi:unstablefumes"],"picked":"Deflect","floor":13},{"not_picked":["Acrobatics","Dagger Throw"],"picked":"Bomb","floor":15},{"not_picked":["Dagger Spray","Masterful Stab","Predator"],"picked":"SKIP","floor":16},{"not_picked":["Tactician","Sucker Punch"],"picked":"conspire:DoublingDagger+1","floor":20},{"not_picked":["Poisoned Stab","ReplayTheSpireMod:Scrap Shanks","Dagger Throw"],"picked":"SKIP","floor":23},{"not_picked":["jedi:pocketpoison","Outmaneuver","Riddle With Holes+1"],"picked":"SKIP","floor":26},{"not_picked":["Backflip","jedi:pocketpoison"],"picked":"Prepared","floor":30},{"not_picked":["Footwork","Escape Plan"],"picked":"Accuracy","floor":32},{"not_picked":["Poisoned Stab","Bane+1"],"picked":"Dodge and Roll+1","floor":33},{"not_picked":["Poison Darts","Wraith Form v2"],"picked":"Adrenaline","floor":35},{"not_picked":["Prepared+1","Calculated Gamble","Choke+1"],"picked":"SKIP","floor":37},{"not_picked":["All Out Attack","Dagger Spray"],"picked":"Deflect","floor":38},{"not_picked":["Backflip","Deadly Poison+1","Catalyst"],"picked":"SKIP","floor":39}],"player_experience":71057,"relics_obtained":[{"floor":11,"key":"Quantum Egg"},{"floor":13,"key":"conspire:Flyswatter"},{"floor":28,"key":"Gremlin Food"}],"event_choices":[{"damage_healed":0,"gold_gain":0,"player_choice":"Ignored","damage_taken":0,"max_hp_gain":0,"max_hp_loss":0,"event_name":"Cursed Tome","floor":21,"gold_loss":0},{"cards_removed":["Injury"],"damage_healed":0,"gold_gain":0,"player_choice":"Removed Curses","damage_taken":0,"max_hp_gain":0,"max_hp_loss":0,"event_name":"Fountain of Cleansing","floor":22,"gold_loss":0},{"damage_healed":0,"gold_gain":0,"player_choice":"Anchor","damage_taken":0,"relics_obtained":["Anchor"],"max_hp_gain":0,"max_hp_loss":0,"event_name":"blackbeard:ShipwreckEvent","floor":24,"gold_loss":0}],"is_beta":false,"boss_relics":[{"not_picked":["Philosopher\u0027s Stone","Replay:Grab Bag"],"picked":"Kintsugi"},{"not_picked":[]},{"not_picked":["conspire:RunicOctahedron","aspiration:FutureDiary"],"picked":"reliquary:RustamsPendant"},{"not_picked":[]}],"items_purged_floors":[19],"is_endless":false,"potions_floor_spawned":[8,13,18,23,33,35],"killed_by":"conspire:MimicChest","ascension_level":0}}