{"host":"43gh4c2f6tt319we","time":1614220257,"event":{"mods":["ATMod(∞¢Ë™Mod)","Act Like it!","Arknights","BaseMod","Gensokyo","Hallownest","KinomotoSakuraMod(ƒæ÷Æ±æ”£)","Lobotomy","Minty Spire (QoL Compilation)","Pale of the Ancients","Reimu£®≤©¿ˆ¡È√Œ£©","Relic Filter Mod","Remilia£®¿Ÿ√◊¿Ú—«£©","StSLib","The Alterego","The Animator","The Bug Knight","Yakumo Yukari mod","Youmu£®ªÍ∆«—˝√Œ£©"],"gold_per_floor":[115,115,45,71,91,121,121,138,138,138,138,138,63,63,63,176,176,194,74,324,324,334,364,364,384,459,459,459,469,65,88,88,88,88],"floor_reached":33,"language":"ZHS","playtime":2401,"items_purged":["animator:Strike"],"score":311,"play_id":"67ecf4e4-0eb8-45cb-8111-8f7332ea90dd","local_time":"20210225113057","is_ascension_mode":false,"campfire_choices":[{"data":"AT_OneInchPunch","floor":11,"key":"SMITH"},{"floor":15,"key":"REST"},{"data":"Gensokyo:HAARP","floor":32,"key":"SMITH"}],"circlet_count":0,"master_deck":["animator:Strike_NoGameNoLife","animator:Defend_NoGameNoLife+1","animator:Strike","animator:Defend","animator:Defend+1","animator:DolaSchwi","animator:DolaCouronne","AT_OneInchPunch+1","animator:Shuna","animator:Jibril","animator:RinTohsaka","animator:Sora","animator:ElricEdward","Gensokyo:CrescentMoonSlash","animator:ElricAlphonse","animator:Shiro","alterego_mod:AlterEgo","animator:Pride","animator:IzunaHatsuse","Gensokyo:HAARP+1","animator:Envy"],"relics":["animator:LivingPicture","animator:TheMissingPiece","AT_ATBox","animator:PurgingStone","War Paint","Pear","Dream Catcher","PreservedInsect","Mark of Pain","Gensokyo:DemonMask","Strawberry","Gensokyo:RedStar","Eternal Feather","Gensokyo:DirgeOfMelancholy","HornCleat","DataDisk","Potion Belt"],"acts_visited":["Exordium","Gensokyo:Gensokyo"],"potions_floor_usage":[23],"damage_taken":[{"damage":0.0,"enemies":"Gensokyo:Python","floor":1.0,"turns":3.0},{"damage":3,"enemies":"Gensokyo:3_Fairies","floor":4,"turns":5},{"damage":0,"enemies":"Gensokyo:Gryphon","floor":5,"turns":3},{"damage":0,"enemies":"Gensokyo:Aya","floor":6,"turns":4},{"damage":0,"enemies":"Gensokyo:LivingMonolith","floor":8,"turns":2},{"damage":10,"enemies":"Gensokyo:Yukari","floor":16,"turns":6},{"damage":3,"enemies":"Gensokyo:CosmicMonolith","floor":18,"turns":4},{"damage":6,"enemies":"Gensokyo:Chomper","floor":22,"turns":4},{"damage":16,"enemies":"Gensokyo:Reisen","floor":23,"turns":4},{"damage":48,"enemies":"Gensokyo:Slime_Group","floor":25,"turns":6},{"damage":5,"enemies":"Gensokyo:Monolith_and_Dog","floor":29,"turns":5},{"damage":66,"enemies":"Gensokyo:Eternal_Rivals","floor":33,"turns":7}],"seed_played":"-141078978450177854","potions_obtained":[{"floor":8,"key":"BlessingOfTheForge"},{"floor":16,"key":"Dexterity Potion"},{"floor":18,"key":"ZuzhouPotion:ReiMu"}],"is_trial":false,"path_per_floor":["M","?","?","M","M","E","?","M","T","?","R","?","$","?","R","B",null,"M","?","?","?","M","E","?","M","T","?","?","M","$","T","R","B"],"character_chosen":"THE_ANIMATOR","items_purchased":["HornCleat","DataDisk"],"campfire_rested":1,"item_purchase_floors":[30,30],"current_hp_per_floor":[66,61,61,58,58,59,66,66,66,50,50,42,42,30,55,45,84,81,81,79,79,73,64,64,17,17,17,17,16,16,16,28,0,0],"gold":88,"neow_bonus":"RANDOM_COMMON_RELIC","is_daily":false,"chose_seed":false,"campfire_upgraded":2,"win_rate":0.0,"timestamp":1614220257,"path_taken":["M","?","?","M","M","E","?","M","T","?","R","?","?","?","R","BOSS","M","?","?","?","M","E","?","?","T","?","?","M","$","?","R","BOSS"],"items_purchased_type":["Relic","Relic"],"build_version":"2020-12-22","purchased_purges":1,"victory":false,"max_hp_per_floor":[66,76,76,76,76,77,84,84,84,84,84,84,84,84,84,84,84,84,84,79,79,79,86,86,87,87,79,79,79,79,79,79,40,40],"card_choices":[{"not_picked":["animator:Illya","animator:Shion"],"picked":"animator:Shuna","floor":1},{"not_picked":["animator:YunYun","animator:Tet"],"picked":"animator:Jibril","floor":4},{"not_picked":["animator:Geryuganshoop","animator:Shigure"],"picked":"animator:RinTohsaka","floor":5},{"not_picked":["animator:DolaRiku","animator:DolaStephanie"],"picked":"animator:Sora","floor":6},{"not_picked":["animator:Sloth","animator:Shuna"],"picked":"animator:ElricEdward","floor":8},{"not_picked":["animator:PandorasActor","animator:Hans"],"picked":"animator:ElricAlphonse","floor":15},{"not_picked":["animator:Sora","animator:Envy"],"picked":"animator:Shiro","floor":16},{"not_picked":["animator:Jibril","animator:RinTohsaka","animator:DolaCouronne"],"picked":"SKIP","floor":18},{"not_picked":["animator:Rider","animator:Shigure","animator:Shuna+1"],"picked":"SKIP","floor":22},{"not_picked":["animator:Sloth","animator:MaesHughes"],"picked":"animator:Pride","floor":23},{"not_picked":["animator:DolaCouronne","animator:ElricEdward"],"picked":"animator:IzunaHatsuse","floor":25},{"not_picked":["Gensokyo:SevenSchoolMysteries","Gensokyo:TekeTeke"],"picked":"Gensokyo:HAARP","floor":27},{"not_picked":["animator:Shuna+1","animator:PandorasActor"],"picked":"animator:Envy","floor":29}],"player_experience":552542,"relics_obtained":[{"floor":6,"key":"PreservedInsect"},{"floor":23,"key":"Strawberry"},{"floor":26,"key":"Eternal Feather"},{"floor":31,"key":"Potion Belt"}],"event_choices":[],"is_beta":false,"boss_relics":[{"not_picked":["RedLine:ReiMu","animator:RacePiece"],"picked":"Mark of Pain"}],"items_purged_floors":[13],"is_endless":false,"potions_floor_spawned":[8,16,18],"killed_by":"Gensokyo:Eternal_Rivals","ascension_level":0}}