{"host":"fnk117zi8wf5078t","time":1614269186,"event":{"mods":["AchievementEnabler","BaseMod","Colored Map","Minty Spire (QoL Compilation)","Rare Cards Sparkle","SuperFastMode","everything is the same but u backflip on backflip"],"gold_per_floor":[111,129,148,112,125,125,125,125,204,204,204,219,219,234,234,307,307,323,341,353,109,109,109,109,109],"floor_reached":24,"language":"KOR","playtime":599,"items_purged":[],"score":310,"play_id":"be385ef9-54bc-43bf-9976-5f00e994b622","local_time":"20210226010626","is_ascension_mode":true,"campfire_choices":[{"floor":6,"key":"REST"},{"floor":8,"key":"REST"},{"data":"Static Discharge","floor":10,"key":"SMITH"},{"floor":15,"key":"REST"},{"floor":23,"key":"REST"}],"circlet_count":0,"master_deck":["AscendersBane","Strike_B","Strike_B+1","Defend_B","Defend_B","Defend_B","Defend_B","Zap+1","Dualcast","Sweeping Beam","Genetic Algorithm","Fusion","Static Discharge+1","Chill","Thunder Strike","Electrodynamics","Static Discharge","White Noise+1","Bandage Up","Electrodynamics","Buffer"],"relics":["Velvet Choker","Toy Ornithopter","Bottled Tornado","Nuclear Battery","DataDisk"],"acts_visited":["Exordium","TheCity"],"potions_floor_usage":[5,12,19,20],"damage_taken":[{"damage":10,"enemies":"Small Slimes","floor":1,"turns":4},{"damage":7,"enemies":"Jaw Worm","floor":2,"turns":2},{"damage":4,"enemies":"2 Louse","floor":3,"turns":2},{"damage":18,"enemies":"Exordium Wildlife","floor":5,"turns":5},{"damage":11,"enemies":"Lots of Slimes","floor":12,"turns":3},{"damage":0,"enemies":"3 Louse","floor":14,"turns":4},{"damage":20,"enemies":"Hexaghost","floor":16,"turns":6},{"damage":20,"enemies":"Shell Parasite","floor":18,"turns":3},{"damage":22,"enemies":"2 Thieves","floor":19,"turns":2},{"damage":28,"enemies":"Centurion and Healer","floor":20,"turns":4},{"damage":32,"enemies":"Book of Stabbing","floor":24,"turns":3}],"seed_played":"7415157181593804615","potions_obtained":[{"floor":2,"key":"DuplicationPotion"},{"floor":3,"key":"Dexterity Potion"},{"floor":12,"key":"Weak Potion"},{"floor":18,"key":"Regen Potion"}],"is_trial":false,"path_per_floor":["M","M","M","$","M","R","?","R","T","R","?","M","$","M","R","B",null,"M","M","M","$","?","R","E"],"character_chosen":"DEFECT","items_purchased":["Static Discharge","DataDisk","Bandage Up"],"campfire_rested":4,"item_purchase_floors":[4,21,21],"current_hp_per_floor":[58,51,47,47,29,51,26,48,48,48,33,27,27,27,49,29,64,44,32,9,9,9,31,0,0],"gold":109,"neow_bonus":"BOSS_RELIC","is_daily":false,"chose_seed":false,"campfire_upgraded":1,"win_rate":0.0,"timestamp":1614269186,"path_taken":["M","M","M","$","M","R","?","R","T","R","?","M","$","M","R","BOSS","M","M","M","$","?","R","E"],"items_purchased_type":["Card","Relic","Card"],"build_version":"2020-12-22","purchased_purges":0,"victory":false,"max_hp_per_floor":[75,75,75,75,75,75,75,75,75,75,75,75,75,75,75,75,75,75,75,75,75,75,75,75,75],"card_choices":[{"not_picked":["Steam","Hologram"],"picked":"Sweeping Beam","floor":1},{"not_picked":["Redo","Self Repair"],"picked":"Genetic Algorithm","floor":2},{"not_picked":["Hologram","Redo"],"picked":"Fusion","floor":3},{"not_picked":["Gash","Go for the Eyes"],"picked":"Chill","floor":5},{"not_picked":["Cold Snap","Rip and Tear","Compile Driver"],"picked":"SKIP","floor":12},{"not_picked":["Sweeping Beam","FTL"],"picked":"Thunder Strike","floor":14},{"not_picked":["Creative AI","Reboot"],"picked":"Electrodynamics","floor":16},{"not_picked":["BootSequence","Redo"],"picked":"Static Discharge","floor":18},{"not_picked":["Fusion","Beam Cell","Steam"],"picked":"SKIP","floor":19},{"not_picked":["Glacier","Rebound"],"picked":"White Noise+1","floor":20}],"player_experience":438465,"relics_obtained":[{"floor":9,"key":"Bottled Tornado"}],"event_choices":[{"damage_healed":0,"gold_gain":0,"player_choice":"Success","damage_taken":25,"relics_obtained":["Toy Ornithopter"],"max_hp_gain":0,"max_hp_loss":0,"event_name":"Scrap Ooze","floor":7,"gold_loss":0},{"damage_healed":0,"gold_gain":0,"player_choice":"Entered Light","damage_taken":15,"max_hp_gain":0,"max_hp_loss":0,"event_name":"Shining Light","floor":11,"gold_loss":0,"cards_upgraded":["Zap","Strike_B"]},{"damage_healed":0,"gold_gain":0,"cards_transformed":["Strike_B","Strike_B"],"player_choice":"Became Test Subject","damage_taken":0,"max_hp_gain":0,"max_hp_loss":0,"event_name":"Drug Dealer","floor":22,"gold_loss":0,"cards_obtained":["Electrodynamics","Buffer"]}],"is_beta":false,"boss_relics":[{"not_picked":["Sozu","SlaversCollar"],"picked":"Nuclear Battery"}],"items_purged_floors":[],"is_endless":false,"potions_floor_spawned":[2,3,12,18],"killed_by":"Book of Stabbing","ascension_level":13}}