{"host":"jt67skv49snb75sm","time":1614292596,"event":{"mods":["BaseMod","Bestiary","Minty Spire (QoL Compilation)","Relic Stats"],"gold_per_floor":[113,132,207,220,220,248,248,264,264,281,281,281,319,343,343,343,343],"floor_reached":16,"language":"ENG","playtime":553,"items_purged":[],"score":224,"play_id":"fccef87c-425f-4807-a49f-83c77c186a89","local_time":"20210225233636","is_ascension_mode":true,"campfire_choices":[{"data":"Sucker Punch","floor":7,"key":"SMITH"},{"floor":12,"key":"REST"},{"floor":15,"key":"REST"}],"circlet_count":0,"master_deck":["AscendersBane","Strike_G","Strike_G","Strike_G","Strike_G","Defend_G","Defend_G","Defend_G","Defend_G","Defend_G","Survivor","Neutralize","Poisoned Stab","Sucker Punch+1","Outmaneuver","Riddle With Holes","Dash","PiercingWail","Blur","Backflip"],"relics":["Ring of the Snake","Pear","Sundial","Golden Idol","Snake Skull"],"acts_visited":["Exordium"],"potions_floor_usage":[6,13,16],"damage_taken":[{"damage":0.0,"enemies":"Cultist","floor":1.0,"turns":3.0},{"damage":0,"enemies":"2 Louse","floor":2,"turns":4},{"damage":6,"enemies":"Small Slimes","floor":4,"turns":4},{"damage":27,"enemies":"3 Sentries","floor":6,"turns":9},{"damage":2,"enemies":"Exordium Wildlife","floor":8,"turns":3},{"damage":3,"enemies":"Looter","floor":10,"turns":4},{"damage":19,"enemies":"Gremlin Nob","floor":13,"turns":4},{"damage":8,"enemies":"3 Louse","floor":14,"turns":5},{"damage":37,"enemies":"Hexaghost","floor":16,"turns":9}],"seed_played":"5155599461159578850","potions_obtained":[{"floor":4,"key":"Explosive Potion"},{"floor":8,"key":"SteroidPotion"},{"floor":10,"key":"Strength Potion"},{"floor":14,"key":"LiquidBronze"}],"is_trial":false,"path_per_floor":["M","M","?","M","?","E","R","M","T","M","?","R","E","M","R","B"],"character_chosen":"THE_SILENT","items_purchased":[],"campfire_rested":2,"item_purchase_floors":[],"current_hp_per_floor":[59,59,48,42,42,25,25,23,23,20,20,40,21,13,33,0,0],"gold":343,"neow_bonus":"TRANSFORM_CARD","is_daily":false,"chose_seed":false,"campfire_upgraded":1,"win_rate":0.0,"timestamp":1614292596,"path_taken":["M","M","?","M","?","E","R","M","T","M","?","R","E","M","R","BOSS"],"items_purchased_type":[],"build_version":"2020-12-22","purchased_purges":0,"victory":false,"max_hp_per_floor":[66,66,66,66,66,76,76,76,76,76,69,69,69,69,69,69,69],"relic_stats":{"counters":[9,45],"Sundial":[2],"Golden Idol":13,"Snake Skull":[2],"obtain_stats":[{"Pear":6,"Sundial":9,"Golden Idol":11,"Snake Skull":13,"Ring of the Snake":0},{"Pear":4,"Sundial":5,"Golden Idol":6,"Snake Skull":7,"Ring of the Snake":0},{"Pear":20,"Sundial":23,"Golden Idol":27,"Snake Skull":31,"Ring of the Snake":0}],"Ring of the Snake":[18]},"card_choices":[{"not_picked":["Dagger Throw","Dodge and Roll"],"picked":"Sucker Punch","floor":1.0},{"not_picked":["Underhanded Strike","Deflect"],"picked":"Outmaneuver","floor":2},{"not_picked":["Blur","Dodge and Roll"],"picked":"Riddle With Holes","floor":4},{"not_picked":["Catalyst","Flying Knee"],"picked":"Dash","floor":6},{"not_picked":["All Out Attack","Deadly Poison"],"picked":"PiercingWail","floor":8},{"not_picked":["Accuracy","Bane"],"picked":"Blur","floor":10},{"not_picked":["Eviscerate","Grand Finale","Outmaneuver"],"picked":"SKIP","floor":13},{"not_picked":["Cloak And Dagger","Quick Slash"],"picked":"Backflip","floor":14}],"player_experience":913556,"relics_obtained":[{"floor":6,"key":"Pear"},{"floor":9,"key":"Sundial"},{"floor":13,"key":"Snake Skull"}],"event_choices":[{"damage_healed":0,"gold_gain":75,"player_choice":"Gather Gold","damage_taken":11,"max_hp_gain":0,"max_hp_loss":0,"event_name":"World of Goop","floor":3,"gold_loss":0},{"damage_healed":0,"gold_gain":0,"player_choice":"Ignored","damage_taken":0,"max_hp_gain":0,"max_hp_loss":0,"event_name":"Liars Game","floor":5,"gold_loss":0},{"damage_healed":0,"gold_gain":0,"player_choice":"Lose Max HP","damage_taken":0,"relics_obtained":["Golden Idol"],"max_hp_gain":0,"max_hp_loss":7,"event_name":"Golden Idol","floor":11,"gold_loss":0}],"is_beta":false,"boss_relics":[],"items_purged_floors":[],"is_endless":false,"potions_floor_spawned":[4,8,10,14],"killed_by":"Hexaghost","ascension_level":20}}