{"host":"18wi9kpcl4eah7pe","time":1614264435,"event":{"mods":["BaseMod","Colored Powertips","Downfall","Minty Spire (QoL Compilation)","StSLib"],"gold_per_floor":[99,113,131,148,161,187,187,187,213,13,75,93,125,125,142,142,142,142],"floor_reached":16,"language":"ENG","playtime":620,"items_purged":[],"score":146,"play_id":"307c2adb-2e96-4f3f-b9d4-5b29cacf03ce","local_time":"20210225084715","is_ascension_mode":true,"campfire_choices":[{"floor":1,"key":"RECALL"},{"floor":10,"key":"REST"}],"circlet_count":0,"master_deck":["Slimebound:Strike_Slimebound+1","Slimebound:Strike_Slimebound","Slimebound:Strike_Slimebound+1","Slimebound:Tackle","Slimebound:Defend_Slimebound","Slimebound:Defend_Slimebound","Slimebound:Defend_Slimebound","Slimebound:Defend_Slimebound","Slimebound:Split","Slimebound:CorrosiveSpit","Slimebound:RollThrough","Slimebound:LevelUp+1","Slimebound:GoopSpray","Slimebound:SplitMire+1","Slimebound:FlameTackle","Slimebound:LeechEnergy","Slimebound:CheckThePlaybook","Slimebound:FinishingTackle","Slimebound:SpikyOuterGoop+1","downfall:Malfunctioning","Slimebound:Prepare"],"relics":["Slimebound:AbsorbEndCombat","Regal Pillow","Bird Faced Urn","Mango","Ginger","downfall:HeartBlessingRed","downfall:HeartBlessingGreen","Pen Nib","Frozen Egg 2"],"acts_visited":["Exordium"],"potions_floor_usage":[9,9,9],"damage_taken":[{"damage":5,"enemies":"Small Slimes","floor":2,"turns":3},{"damage":6,"enemies":"2 Louse","floor":3,"turns":2},{"damage":1,"enemies":"Cultist","floor":4,"turns":4},{"damage":34,"enemies":"Exordium Thugs","floor":5,"turns":5},{"damage":30,"enemies":"Lagavulin","floor":6,"turns":6},{"damage":11,"enemies":"3 Sentries","floor":9,"turns":5},{"damage":19,"enemies":"3 Sentries","floor":11,"turns":5},{"damage":6,"enemies":"2 Fungi Beasts","floor":12,"turns":4},{"damage":24,"enemies":"Gremlin Nob","floor":13,"turns":3},{"damage":11,"enemies":"Blue Slaver","floor":15,"turns":2},{"damage":32,"enemies":"DF_ARCHETYPE_STREAMLINE","floor":16,"turns":6}],"seed_played":"-8797478591737764224","potions_obtained":[{"floor":2,"key":"Explosive Potion"},{"floor":3,"key":"EssenceOfSteel"},{"floor":5,"key":"Slimebound:SlimedPotion"},{"floor":15,"key":"Ancient Potion"}],"is_trial":false,"path_per_floor":["R","M","M","M","M","E","T","?","E","R","?","M","E","?","M","B"],"character_chosen":"SLIMEBOUND","items_purchased":[],"campfire_rested":1,"item_purchase_floors":[],"current_hp_per_floor":[65,60,56,57,29,7,21,21,20,58,47,47,27,27,20,0,0,0],"gold":142,"neow_bonus":"RANDOM_COMMON_RELIC","is_daily":false,"chose_seed":false,"campfire_upgraded":0,"win_rate":0.0,"timestamp":1614264435,"path_taken":["R","M","M","M","M","E","T","?","E","R","?","M","E","?","M","BOSS"],"items_purchased_type":[],"build_version":"2020-12-22","purchased_purges":0,"victory":false,"max_hp_per_floor":[65,65,65,65,65,65,79,79,79,79,79,79,79,79,79,79,79,79],"card_choices":[{"not_picked":["Slimebound:Dissolve","Slimebound:SplitMire"],"picked":"Slimebound:RollThrough","floor":2},{"not_picked":["Slimebound:ForwardTackle","Slimebound:SlimeSpikes"],"picked":"Slimebound:LevelUp","floor":3},{"not_picked":["Slimebound:AcidTongue","Slimebound:HungryTackle"],"picked":"Slimebound:GoopSpray","floor":4},{"not_picked":["Slimebound:Schlurp","Slimebound:GoopSpray"],"picked":"Slimebound:SplitMire","floor":5},{"not_picked":["Slimebound:SamplingLick","Slimebound:SlimeBrawl"],"picked":"Slimebound:FlameTackle","floor":6},{"not_picked":["Slimebound:ForwardTackle","Slimebound:HauntingLick"],"picked":"Slimebound:LeechEnergy","floor":9},{"not_picked":["Slimebound:GoopSpray","Slimebound:HauntingLick"],"picked":"Slimebound:CheckThePlaybook","floor":11},{"not_picked":["Slimebound:GoopSpray","Slimebound:Schlurp"],"picked":"Slimebound:FinishingTackle","floor":12},{"not_picked":["Slimebound:SlimeTap","Slimebound:HauntingLick"],"picked":"Slimebound:SpikyOuterGoop+1","floor":13},{"not_picked":["Slimebound:SamplingLick","Slimebound:ServeAndProtect"],"picked":"Slimebound:Prepare","floor":15}],"player_experience":1066817,"relics_obtained":[{"floor":6,"key":"Bird Faced Urn"},{"floor":7,"key":"Mango"},{"floor":9,"key":"Ginger"},{"floor":11,"key":"Pen Nib"},{"floor":13,"key":"Frozen Egg 2"}],"event_choices":[{"damage_healed":0,"gold_gain":0,"player_choice":"Grow","damage_taken":0,"max_hp_gain":0,"max_hp_loss":0,"event_name":"Living Wall","floor":8,"gold_loss":0,"cards_upgraded":["Slimebound:LevelUp"]}],"is_beta":false,"boss_relics":[],"items_purged_floors":[],"is_endless":false,"potions_floor_spawned":[2,3,5,6,15],"killed_by":"DF_ARCHETYPE_STREAMLINE","ascension_level":4}}