{"host":"wy4vwr4x0uqk666t","time":1614260435,"event":{"mods":["Aspiration","BaseMod","BetterRewards","Colored Map","Colored Powertips","Curses Come First","Defuse TimeMaze Blight","Downfall","Hubris","Infinite Spire","Lobotomy","Minty Spire (QoL Compilation)","Quick Restart","Replay The Spire","StSLib"],"gold_per_floor":[118,118,1,1,11,11,37,48,48,83,101,130,130,147,147,147,147],"floor_reached":16,"language":"ENG","playtime":3713,"items_purged":[],"score":138,"play_id":"938cf085-805c-49e0-84be-d4783c45a139","local_time":"20210225144035","is_ascension_mode":true,"campfire_choices":[{"data":"Perfected Strike","floor":6,"key":"SMITH"},{"floor":15,"key":"REST"}],"circlet_count":0,"master_deck":["Strike_R","Strike_R","Strike_R","Strike_R","Strike_R","Defend_R","Defend_R","Defend_R","Defend_R","Bash","Perfected Strike+1","Rupture","Shrug It Off+1","Cleave","Combust","Twin Strike","Power Through","Headbutt","Limit Break","Flame Barrier"],"relics":["Burning Blood","aspiration:Nostalgia","champ:ChampionCrown","Blue Candle","infinitespire:Eraser","hubris:SlimyHat","hubris:Towel"],"acts_visited":["Exordium"],"potions_floor_usage":[16,16],"damage_taken":[{"damage":7,"enemies":"Small Slimes","floor":1,"turns":3},{"damage":2,"enemies":"Jaw Worm","floor":5,"turns":3},{"damage":29,"enemies":"Lagavulin","floor":7,"turns":5},{"damage":7,"enemies":"Cultist","floor":8,"turns":3},{"damage":17,"enemies":"3 Sentries","floor":10,"turns":6},{"damage":4,"enemies":"Large Slime","floor":11,"turns":5},{"damage":32,"enemies":"Gremlin Nob","floor":12,"turns":4},{"damage":6,"enemies":"Looter","floor":14,"turns":3},{"damage":64,"enemies":"Fading Forest","floor":16,"turns":11}],"seed_played":"8472147883093418633","potions_obtained":[{"floor":5,"key":"Elixir"},{"floor":7,"key":"SkillPotion"},{"floor":10,"key":"Fruit Juice"},{"floor":11,"key":"Death Potion"}],"is_trial":false,"path_per_floor":["M","?","$","?","M","R","E","M","T","E","M","E","?","M","R","B"],"character_chosen":"IRONCLAD","items_purchased":["Rupture","Shrug It Off"],"campfire_rested":1,"item_purchase_floors":[3,3],"current_hp_per_floor":[79,76,76,76,80,80,57,56,56,45,47,21,21,21,45,0,0],"gold":147,"neow_bonus":"NOSTALGIA","is_daily":false,"chose_seed":false,"campfire_upgraded":1,"win_rate":0.0,"timestamp":1614260435,"path_taken":["M","?","$","?","M","R","E","?","T","E","M","E","?","M","R","BOSS"],"items_purchased_type":["Card","Card"],"build_version":"2020-12-22","purchased_purges":0,"victory":false,"max_hp_per_floor":[80,80,80,80,80,80,80,80,80,80,80,80,80,80,80,85,85],"card_choices":[{"not_picked":["Pummel","Power Through"],"picked":"Perfected Strike","floor":1},{"not_picked":["Abandon","ReplayTheSpireMod:Stacked"],"picked":"Cleave","floor":5},{"not_picked":["Iron Wave","Thunderclap"],"picked":"Combust","floor":7},{"not_picked":["Body Slam","Run Through"],"picked":"Twin Strike","floor":8},{"not_picked":["Feel No Pain","Wild Strike"],"picked":"Power Through","floor":10},{"not_picked":["Battle Trance","Run Through"],"picked":"Headbutt","floor":11},{"not_picked":["Feel No Pain","Flex"],"picked":"Limit Break","floor":12},{"not_picked":["True Grit","Clothesline"],"picked":"Flame Barrier","floor":14}],"player_experience":3755347,"relics_obtained":[{"floor":7,"key":"infinitespire:Eraser"},{"floor":10,"key":"hubris:SlimyHat"}],"event_choices":[{"damage_healed":0,"gold_gain":0,"player_choice":"Success","damage_taken":3,"relics_obtained":["Blue Candle"],"max_hp_gain":0,"max_hp_loss":0,"event_name":"Scrap Ooze","floor":2,"gold_loss":0},{"damage_healed":0,"gold_gain":0,"player_choice":"Upgraded","damage_taken":0,"max_hp_gain":0,"max_hp_loss":0,"event_name":"Upgrade Shrine","floor":4,"gold_loss":0,"cards_upgraded":["Shrug It Off"]}],"is_beta":false,"boss_relics":[],"items_purged_floors":[],"is_endless":false,"potions_floor_spawned":[5,7,10,11],"killed_by":"Fading Forest","ascension_level":3}}