{"host":"u6f15rvcj4nca0wu","time":1614282105,"event":{"mods":["BaseMod","Bestiary","Colored Map","Highlight Path","Minty Spire (Améliorations d\u0027érgonomie)","Relic Stats"],"gold_per_floor":[119,119,38,53,69,69,80,91,114,130,80,99,99,24,24,120,120,140,151,101,101,116,116,151,151,174,174,174,24,54,54,54,151,151,174,236,264,329,341,378,390,402,414,15,43,43,63,74,74,74,74],"floor_reached":50,"language":"FRA","playtime":7156,"items_purged":["Strike_B","Strike_B","Defend_B"],"score":573,"play_id":"c774cf32-c2e5-48fd-8036-6c847ebadf18","local_time":"20210225204145","is_ascension_mode":false,"campfire_choices":[{"data":"Dualcast","floor":6.0,"key":"SMITH"},{"data":"Redo","floor":15.0,"key":"SMITH"},{"floor":23.0,"key":"REST"},{"floor":25.0,"key":"REST"},{"floor":27.0,"key":"REST"},{"floor":32.0,"key":"REST"},{"floor":41.0,"key":"REST"},{"floor":42.0,"key":"REST"},{"data":"Rainbow","floor":46.0,"key":"SMITH"},{"floor":49.0,"key":"REST"}],"circlet_count":0,"master_deck":["Defend_B","Defend_B","Defend_B","Zap+1","Dualcast+1","Static Discharge","Sunder","Ball Lightning","Barrage","Redo+1","Beam Cell","Defragment","Rip and Tear","Rainbow+1","Auto Shields","Streamline+1","Darkness","Undo+1","Sweeping Beam+1","Steam","Buffer","Redo","Undo+1","Electrodynamics","Finesse","Ball Lightning","Chaos","Melter"],"relics":["Cracked Core","Akabeko","Juzu Bracelet","Nuclear Battery","PreservedInsect","Omamori","Lantern","Question Card","Calling Bell","MawBank","Gremlin Horn","StoneCalendar","TungstenRod","WingedGreaves","Regal Pillow","StrikeDummy","Mango","Pen Nib"],"acts_visited":["Exordium","TheCity","TheBeyond"],"potions_floor_usage":[],"damage_taken":[{"damage":0.0,"enemies":"Small Slimes","floor":1.0,"turns":3.0},{"damage":1.0,"enemies":"Cultist","floor":4.0,"turns":3.0},{"damage":0.0,"enemies":"2 Louse","floor":5.0,"turns":2.0},{"damage":1.0,"enemies":"2 Fungi Beasts","floor":7.0,"turns":2.0},{"damage":8.0,"enemies":"Red Slaver","floor":8.0,"turns":2.0},{"damage":2.0,"enemies":"Blue Slaver","floor":10.0,"turns":2.0},{"damage":1.0,"enemies":"Lots of Slimes","floor":12.0,"turns":3.0},{"damage":0.0,"enemies":"Slime Boss","floor":16.0,"turns":5.0},{"damage":0.0,"enemies":"3 Byrds","floor":18.0,"turns":5.0},{"damage":5.0,"enemies":"2 Thieves","floor":19.0,"turns":3.0},{"damage":26.0,"enemies":"Snake Plant","floor":22.0,"turns":3.0},{"damage":54.0,"enemies":"Gremlin Leader","floor":24.0,"turns":5.0},{"damage":13.0,"enemies":"Book of Stabbing","floor":30.0,"turns":4.0},{"damage":45.0,"enemies":"Automaton","floor":33.0,"turns":8.0},{"damage":14.0,"enemies":"3 Shapes","floor":35.0,"turns":5.0},{"damage":23.0,"enemies":"Mind Bloom Boss Battle","floor":36.0,"turns":7.0},{"damage":1.0,"enemies":"Orb Walker","floor":37.0,"turns":4.0},{"damage":39.0,"enemies":"2 Orb Walkers","floor":38.0,"turns":6.0},{"damage":24.0,"enemies":"Reptomancer","floor":45.0,"turns":4.0},{"damage":0.0,"enemies":"Maw","floor":47.0,"turns":7.0},{"damage":21.0,"enemies":"Transient","floor":48.0,"turns":5.0},{"damage":81,"enemies":"Donu and Deca","floor":50,"turns":7}],"seed_played":"-4303313861348995081","potions_obtained":[{"floor":4.0,"key":"Weak Potion"},{"floor":7.0,"key":"LiquidMemories"},{"floor":8.0,"key":"Block Potion"},{"floor":19.0,"key":"EssenceOfSteel"},{"floor":24.0,"key":"PowerPotion"},{"floor":38.0,"key":"Weak Potion"},{"floor":45.0,"key":"Strength Potion"}],"is_trial":false,"path_per_floor":["M","?","$","M","M","R","M","M","T","M","?","M","?","$","R","B",null,"M","M","?","?","M","R","E","R","T","R","?","$","E","?","R","B",null,"M","?","M","?","?","T","R","R","T","$","E","R","M","M","R","B"],"character_chosen":"DEFECT","items_purchased":["Sunder","FocusPotion","Mango"],"campfire_rested":7,"item_purchase_floors":[3,29,44],"current_hp_per_floor":[75,75,75,74,74,74,73,65,65,63,63,62,67,67,67,67,80,80,75,75,75,49,73,19,43,43,67,67,67,54,54,78,33,80,66,43,42,3,3,3,42,80,80,94,70,70,70,49,92,11,11],"gold":74,"neow_bonus":"RANDOM_COMMON_RELIC","is_daily":false,"chose_seed":false,"campfire_upgraded":3,"win_rate":0.0,"timestamp":1614282105,"path_taken":["M","?","$","M","?","R","M","M","T","M","?","M","?","$","R","BOSS","M","M","?","?","M","R","E","R","T","R","?","$","E","?","R","BOSS","M","?","M","?","?","?","R","R","T","$","E","R","M","M","R","BOSS"],"items_purchased_type":["Card","Potion","Relic"],"build_version":"2020-12-13","purchased_purges":3,"victory":false,"max_hp_per_floor":[75,75,75,75,75,75,75,75,75,75,75,75,80,80,80,80,80,80,80,80,80,80,80,80,80,80,80,80,80,80,80,80,80,80,80,80,80,80,80,80,80,80,80,94,94,94,94,94,94,94,94],"relic_stats":{"Regal Pillow":44,"Gremlin Horn":[6,6],"counters":[22,95],"StoneCalendar":[2],"PreservedInsect":98,"Pen Nib":[2],"Juzu Bracelet":2,"Question Card":10,"MawBank":120,"obtain_stats":[{"Lantern":30,"Regal Pillow":40,"Gremlin Horn":34,"StoneCalendar":34,"Mango":44,"PreservedInsect":24,"Pen Nib":45,"Juzu Bracelet":9,"Omamori":26,"Question Card":31,"MawBank":34,"Akabeko":0,"Nuclear Battery":17,"Calling Bell":34,"WingedGreaves":38,"Cracked Core":0,"StrikeDummy":43,"TungstenRod":36},{"Lantern":13,"Regal Pillow":18,"Gremlin Horn":14,"StoneCalendar":14,"Mango":18,"PreservedInsect":12,"Pen Nib":19,"Juzu Bracelet":5,"Omamori":12,"Question Card":13,"MawBank":14,"Akabeko":0,"Nuclear Battery":8,"Calling Bell":14,"WingedGreaves":18,"Cracked Core":0,"StrikeDummy":18,"TungstenRod":16},{"Lantern":42,"Regal Pillow":72,"Gremlin Horn":50,"StoneCalendar":50,"Mango":72,"PreservedInsect":38,"Pen Nib":76,"Juzu Bracelet":12,"Omamori":38,"Question Card":42,"MawBank":50,"Akabeko":0,"Nuclear Battery":22,"Calling Bell":50,"WingedGreaves":72,"Cracked Core":0,"StrikeDummy":72,"TungstenRod":62}],"TungstenRod":18},"card_choices":[{"not_picked":["Compile Driver","Coolheaded"],"picked":"Static Discharge","floor":1.0},{"not_picked":["Reprogram","Stack"],"picked":"Ball Lightning","floor":4.0},{"not_picked":["Glacier","Turbo"],"picked":"Barrage","floor":5.0},{"not_picked":["Steam","Ball Lightning"],"picked":"Redo","floor":7.0},{"not_picked":["Cold Snap","Undo"],"picked":"Beam Cell","floor":8.0},{"not_picked":["Hologram","Sweeping Beam"],"picked":"Defragment","floor":10.0},{"not_picked":["All For One","Coolheaded"],"picked":"Rip and Tear","floor":12.0},{"not_picked":["Seek","Multi-Cast"],"picked":"Rainbow","floor":16.0},{"not_picked":["Coolheaded","Defragment"],"picked":"Auto Shields","floor":18.0},{"not_picked":["Glacier","Turbo"],"picked":"Streamline+1","floor":19.0},{"not_picked":["Lockon","Turbo"],"picked":"Undo+1","floor":22.0},{"not_picked":["Turbo","Cold Snap+1"],"picked":"Sweeping Beam+1","floor":24.0},{"not_picked":["Barrage","Streamline"],"picked":"Steam","floor":30.0},{"not_picked":["Seek","Meteor Strike","Machine Learning"],"picked":"Buffer","floor":33.0},{"not_picked":["Sweeping Beam+1","Static Discharge","Steam Power+1"],"picked":"Redo","floor":35.0},{"not_picked":["Double Energy","Rebound","Ball Lightning"],"picked":"Undo+1","floor":36.0},{"not_picked":["Gash","Turbo+1","Barrage","Glacier+1"],"picked":"SKIP","floor":37.0},{"not_picked":["White Noise","Static Discharge+1","Undo+1"],"picked":"Electrodynamics","floor":38.0},{"not_picked":["Master of Strategy","Impatience","Forethought"],"picked":"Finesse","floor":39.0},{"not_picked":["Undo","Coolheaded+1","Chill+1"],"picked":"Ball Lightning","floor":45.0},{"not_picked":["Stack","Blizzard+1","FTL"],"picked":"Chaos","floor":47.0},{"not_picked":["Barrage+1","Sweeping Beam","Force Field"],"picked":"Melter","floor":48.0}],"player_experience":348684,"relics_obtained":[{"floor":9.0,"key":"Juzu Bracelet"},{"floor":24.0,"key":"PreservedInsect"},{"floor":26.0,"key":"Omamori"},{"floor":30.0,"key":"Lantern"},{"floor":34.0,"key":"MawBank"},{"floor":34.0,"key":"Gremlin Horn"},{"floor":34.0,"key":"StoneCalendar"},{"floor":36.0,"key":"TungstenRod"},{"floor":38.0,"key":"WingedGreaves"},{"floor":40.0,"key":"Regal Pillow"},{"floor":43.0,"key":"StrikeDummy"},{"floor":45.0,"key":"Pen Nib"}],"event_choices":[{"damage_healed":0.0,"max_hp_gain":0.0,"max_hp_loss":0.0,"gold_gain":0.0,"event_name":"Accursed Blacksmith","player_choice":"Forge","floor":2.0,"gold_loss":0.0,"damage_taken":0.0,"cards_upgraded":["Zap"]},{"cards_removed":["Strike_B"],"damage_healed":0.0,"max_hp_gain":0.0,"max_hp_loss":0.0,"gold_gain":0.0,"event_name":"The Cleric","player_choice":"Card Removal","floor":11.0,"gold_loss":50.0,"damage_taken":0.0},{"damage_healed":0.0,"max_hp_gain":5.0,"max_hp_loss":0.0,"gold_gain":0.0,"event_name":"Big Fish","player_choice":"Donut","floor":13.0,"gold_loss":0.0,"damage_taken":0.0},{"damage_healed":0.0,"max_hp_gain":0.0,"max_hp_loss":0.0,"gold_gain":0.0,"event_name":"The Joust","player_choice":"Bet on Owner","floor":20.0,"gold_loss":50.0,"damage_taken":0.0},{"damage_healed":0.0,"max_hp_gain":0.0,"max_hp_loss":0.0,"gold_gain":0.0,"event_name":"The Library","player_choice":"Read","floor":21.0,"gold_loss":0.0,"damage_taken":0.0,"cards_obtained":["Darkness"]},{"cards_removed":["Strike_B"],"damage_healed":0.0,"max_hp_gain":0.0,"max_hp_loss":0.0,"gold_gain":0.0,"event_name":"Bonfire Elementals","player_choice":"Offered Basic","floor":28.0,"gold_loss":0.0,"damage_taken":0.0},{"damage_healed":0.0,"max_hp_gain":0.0,"max_hp_loss":0.0,"gold_gain":0.0,"event_name":"The Mausoleum","player_choice":"Opened","floor":31.0,"gold_loss":0.0,"damage_taken":0.0,"relics_obtained":["Question Card"],"cards_obtained":["Writhe"]},{"damage_healed":0.0,"max_hp_gain":0.0,"max_hp_loss":0.0,"gold_gain":0.0,"event_name":"MindBloom","player_choice":"Fight","floor":36.0,"gold_loss":0.0,"damage_taken":0.0},{"damage_healed":0.0,"max_hp_gain":0.0,"max_hp_loss":0.0,"gold_gain":0.0,"event_name":"Mysterious Sphere","player_choice":"Fight","floor":38.0,"gold_loss":0.0,"damage_taken":0.0},{"damage_healed":0.0,"max_hp_gain":0.0,"max_hp_loss":0.0,"gold_gain":0.0,"event_name":"SensoryStone","player_choice":"Memory 1","floor":39.0,"gold_loss":0.0,"damage_taken":0.0}],"is_beta":false,"boss_relics":[{"not_picked":["Coffee Dripper","Fusion Hammer"],"picked":"Nuclear Battery"},{"not_picked":["Runic Dome","Astrolabe"],"picked":"Calling Bell"}],"items_purged_floors":[14,29,44],"is_endless":false,"potions_floor_spawned":[4,7,8,19,24,38,45],"killed_by":"Donu and Deca","ascension_level":0}}