{"host":"5bsc0nab6whpyrbj","time":1614291123,"event":{"mods":["AchievementEnabler","BaseMod","Colored Map","Dark Map","Highlight Path","Minty Spire (QoL Compilation)"],"gold_per_floor":[117,117,134,134,146,177,177,75,152,152,152,172,172,185,185,285,285,295,313,313,313,238,238,238,238,238,251,261,271,284,301,301,301,301],"floor_reached":33,"language":"ENG","playtime":718,"items_purged":[],"score":269,"play_id":"67f418d9-ec4d-48eb-a258-20f97cd63470","local_time":"20210225171203","is_ascension_mode":false,"campfire_choices":[{"floor":7.0,"key":"RECALL"},{"data":"Scrape","floor":10.0,"key":"SMITH"},{"floor":15.0,"key":"REST"},{"floor":23.0,"key":"REST"},{"floor":32.0,"key":"REST"}],"circlet_count":0,"master_deck":["Strike_B+1","Strike_B","Strike_B","Strike_B","Defend_B","Defend_B","Defend_B+1","Defend_B","Zap","Dualcast+1","Streamline+1","BootSequence","Double Energy+1","FTL","Scrape+1","Sweeping Beam","Reboot","Gash","Steam","Steam","Gash","Go for the Eyes"],"relics":["Cracked Core","NeowsBlessing","War Paint","Nuclear Battery","Calipers"],"acts_visited":["Exordium","TheCity"],"potions_floor_usage":[],"damage_taken":[{"damage":0.0,"enemies":"2 Louse","floor":1.0,"turns":1.0},{"damage":0.0,"enemies":"Small Slimes","floor":3.0,"turns":1.0},{"damage":0.0,"enemies":"Cultist","floor":5.0,"turns":1.0},{"damage":14.0,"enemies":"Gremlin Nob","floor":6.0,"turns":3.0},{"damage":0.0,"enemies":"Looter","floor":12.0,"turns":2.0},{"damage":2.0,"enemies":"3 Louse","floor":14.0,"turns":2.0},{"damage":30.0,"enemies":"Slime Boss","floor":16.0,"turns":8.0},{"damage":0.0,"enemies":"Spheric Guardian","floor":18.0,"turns":3.0},{"damage":16.0,"enemies":"Shell Parasite","floor":19.0,"turns":4.0},{"damage":0.0,"enemies":"Slavers","floor":24.0,"turns":1.0},{"damage":12.0,"enemies":"Snecko","floor":27.0,"turns":5.0},{"damage":4.0,"enemies":"Cultist and Chosen","floor":28.0,"turns":6.0},{"damage":10.0,"enemies":"Centurion and Healer","floor":29.0,"turns":5.0},{"damage":18.0,"enemies":"Snake Plant","floor":30.0,"turns":5.0},{"damage":3.0,"enemies":"3 Cultists","floor":31.0,"turns":5.0},{"damage":50,"enemies":"Collector","floor":33,"turns":5}],"seed_played":"-4645070205218405162","potions_obtained":[{"floor":6.0,"key":"CultistPotion"},{"floor":14.0,"key":"AttackPotion"},{"floor":16.0,"key":"SmokeBomb"},{"floor":18.0,"key":"LiquidBronze"},{"floor":19.0,"key":"PowerPotion"},{"floor":27.0,"key":"FearPotion"},{"floor":30.0,"key":"SkillPotion"}],"is_trial":false,"path_per_floor":["M","?","M","?","M","E","R","$","T","R","$","M","?","M","R","B",null,"M","M","?","?","?","R","E","$","T","M","M","M","M","M","R","B"],"character_chosen":"DEFECT","items_purchased":["Scrape","Sweeping Beam"],"campfire_rested":3,"item_purchase_floors":[8,8],"current_hp_per_floor":[75,75,75,75,75,61,61,61,61,61,61,61,46,44,66,36,75,75,59,45,45,45,69,69,69,69,57,53,43,25,22,46,0,0],"gold":301,"neow_bonus":"THREE_ENEMY_KILL","is_daily":false,"chose_seed":false,"campfire_upgraded":1,"win_rate":0.0,"timestamp":1614291123,"path_taken":["M","?","M","?","?","E","R","$","T","R","$","M","?","M","R","BOSS","M","M","?","?","?","R","E","$","T","?","?","M","M","M","R","BOSS"],"items_purchased_type":["Card","Card"],"build_version":"2020-12-22","purchased_purges":0,"victory":false,"max_hp_per_floor":[75,75,75,75,75,75,75,75,75,75,75,75,75,75,75,75,75,75,75,80,80,80,80,80,80,80,80,80,80,80,80,80,80,80],"card_choices":[{"not_picked":["Steam","Coolheaded"],"picked":"Streamline","floor":1.0},{"not_picked":["Rebound","Barrage"],"picked":"BootSequence","floor":3.0},{"not_picked":["Capacitor","Reinforced Body"],"picked":"Double Energy","floor":5.0},{"not_picked":["Steam","Coolheaded"],"picked":"FTL","floor":6.0},{"not_picked":["Conserve Battery","Melter"],"picked":"Reboot","floor":12.0},{"not_picked":["Reinforced Body","Cold Snap"],"picked":"Gash","floor":14.0},{"not_picked":["Rainbow","Thunder Strike"],"picked":"Reboot","floor":16.0},{"not_picked":["Cold Snap+1","Defragment+1"],"picked":"Steam","floor":18.0},{"not_picked":["Loop","White Noise+1","Reinforced Body"],"picked":"SKIP","floor":19.0},{"not_picked":["Rebound","Consume"],"picked":"Steam","floor":27.0},{"not_picked":["Melter","Reprogram+1"],"picked":"Gash","floor":28.0},{"not_picked":["Cold Snap","Hologram+1","Skim+1"],"picked":"SKIP","floor":29.0},{"not_picked":["Multi-Cast","Static Discharge","Conserve Battery+1"],"picked":"SKIP","floor":30.0},{"not_picked":["Rip and Tear","Streamline"],"picked":"Go for the Eyes","floor":31.0}],"player_experience":119670,"relics_obtained":[{"floor":6.0,"key":"War Paint"},{"floor":26.0,"key":"Calipers"}],"event_choices":[{"damage_healed":0.0,"max_hp_gain":0.0,"max_hp_loss":0.0,"gold_gain":0.0,"event_name":"The Cleric","player_choice":"Leave","floor":2.0,"gold_loss":0.0,"damage_taken":0.0},{"damage_healed":0.0,"max_hp_gain":0.0,"max_hp_loss":0.0,"gold_gain":0.0,"event_name":"Upgrade Shrine","player_choice":"Upgraded","floor":4.0,"gold_loss":0.0,"damage_taken":0.0,"cards_upgraded":["Streamline"]},{"damage_healed":0.0,"max_hp_gain":0.0,"max_hp_loss":0.0,"gold_gain":0.0,"event_name":"Shining Light","player_choice":"Entered Light","floor":13.0,"gold_loss":0.0,"damage_taken":15.0,"cards_upgraded":["Defend_B","Strike_B"]},{"damage_healed":0.0,"max_hp_gain":5.0,"max_hp_loss":0.0,"gold_gain":0.0,"event_name":"Forgotten Altar","player_choice":"Shed Blood","floor":20.0,"gold_loss":0.0,"damage_taken":19.0},{"damage_healed":0.0,"max_hp_gain":0.0,"max_hp_loss":0.0,"gold_gain":0.0,"event_name":"Vampires","player_choice":"Ignored","floor":21.0,"gold_loss":0.0,"damage_taken":0.0},{"cards_removed":["Reboot"],"damage_healed":0.0,"max_hp_gain":0.0,"max_hp_loss":0.0,"gold_gain":0.0,"event_name":"Beggar","player_choice":"Gave Gold","floor":22.0,"gold_loss":75.0,"damage_taken":0.0}],"is_beta":false,"boss_relics":[{"not_picked":["Fusion Hammer","Empty Cage"],"picked":"Nuclear Battery"}],"items_purged_floors":[],"is_endless":false,"potions_floor_spawned":[6,14,16,18,19,27,30],"killed_by":"Collector","ascension_level":0}}