{"host":"jfbo3eu2ui08ej1u","time":1614237714,"event":{"mods":["2.2 Compatiblity","AchievementEnabler","Act Like it!","Aspiration","BaseMod","Better Altar","Better Match","Better Note","Better Sensory Stone","Better Skull","Better Third Choice","Block Reminder","Colored Map","Colored Powertips","Conspire","DeckTracker","Displayed Cursed Tome","Energized Spire","Fox Events","GifTheSpireLib","Hermit","Hubris","Infinite Spire","Marked Mod","Minty Spire (QoL Compilation)","Monster B Gone","Pale of the Ancients","Poor People Problems","Quick Restart","Relic Filter","Reliquary","Reorder Act Four","Replay The Spire","Shop Mod","Spicy Shops","Spire Arcade","StSLib","Stuff the Spire","The Blue Laboratory","The Disciple","The Forsaken","The Hierophant","The Marked","Uncapped","Unceasing Turn Reminder","Wandering Minibosses"],"gold_per_floor":[111,81,100,119,130,130,164,164,164,182,132,155,43,69,69,86,86],"floor_reached":16,"language":"ENG","playtime":490,"items_purged":[],"score":224,"play_id":"867955b6-482b-48f4-8482-f1680abb08c1","local_time":"20210225022154","is_ascension_mode":true,"campfire_choices":[{"data":"StuffTheSpire:BumpUp","floor":6.0,"key":"SMITH"},{"floor":8.0,"key":"REST"},{"floor":15.0,"key":"REST"}],"circlet_count":0,"master_deck":["AscendersBane","Strike_G","Strike_G","Strike_G","Strike_G","Defend_G","Defend_G","Defend_G","Defend_G","Defend_G","Survivor","Neutralize","Backstab","StuffTheSpire:BumpUp+1","Underhanded Strike","Acrobatics","StuffTheSpire:Fury","Backstab","conspire:SpireCoStock","Skewer","Terror","Flying Knee"],"relics":["Ring of the Snake","Juzu Bracelet","reliquary:HotPoker","aspiration:HiddenCompartment"],"acts_visited":["Exordium"],"potions_floor_usage":[16],"damage_taken":[{"damage":2.0,"enemies":"Jaw Worm","floor":1.0,"turns":8.0},{"damage":0.0,"enemies":"Cultist","floor":3.0,"turns":4.0},{"damage":2.0,"enemies":"Small Slimes","floor":4.0,"turns":4.0},{"damage":4.0,"enemies":"Blue Slaver","floor":5.0,"turns":5.0},{"damage":32.0,"enemies":"Lagavulin","floor":7.0,"turns":8.0},{"damage":0.0,"enemies":"Looter","floor":10.0,"turns":3.0},{"damage":10.0,"enemies":"3 Louse","floor":12.0,"turns":3.0},{"damage":30.0,"enemies":"3 Sentries","floor":14.0,"turns":7.0},{"damage":34,"enemies":"Slime Boss","floor":16,"turns":8}],"seed_played":"-22367294440574127","potions_obtained":[{"floor":2.0,"key":"blueLaboratory:BottledHope"},{"floor":2.0,"key":"Venom Potion"},{"floor":3.0,"key":"Weak Potion"},{"floor":10.0,"key":"Regen Potion"}],"is_trial":false,"path_per_floor":["M","?","M","M","M","R","E","R","T","M","?","M","$","E","R","B"],"character_chosen":"THE_SILENT","items_purchased":["Terror","Flying Knee"],"campfire_rested":2,"item_purchase_floors":[13,13],"current_hp_per_floor":[57,57,57,55,51,51,19,38,38,38,38,28,28,13,32,0,0],"gold":86,"neow_bonus":"REMOVE_CARD","is_daily":false,"chose_seed":false,"campfire_upgraded":1,"win_rate":0.0,"timestamp":1614237714,"path_taken":["M","?","M","M","M","R","E","R","T","M","?","M","$","E","R","BOSS"],"items_purchased_type":["Card","Card"],"build_version":"2020-12-22","purchased_purges":0,"victory":false,"max_hp_per_floor":[66,66,66,66,66,66,66,66,66,66,66,66,66,66,66,66,66],"card_choices":[{"not_picked":["Dagger Spray","Poisoned Stab"],"picked":"Backstab","floor":1.0},{"not_picked":["Outmaneuver","StuffTheSpire:ClusterCrunch"],"picked":"StuffTheSpire:BumpUp","floor":3.0},{"not_picked":["Outmaneuver","Bouncing Flask"],"picked":"Underhanded Strike","floor":4.0},{"not_picked":["Deflect","ReplayTheSpireMod:The Works"],"picked":"Acrobatics","floor":5.0},{"not_picked":["StuffTheSpire:Injection","Night Terror"],"picked":"StuffTheSpire:Fury","floor":7.0},{"not_picked":["Noxious Fumes","StuffTheSpire:ReptileScales"],"picked":"Backstab","floor":10.0},{"not_picked":["hubris:Counter","Deflect"],"picked":"Skewer","floor":12.0},{"not_picked":["Distraction","Deadly Poison","Poisoned Stab"],"picked":"SKIP","floor":14.0}],"player_experience":1380131,"relics_obtained":[{"floor":7.0,"key":"Juzu Bracelet"},{"floor":9.0,"key":"reliquary:HotPoker"},{"floor":14.0,"key":"aspiration:HiddenCompartment"}],"event_choices":[{"damage_healed":0.0,"max_hp_gain":0.0,"max_hp_loss":0.0,"gold_gain":0.0,"event_name":"The Woman in Blue","player_choice":"Bought 2 Potions","floor":2.0,"gold_loss":0.0,"damage_taken":0.0},{"damage_healed":0.0,"max_hp_gain":0.0,"max_hp_loss":0.0,"gold_gain":0.0,"event_name":"conspire:Investor","player_choice":"Invest 1","floor":11.0,"gold_loss":0.0,"damage_taken":0.0}],"is_beta":false,"boss_relics":[],"items_purged_floors":[],"is_endless":false,"potions_floor_spawned":[3,5,10],"killed_by":"Slime Boss","ascension_level":20}}