{"host":"5c0qgacoz40l2sko","time":1614239308,"event":{"mods":["BaseMod","Custom Start","Minty Spire (QoL Compilation)","Relic Stats"],"gold_per_floor":[126,138,100,100,117,143,171,200,225,257,407,407,407,407,407,480,480,493,493,493,493,505,532,607,622,646,673,700,700,730,764,764,836,836,847,778,778,668,1019,1044,1044,1079,1102,1102,1102,1133,1049,1076,1076,1076],"floor_reached":49,"language":"ENG","playtime":3965,"items_purged":["Hologram+1","Heatsinks+1"],"score":2409,"play_id":"5f79a029-65c2-469d-b456-f299454b856c","local_time":"20210225024828","daily_mods":["Flight"],"is_ascension_mode":true,"campfire_choices":[{"floor":13,"key":"DIG"},{"data":"Defragment+1","floor":15,"key":"PURGE"},{"floor":32,"key":"DIG"},{"floor":44,"key":"DIG"}],"circlet_count":0,"master_deck":["Master of Strategy+1","Capacitor+1","Genetic Algorithm+1","Coolheaded+1","Coolheaded+1","Zap+1","Zap+1","Blizzard+1","RitualDagger+1"],"relics":["Cracked Core","Anchor","Ancient Tea Set","Bird Faced Urn","Blood Vial","Black Star","Bottled Lightning","Bronze Scales","Busted Crown","Calipers","Coffee Dripper","Fusion Hammer","Frozen Eye","Frozen Egg 2","FossilizedHelix","Gremlin Horn","HornCleat","Ice Cream","Inserter","Juzu Bracelet","Lizard Tail","Membership Card","Medical Kit","MawBank","Mango","Molten Egg 2","Omamori","PreservedInsect","Philosopher\u0027s Stone","Pear","Peace Pipe","SlaversCollar","Shovel","Runic Pyramid","Runic Capacitor","Smiling Mask","TheAbacus","Sundial","Strawberry","Unceasing Top","Turnip","The Courier","Bag of Preparation","Toxic Egg 2","Ginger","Darkstone Periapt","Thread and Needle","Bag of Marbles","Boot","Gambling Chip","SlaversCollar","Question Card","Singing Bowl","Potion Belt","Regal Pillow","Dream Catcher","Toy Ornithopter","Eternal Feather","White Beast Statue","Happy Flower","DataDisk","Mercury Hourglass","Black Star","ClockworkSouvenir","Blue Candle","Old Coin","Vajra","Oddly Smooth Stone","InkBottle","Letter Opener","Shuriken","Cables","Pantograph","Kunai"],"acts_visited":["Exordium","TheCity","TheBeyond"],"potions_floor_usage":[],"damage_taken":[{"damage":0,"enemies":"Cultist","floor":1,"turns":1},{"damage":0,"enemies":"2 Louse","floor":5,"turns":1},{"damage":0,"enemies":"Gremlin Nob","floor":6,"turns":1},{"damage":0,"enemies":"3 Sentries","floor":7,"turns":1},{"damage":0,"enemies":"Lagavulin","floor":8,"turns":1},{"damage":0,"enemies":"3 Sentries","floor":10,"turns":1},{"damage":0,"enemies":"Slime Boss","floor":16,"turns":1},{"damage":0,"enemies":"3 Byrds","floor":18,"turns":1},{"damage":0,"enemies":"Spheric Guardian","floor":22,"turns":1},{"damage":0,"enemies":"Slavers","floor":23,"turns":1},{"damage":0,"enemies":"Cultist and Chosen","floor":25,"turns":1},{"damage":0,"enemies":"Book of Stabbing","floor":27,"turns":1},{"damage":0,"enemies":"Slavers","floor":28,"turns":1},{"damage":0,"enemies":"Book of Stabbing","floor":30,"turns":1},{"damage":0,"enemies":"Slavers","floor":31,"turns":1},{"damage":0,"enemies":"Champ","floor":33,"turns":1},{"damage":0,"enemies":"3 Darklings","floor":35,"turns":1},{"damage":0,"enemies":"2 Orb Walkers","floor":39,"turns":1},{"damage":0,"enemies":"Giant Head","floor":40,"turns":2},{"damage":0,"enemies":"Reptomancer","floor":42,"turns":1},{"damage":0,"enemies":"Nemesis","floor":46,"turns":1},{"damage":0,"enemies":"Reptomancer","floor":48,"turns":1}],"seed_played":"974957521350289912","potions_obtained":[{"floor":4,"key":"SpeedPotion"},{"floor":4,"key":"BlessingOfTheForge"},{"floor":5,"key":"EssenceOfSteel"},{"floor":28,"key":"SmokeBomb"},{"floor":39,"key":"EssenceOfDarkness"}],"is_trial":true,"path_per_floor":["M","?","$","?","M","E","E","E","T","E","?","?","R","?","R","B",null,"M","?","$","?","M","E","T","M","T","E","E","?","E","E","R","B",null,"M","$","?","$","?","E","?","E","T","R","?","E","$","E","R"],"character_chosen":"DEFECT","items_purchased":["ClockworkSouvenir","Blue Candle","Heatsinks+1"],"campfire_rested":0,"item_purchase_floors":[36,38,47],"current_hp_per_floor":[102,102,102,102,102,102,102,102,102,102,102,102,102,95,95,101,102,102,81,81,75,81,87,87,95,95,101,106,106,108,110,110,112,112,114,114,114,114,114,116,110,110,110,110,110,110,110,112,112,112],"gold":1076,"neow_bonus":"","is_daily":false,"chose_seed":false,"campfire_upgraded":0,"win_rate":0.0,"timestamp":1614239308,"path_taken":["M","?","$","?","M","E","E","E","T","E","?","?","R","?","R","BOSS","M","?","$","?","M","E","?","M","T","E","E","?","E","E","R","BOSS","M","$","?","?","?","E","?","E","T","R","?","E","$","E","R"],"items_purchased_type":["Relic","Relic","Card"],"build_version":"2020-12-22","purchased_purges":2,"victory":false,"max_hp_per_floor":[102,102,102,102,102,102,102,102,102,102,102,102,102,102,102,102,102,102,102,102,102,102,102,102,104,104,104,106,106,108,110,110,112,112,114,114,114,114,114,116,110,110,110,110,110,110,110,112,112,112],"relic_stats":{"Darkstone Periapt":0,"Regal Pillow":0,"Gremlin Horn":[11,14],"Singing Bowl":16,"Juzu Bracelet":2,"Bag of Preparation":[44],"Ginger":[0],"Smiling Mask":-30,"Boot":[0],"Blood Vial":14,"Lizard Tail":0,"Dream Catcher":0,"Shovel":3,"TheAbacus":[1686],"Sundial":[186],"Gambling Chip":[1],"Pantograph":0,"Kunai":[0],"InkBottle":[1],"Inserter":[11],"Happy Flower":[3],"counters":[22,23],"Blue Candle":[0],"Eternal Feather":0,"PreservedInsect":626,"Letter Opener":[65],"Medical Kit":[0],"MawBank":36,"Question Card":12,"Mercury Hourglass":[45],"Cables":[0,0,0,0,0],"Peace Pipe":1,"Busted Crown":44,"Shuriken":[0],"Bird Faced Urn":[26],"Bronze Scales":[3],"Turnip":[0],"Black Star":17,"obtain_stats":[{"Ice Cream":0,"Calipers":0,"Gremlin Horn":0,"Vajra":40,"Runic Capacitor":0,"Ginger":0,"Boot":9,"Old Coin":39,"Blood Vial":0,"Lizard Tail":0,"HornCleat":0,"Sundial":0,"Strawberry":0,"Philosopher\u0027s Stone":0,"Fusion Hammer":0,"Kunai":48,"Toxic Egg 2":0,"Pear":0,"Happy Flower":30,"Blue Candle":38,"Oddly Smooth Stone":40,"Eternal Feather":28,"Letter Opener":43,"Question Card":23,"Cables":46,"SlaversCollar":0,"Shuriken":44,"Bird Faced Urn":0,"Bronze Scales":0,"Molten Egg 2":0,"Black Star":0,"Unceasing Top":0,"Darkstone Periapt":7,"Regal Pillow":27,"Singing Bowl":24,"Mango":0,"Juzu Bracelet":0,"Bag of Preparation":0,"Ancient Tea Set":0,"Smiling Mask":0,"ClockworkSouvenir":36,"Frozen Eye":0,"Dream Catcher":27,"Shovel":0,"TheAbacus":0,"Gambling Chip":10,"Pantograph":48,"Cracked Core":0,"InkBottle":42,"Runic Pyramid":0,"Potion Belt":26,"Inserter":0,"Thread and Needle":8,"PreservedInsect":0,"The Courier":0,"Omamori":0,"Frozen Egg 2":0,"Medical Kit":0,"MawBank":0,"White Beast Statue":30,"Mercury Hourglass":31,"Peace Pipe":0,"Anchor":0,"DataDisk":31,"Busted Crown":0,"Turnip":0,"Coffee Dripper":0,"Bag of Marbles":8,"Bottled Lightning":0,"Membership Card":0,"FossilizedHelix":0,"Toy Ornithopter":28},{"Ice Cream":0,"Calipers":0,"Gremlin Horn":0,"Vajra":19,"Runic Capacitor":0,"Ginger":0,"Boot":5,"Old Coin":18,"Blood Vial":0,"Lizard Tail":0,"HornCleat":0,"Sundial":0,"Strawberry":0,"Philosopher\u0027s Stone":0,"Fusion Hammer":0,"Kunai":22,"Toxic Egg 2":0,"Pear":0,"Happy Flower":14,"Blue Candle":17,"Oddly Smooth Stone":19,"Eternal Feather":13,"Letter Opener":20,"Question Card":10,"Cables":21,"SlaversCollar":0,"Shuriken":20,"Bird Faced Urn":0,"Bronze Scales":0,"Molten Egg 2":0,"Black Star":0,"Unceasing Top":0,"Darkstone Periapt":4,"Regal Pillow":12,"Singing Bowl":10,"Mango":0,"Juzu Bracelet":0,"Bag of Preparation":0,"Ancient Tea Set":0,"Smiling Mask":0,"ClockworkSouvenir":17,"Frozen Eye":0,"Dream Catcher":12,"Shovel":0,"TheAbacus":0,"Gambling Chip":6,"Pantograph":22,"Cracked Core":0,"InkBottle":20,"Runic Pyramid":0,"Potion Belt":11,"Inserter":0,"Thread and Needle":5,"PreservedInsect":0,"The Courier":0,"Omamori":0,"Frozen Egg 2":0,"Medical Kit":0,"MawBank":0,"White Beast Statue":14,"Mercury Hourglass":15,"Peace Pipe":0,"Anchor":0,"DataDisk":15,"Busted Crown":0,"Turnip":0,"Coffee Dripper":0,"Bag of Marbles":5,"Bottled Lightning":0,"Membership Card":0,"FossilizedHelix":0,"Toy Ornithopter":13},{"Ice Cream":0,"Calipers":0,"Gremlin Horn":0,"Vajra":20,"Runic Capacitor":0,"Ginger":0,"Boot":5,"Old Coin":18,"Blood Vial":0,"Lizard Tail":0,"HornCleat":0,"Sundial":0,"Strawberry":0,"Philosopher\u0027s Stone":0,"Fusion Hammer":0,"Kunai":23,"Toxic Egg 2":0,"Pear":0,"Happy Flower":14,"Blue Candle":17,"Oddly Smooth Stone":20,"Eternal Feather":13,"Letter Opener":21,"Question Card":10,"Cables":22,"SlaversCollar":0,"Shuriken":21,"Bird Faced Urn":0,"Bronze Scales":0,"Molten Egg 2":0,"Black Star":0,"Unceasing Top":0,"Darkstone Periapt":4,"Regal Pillow":12,"Singing Bowl":10,"Mango":0,"Juzu Bracelet":0,"Bag of Preparation":0,"Ancient Tea Set":0,"Smiling Mask":0,"ClockworkSouvenir":17,"Frozen Eye":0,"Dream Catcher":12,"Shovel":0,"TheAbacus":0,"Gambling Chip":6,"Pantograph":23,"Cracked Core":0,"InkBottle":21,"Runic Pyramid":0,"Potion Belt":11,"Inserter":0,"Thread and Needle":5,"PreservedInsect":0,"The Courier":0,"Omamori":0,"Frozen Egg 2":0,"Medical Kit":0,"MawBank":0,"White Beast Statue":14,"Mercury Hourglass":15,"Peace Pipe":0,"Anchor":0,"DataDisk":15,"Busted Crown":0,"Turnip":0,"Coffee Dripper":0,"Bag of Marbles":5,"Bottled Lightning":0,"Membership Card":0,"FossilizedHelix":0,"Toy Ornithopter":13}],"Unceasing Top":[0],"Toy Ornithopter":0},"card_choices":[{"not_picked":["Loop+1"],"picked":"SKIP","floor":1},{"not_picked":["Sweeping Beam+1"],"picked":"SKIP","floor":5},{"not_picked":["Lockon+1"],"picked":"SKIP","floor":6},{"not_picked":["Fusion+1"],"picked":"SKIP","floor":7},{"not_picked":["Gash+1"],"picked":"SKIP","floor":8},{"not_picked":["Defragment+1"],"picked":"SKIP","floor":10},{"not_picked":["Gash+1"],"picked":"SKIP","floor":18},{"not_picked":["Barrage+1"],"picked":"SKIP","floor":22},{"not_picked":["Reboot+1"],"picked":"SKIP","floor":23},{"not_picked":["Skim+1","Compile Driver+1"],"picked":"Singing Bowl","floor":25},{"not_picked":["Scrape+1","Steam Power+1"],"picked":"SKIP","floor":27},{"not_picked":["Redo+1","Rebound+1"],"picked":"Singing Bowl","floor":28},{"not_picked":["Tempest+1","Compile Driver+1"],"picked":"Singing Bowl","floor":30},{"not_picked":["Cold Snap+1","Compile Driver+1"],"picked":"Singing Bowl","floor":31},{"not_picked":["Echo Form+1","Buffer+1"],"picked":"Singing Bowl","floor":33},{"not_picked":["Scrape+1","Storm+1"],"picked":"Singing Bowl","floor":35},{"not_picked":["Melter+1","Blizzard+1"],"picked":"Singing Bowl","floor":40},{"not_picked":["Leap+1","Chill+1"],"picked":"SKIP","floor":42},{"not_picked":["Coolheaded+1","Fusion+1"],"picked":"SKIP","floor":46},{"not_picked":["Redo+1","Rebound+1"],"picked":"Singing Bowl","floor":48}],"player_experience":216848,"relics_obtained":[{"floor":7,"key":"Darkstone Periapt"},{"floor":8,"key":"Thread and Needle"},{"floor":8,"key":"Bag of Marbles"},{"floor":9,"key":"Boot"},{"floor":10,"key":"Gambling Chip"},{"floor":23,"key":"Question Card"},{"floor":24,"key":"Singing Bowl"},{"floor":26,"key":"Potion Belt"},{"floor":27,"key":"Regal Pillow"},{"floor":27,"key":"Dream Catcher"},{"floor":28,"key":"Toy Ornithopter"},{"floor":28,"key":"Eternal Feather"},{"floor":30,"key":"White Beast Statue"},{"floor":30,"key":"Happy Flower"},{"floor":31,"key":"DataDisk"},{"floor":31,"key":"Mercury Hourglass"},{"floor":39,"key":"Old Coin"},{"floor":40,"key":"Vajra"},{"floor":40,"key":"Oddly Smooth Stone"},{"floor":42,"key":"InkBottle"},{"floor":43,"key":"Letter Opener"},{"floor":44,"key":"Shuriken"},{"floor":46,"key":"Cables"},{"floor":48,"key":"Pantograph"},{"floor":48,"key":"Kunai"}],"event_choices":[{"damage_healed":0,"gold_gain":0,"cards_transformed":["Turbo"],"player_choice":"Change","damage_taken":0,"max_hp_gain":0,"max_hp_loss":0,"event_name":"Living Wall","floor":2,"gold_loss":0,"cards_obtained":["Hologram"]},{"damage_healed":0,"gold_gain":0,"player_choice":"Got Potions","damage_taken":0,"max_hp_gain":0,"max_hp_loss":0,"event_name":"Lab","floor":4,"gold_loss":0},{"damage_healed":0,"gold_gain":150,"player_choice":"AGREE","damage_taken":0,"max_hp_gain":0,"max_hp_loss":0,"event_name":"Liars Game","floor":11,"gold_loss":0,"cards_obtained":["Doubt"]},{"damage_healed":0,"gold_gain":0,"player_choice":"Ignored","damage_taken":0,"max_hp_gain":0,"max_hp_loss":0,"event_name":"Shining Light","floor":12,"gold_loss":0},{"cards_removed":["Defragment"],"damage_healed":0,"gold_gain":0,"player_choice":"Card Removal","damage_taken":7,"max_hp_gain":0,"max_hp_loss":0,"event_name":"Golden Wing","floor":14,"gold_loss":0},{"damage_healed":0,"gold_gain":0,"player_choice":"Obtained Book","damage_taken":21,"max_hp_gain":0,"max_hp_loss":0,"event_name":"Cursed Tome","floor":19,"gold_loss":0},{"damage_healed":0,"gold_gain":0,"player_choice":"Joined the Cult","damage_taken":6,"max_hp_gain":0,"max_hp_loss":0,"event_name":"Nest","floor":21,"gold_loss":0,"cards_obtained":["RitualDagger"]},{"damage_healed":0,"gold_gain":0,"player_choice":"Copied","damage_taken":0,"max_hp_gain":0,"max_hp_loss":0,"event_name":"Duplicator","floor":29,"gold_loss":0,"cards_obtained":["Coolheaded"]},{"cards_removed":["Coolheaded"],"damage_healed":5,"gold_gain":0,"player_choice":"Offered Common","damage_taken":0,"max_hp_gain":0,"max_hp_loss":0,"event_name":"Bonfire Elementals","floor":37,"gold_loss":0},{"cards_removed":["Coolheaded"],"damage_healed":5,"gold_gain":0,"player_choice":"Offered Special","damage_taken":0,"max_hp_gain":0,"max_hp_loss":0,"event_name":"Bonfire Elementals","floor":37,"gold_loss":0},{"damage_healed":0,"gold_gain":0,"player_choice":"Fight","damage_taken":0,"max_hp_gain":0,"max_hp_loss":0,"event_name":"Mysterious Sphere","floor":39,"gold_loss":0},{"damage_healed":0,"gold_gain":0,"player_choice":"Max HP","damage_taken":0,"max_hp_gain":0,"max_hp_loss":6,"event_name":"Winding Halls","floor":41,"gold_loss":0},{"cards_removed":["Electrodynamics"],"damage_healed":0,"gold_gain":0,"player_choice":"Removed Power","damage_taken":0,"max_hp_gain":0,"max_hp_loss":0,"event_name":"Falling","floor":45,"gold_loss":0}],"is_beta":false,"boss_relics":[{"not_picked":["Cursed Key","Empty Cage"],"picked":"SlaversCollar"},{"not_picked":["FrozenCore","Sozu"],"picked":"Black Star"}],"items_purged_floors":[3,47],"is_endless":false,"potions_floor_spawned":[1,5,7,16,18,27,28,31,33,35,39,40,42,46,48],"ascension_level":20}}