{"host":"v54ek091sdz7ha6h","time":1614259584,"event":{"mods":["BaseMod","Colored Map","Colored Powertips","Custom Start","DeckTracker","Highlight Path","KOR Keyword Fix","Minty Spire (QoL Compilation)","Random Character Button","Rare Cards Sparkle","Relic Stats","StSLib","SuperFastMode","everything is the same but u backflip on backflip"],"gold_per_floor":[114,124,22,33,108,142,142,171,171,184,14,14,32,90,90,191,191,207,207,218,232,249,249,282,282,282,282,295,306,306,306],"floor_reached":30,"language":"KOR","playtime":568,"items_purged":["Strike_B"],"score":262,"play_id":"76fdc8dd-0a3b-476e-b35e-ae8753f10786","local_time":"20210225222624","is_ascension_mode":false,"campfire_choices":[{"data":"Loop","floor":7,"key":"SMITH"},{"data":"Zap","floor":12,"key":"SMITH"},{"floor":15,"key":"REST"},{"floor":23,"key":"REST"},{"floor":25,"key":"REST"},{"data":"Capacitor","floor":27,"key":"SMITH"}],"circlet_count":0,"master_deck":["Strike_B","Strike_B","Strike_B","Defend_B","Defend_B","Defend_B","Defend_B","Zap+1","Dualcast","Loop+1","Ball Lightning","Streamline","Ball Lightning","Conserve Battery","Capacitor+1","Electrodynamics","Barrage","White Noise","Leap+1","Coolheaded+1","Heatsinks"],"relics":["Cracked Core","NeowsBlessing","Calipers","Singing Bowl","Bottled Tornado","OrangePellets","Nuclear Battery","Ornamental Fan","Letter Opener"],"acts_visited":["Exordium","TheCity"],"potions_floor_usage":[6,8,20,21,24,29],"damage_taken":[{"damage":0,"enemies":"Jaw Worm","floor":1,"turns":1},{"damage":0,"enemies":"Small Slimes","floor":2,"turns":1},{"damage":0,"enemies":"2 Louse","floor":4,"turns":1},{"damage":26,"enemies":"Lagavulin","floor":6,"turns":4},{"damage":14,"enemies":"Gremlin Nob","floor":8,"turns":3},{"damage":13,"enemies":"Gremlin Gang","floor":10,"turns":4},{"damage":0,"enemies":"Blue Slaver","floor":13,"turns":4},{"damage":10,"enemies":"Slime Boss","floor":16,"turns":7},{"damage":15,"enemies":"Shell Parasite","floor":18,"turns":5},{"damage":0,"enemies":"Spheric Guardian","floor":20,"turns":3},{"damage":31,"enemies":"Snake Plant","floor":21,"turns":5},{"damage":20,"enemies":"Sentry and Sphere","floor":22,"turns":4},{"damage":28,"enemies":"Slavers","floor":24,"turns":4},{"damage":31,"enemies":"Centurion and Healer","floor":28,"turns":5},{"damage":4,"enemies":"Cultist and Chosen","floor":29,"turns":6},{"damage":3,"enemies":"Gremlin Leader","floor":30,"turns":1}],"seed_played":"2206572908472377321","potions_obtained":[{"floor":1,"key":"AttackPotion"},{"floor":6,"key":"EssenceOfSteel"},{"floor":8,"key":"ColorlessPotion"},{"floor":16,"key":"SkillPotion"},{"floor":18,"key":"BlessingOfTheForge"},{"floor":28,"key":"AttackPotion"}],"is_trial":false,"path_per_floor":["M","M","$","M","?","E","R","E","T","M","$","R","M","?","R","B",null,"M","?","M","M","M","R","E","R","T","R","M","M","E"],"character_chosen":"DEFECT","items_purchased":["Streamline","OrangePellets","Conserve Battery"],"campfire_rested":3,"item_purchase_floors":[3,11,11],"current_hp_per_floor":[75,75,75,75,64,38,38,26,26,15,15,15,15,15,38,28,79,64,64,66,35,15,39,13,37,37,37,6,2,0,0],"gold":306,"neow_bonus":"THREE_ENEMY_KILL","is_daily":false,"chose_seed":false,"campfire_upgraded":3,"win_rate":0.0,"timestamp":1614259584,"path_taken":["M","M","$","M","?","E","R","E","T","M","$","R","M","?","R","BOSS","M","?","M","M","?","R","E","R","T","R","M","?","E"],"items_purchased_type":["Card","Relic","Card"],"build_version":"2020-12-22","purchased_purges":1,"victory":false,"max_hp_per_floor":[75,75,75,75,75,75,75,77,77,79,79,79,79,79,79,79,79,79,79,81,81,81,81,83,83,83,83,83,83,83,83],"relic_stats":{"OrangePellets":[8],"Singing Bowl":8,"counters":[16,56],"Ornamental Fan":[0],"Letter Opener":[30],"obtain_stats":[{"OrangePellets":11,"Calipers":6,"NeowsBlessing":0,"Singing Bowl":8,"Ornamental Fan":24,"Letter Opener":26,"Bottled Tornado":9,"Cracked Core":0,"Nuclear Battery":17},{"OrangePellets":6,"Calipers":4,"NeowsBlessing":0,"Singing Bowl":5,"Ornamental Fan":13,"Letter Opener":13,"Bottled Tornado":5,"Cracked Core":0,"Nuclear Battery":8},{"OrangePellets":13,"Calipers":7,"NeowsBlessing":0,"Singing Bowl":10,"Ornamental Fan":44,"Letter Opener":44,"Bottled Tornado":10,"Cracked Core":0,"Nuclear Battery":23}]},"card_choices":[{"not_picked":["Conserve Battery","Fusion"],"picked":"Loop","floor":1},{"not_picked":["Auto Shields","Genetic Algorithm"],"picked":"Ball Lightning","floor":2},{"not_picked":["Static Discharge","Compile Driver"],"picked":"Ball Lightning","floor":4},{"not_picked":["Steam Power","Ball Lightning","Beam Cell"],"picked":"SKIP","floor":6},{"not_picked":["Skim","Hello World","Coolheaded"],"picked":"Singing Bowl","floor":8},{"not_picked":["Rebound","Hologram","Doom and Gloom"],"picked":"Singing Bowl","floor":10},{"not_picked":["Genetic Algorithm","Seek"],"picked":"Capacitor","floor":13},{"not_picked":["Machine Learning","Seek"],"picked":"Electrodynamics","floor":16},{"not_picked":["Ball Lightning","Rebound+1"],"picked":"Barrage","floor":18},{"not_picked":["Beam Cell+1","Go for the Eyes","Darkness"],"picked":"Singing Bowl","floor":20},{"not_picked":["Stack","Go for the Eyes"],"picked":"White Noise","floor":21},{"not_picked":["Static Discharge+1","Steam Power"],"picked":"Leap+1","floor":22},{"not_picked":["Blizzard","FTL","Sweeping Beam"],"picked":"Singing Bowl","floor":24},{"not_picked":["Go for the Eyes","Capacitor"],"picked":"Coolheaded+1","floor":28},{"not_picked":["Steam","Compile Driver"],"picked":"Heatsinks","floor":29}],"player_experience":1506396,"relics_obtained":[{"floor":6,"key":"Calipers"},{"floor":8,"key":"Singing Bowl"},{"floor":9,"key":"Bottled Tornado"},{"floor":24,"key":"Ornamental Fan"},{"floor":26,"key":"Letter Opener"}],"event_choices":[{"damage_healed":0,"gold_gain":75,"player_choice":"Gather Gold","damage_taken":11,"max_hp_gain":0,"max_hp_loss":0,"event_name":"World of Goop","floor":5,"gold_loss":0},{"damage_healed":0,"gold_gain":58,"player_choice":"Gained Gold","damage_taken":0,"max_hp_gain":0,"max_hp_loss":0,"event_name":"Golden Wing","floor":14,"gold_loss":0},{"damage_healed":0,"gold_gain":0,"player_choice":"Bought 0 Potions","damage_taken":0,"max_hp_gain":0,"max_hp_loss":0,"event_name":"The Woman in Blue","floor":19,"gold_loss":0}],"is_beta":false,"boss_relics":[{"not_picked":["Tiny House","Calling Bell"],"picked":"Nuclear Battery"}],"items_purged_floors":[3],"is_endless":false,"potions_floor_spawned":[1,6,8,16,18,28],"killed_by":"Gremlin Leader","ascension_level":0}}