{"host":"0tbecx6mc13icp35","time":1614269500,"event":{"mods":["AchievementEnabler","BaseMod","Colored Map","Colored Powertips","DeckTracker","Minty Spire (QoL Compilation)","Relic Stats","Synergy Search","slay the spire mod where everything is the same but ironclad has a cowboy hat"],"gold_per_floor":[111,61,71,246,262,262,287,287,287,362,372,23,23,40,40,144,144,158,171,181,13,25,25,57,57,81,93,115,52,99,130,142,154,154],"floor_reached":33,"language":"ENG","playtime":1707,"items_purged":["Doubt"],"score":374,"play_id":"ea2a1e64-1c79-49ab-b18b-d59d4ab57843","local_time":"20210225191140","is_ascension_mode":true,"campfire_choices":[{"data":"Neutralize","floor":6,"key":"SMITH"},{"data":"Skewer","floor":8,"key":"SMITH"},{"floor":13,"key":"REST"},{"floor":15,"key":"REST"},{"floor":23,"key":"REST"},{"floor":25,"key":"REST"},{"data":"Footwork","floor":27,"key":"SMITH"},{"floor":32,"key":"REST"}],"circlet_count":0,"master_deck":["Strike_G","Defend_G","Defend_G","Defend_G","Defend_G","Defend_G","Survivor","Neutralize+1","Skewer+1","Backflip","Die Die Die","PiercingWail","Riddle With Holes","Footwork+1","Corpse Explosion","Heel Hook+1","Poisoned Stab+1","Dagger Throw+1","Flying Knee","Backflip+1","Dagger Throw+1","Bandage Up","Storm of Steel","All Out Attack","Cloak And Dagger","Storm of Steel","Dagger Spray+1","Acrobatics+1"],"relics":["Ring of the Snake","NeowsBlessing","Shuriken","Bottled Lightning","ClockworkSouvenir","Astrolabe","PreservedInsect","MawBank","Vajra"],"acts_visited":["Exordium","TheCity"],"potions_floor_usage":[7,7,16,16,24,33],"damage_taken":[{"damage":0,"enemies":"Jaw Worm","floor":1,"turns":1},{"damage":0,"enemies":"Small Slimes","floor":3,"turns":1},{"damage":0,"enemies":"2 Louse","floor":5,"turns":1},{"damage":35,"enemies":"Lagavulin","floor":7,"turns":8},{"damage":8,"enemies":"Large Slime","floor":11,"turns":6},{"damage":8,"enemies":"Blue Slaver","floor":14,"turns":4},{"damage":44,"enemies":"Hexaghost","floor":16,"turns":12},{"damage":13,"enemies":"3 Byrds","floor":18,"turns":4},{"damage":18,"enemies":"Spheric Guardian","floor":19,"turns":4},{"damage":16,"enemies":"Shelled Parasite and Fungi","floor":20,"turns":9},{"damage":20,"enemies":"Snecko","floor":22,"turns":7},{"damage":15,"enemies":"Slavers","floor":24,"turns":3},{"damage":11,"enemies":"Cultist and Chosen","floor":28,"turns":5},{"damage":0,"enemies":"Gremlin Leader","floor":30,"turns":4},{"damage":24,"enemies":"Snake Plant","floor":31,"turns":4},{"damage":50,"enemies":"Champ","floor":33,"turns":8}],"seed_played":"-5931018539280701678","potions_obtained":[{"floor":3,"key":"Poison Potion"},{"floor":5,"key":"GamblersBrew"},{"floor":7,"key":"SkillPotion"},{"floor":22,"key":"Energy Potion"},{"floor":31,"key":"Ancient Potion"}],"is_trial":false,"path_per_floor":["M","?","M","?","M","R","E","R","T","?","M","$","R","M","R","B",null,"M","M","M","$","M","R","E","R","T","R","M","?","E","M","R","B"],"character_chosen":"THE_SILENT","items_purchased":["ClockworkSouvenir","Riddle With Holes","SpeedPotion","Bandage Up","Storm of Steel"],"campfire_rested":5,"item_purchase_floors":[12,12,12,21,21],"current_hp_per_floor":[70,70,70,70,70,70,35,35,35,35,27,27,48,40,61,17,70,57,39,23,23,7,28,17,38,38,38,31,31,35,15,36,0,0],"gold":154,"neow_bonus":"THREE_ENEMY_KILL","is_daily":false,"chose_seed":false,"campfire_upgraded":3,"win_rate":0.0,"timestamp":1614269500,"path_taken":["M","?","M","?","M","R","E","R","T","?","M","$","R","M","R","BOSS","M","M","M","$","M","R","E","R","T","R","M","?","E","M","R","BOSS"],"items_purchased_type":["Relic","Card","Potion","Card","Card"],"build_version":"2020-12-22","purchased_purges":1,"victory":false,"max_hp_per_floor":[70,70,70,70,70,70,70,70,70,70,70,70,70,70,70,70,70,70,70,70,70,70,70,70,70,70,70,70,70,70,70,70,70,70],"relic_stats":{"counters":[16,81],"Shuriken":[27],"Astrolabe":["Heel Hook","Poisoned Stab","Dagger Throw"],"PreservedInsect":48,"MawBank":84,"obtain_stats":[{"NeowsBlessing":0,"Shuriken":7,"Astrolabe":17,"Vajra":30,"PreservedInsect":24,"Bottled Lightning":9,"MawBank":26,"Ring of the Snake":0,"ClockworkSouvenir":12},{"NeowsBlessing":0,"Shuriken":4,"Astrolabe":7,"Vajra":14,"PreservedInsect":12,"Bottled Lightning":4,"MawBank":12,"Ring of the Snake":0,"ClockworkSouvenir":5},{"NeowsBlessing":0,"Shuriken":11,"Astrolabe":33,"Vajra":69,"PreservedInsect":60,"Bottled Lightning":11,"MawBank":60,"Ring of the Snake":0,"ClockworkSouvenir":17}],"Ring of the Snake":[32]},"card_choices":[{"not_picked":["Sucker Punch","Deadly Poison"],"picked":"Skewer","floor":1},{"not_picked":["Prepared","Escape Plan"],"picked":"Backflip","floor":3},{"not_picked":["Sucker Punch","Slice"],"picked":"Die Die Die","floor":5},{"not_picked":["Underhanded Strike","Slice"],"picked":"Tactician","floor":7},{"not_picked":["Reflex","Infinite Blades"],"picked":"PiercingWail","floor":11},{"not_picked":["Slice","Deflect"],"picked":"Footwork","floor":14},{"not_picked":["Doppelganger","After Image"],"picked":"Corpse Explosion","floor":16},{"not_picked":["Outmaneuver+1","Eviscerate"],"picked":"Flying Knee","floor":18},{"not_picked":["Acrobatics","Outmaneuver"],"picked":"Backflip+1","floor":19},{"not_picked":["Outmaneuver","Deadly Poison"],"picked":"Dagger Throw+1","floor":20},{"not_picked":["Heel Hook","Expertise"],"picked":"All Out Attack","floor":22},{"not_picked":["Calculated Gamble","Sucker Punch"],"picked":"Cloak And Dagger","floor":24},{"not_picked":["Expertise+1","Backflip"],"picked":"Storm of Steel","floor":28},{"not_picked":["Accuracy","Eviscerate"],"picked":"Dagger Spray+1","floor":30},{"not_picked":["Deadly Poison","Catalyst"],"picked":"Acrobatics+1","floor":31}],"player_experience":89018,"relics_obtained":[{"floor":7,"key":"Shuriken"},{"floor":9,"key":"Bottled Lightning"},{"floor":24,"key":"PreservedInsect"},{"floor":26,"key":"MawBank"},{"floor":30,"key":"Vajra"}],"event_choices":[{"cards_removed":["Strike_G"],"damage_healed":0,"gold_gain":0,"player_choice":"Card Removal","damage_taken":0,"max_hp_gain":0,"max_hp_loss":0,"event_name":"The Cleric","floor":2,"gold_loss":50},{"damage_healed":0,"gold_gain":175,"player_choice":"AGREE","damage_taken":0,"max_hp_gain":0,"max_hp_loss":0,"event_name":"Liars Game","floor":4,"gold_loss":0,"cards_obtained":["Doubt"]},{"damage_healed":0,"gold_gain":75,"player_choice":"Gained Gold","damage_taken":0,"max_hp_gain":0,"max_hp_loss":0,"event_name":"Golden Wing","floor":10,"gold_loss":0},{"cards_removed":["Strike_G"],"damage_healed":0,"gold_gain":0,"player_choice":"Gave Gold","damage_taken":0,"max_hp_gain":0,"max_hp_loss":0,"event_name":"Beggar","floor":29,"gold_loss":75}],"is_beta":false,"boss_relics":[{"not_picked":["Philosopher\u0027s Stone","Fusion Hammer"],"picked":"Astrolabe"}],"items_purged_floors":[12],"is_endless":false,"potions_floor_spawned":[3,5,7,22,31],"killed_by":"Champ","ascension_level":4}}