{"host":"szp1d6dso4pv7ddl","time":1614234473,"event":{"mods":["AchievementEnabler","Alarm Clock","BaseMod","Bestiary","Block Reminder","Colored Map","Colored Powertips","Curses Come First","Dark Map","Displayed Cursed Tome","Highlight Path","Minty Spire (QoL Compilation)","Permanent Neow","Quick Restart","Relic Sorter","Relic Stats","StSLib","Synergy Search"],"gold_per_floor":[113,113,18,18,93,120,120,120,143,154,178,196,196,206,206,282,282,297,317,367,367,367],"floor_reached":21,"language":"ENG","playtime":836,"items_purged":[],"score":354,"play_id":"dc54ba75-f29e-4c90-82f7-33a613063c9a","local_time":"20210224222753","is_ascension_mode":true,"campfire_choices":[{"data":"Madness","floor":7.0,"key":"SMITH"},{"data":"Entrench","floor":13.0,"key":"SMITH"},{"floor":15.0,"key":"REST"}],"circlet_count":0,"master_deck":["AscendersBane","Strike_R","Strike_R","Strike_R","Strike_R","Defend_R","Defend_R","Defend_R","Defend_R","Bash","Juggernaut","Feel No Pain","Ghostly Armor","Madness+1","Feed","Entrench+1","Iron Wave","Battle Trance","Reaper","Shrug It Off"],"relics":["Burning Blood","Toy Ornithopter","Bag of Marbles","Oddly Smooth Stone","Tiny Chest","Philosopher\u0027s Stone"],"acts_visited":["Exordium","TheCity"],"potions_floor_usage":[],"damage_taken":[{"damage":1.0,"enemies":"2 Louse","floor":1.0,"turns":2.0},{"damage":43.0,"enemies":"Lagavulin","floor":6.0,"turns":9.0},{"damage":6.0,"enemies":"Small Slimes","floor":10.0,"turns":4.0},{"damage":0.0,"enemies":"Cultist","floor":12.0,"turns":5.0},{"damage":13.0,"enemies":"Exordium Wildlife","floor":14.0,"turns":4.0},{"damage":35.0,"enemies":"The Guardian","floor":16.0,"turns":17.0},{"damage":52,"enemies":"3 Byrds","floor":18,"turns":7},{"damage":34,"enemies":"Shell Parasite","floor":19,"turns":9},{"damage":11,"enemies":"Shelled Parasite and Fungi","floor":21,"turns":1}],"seed_played":"-3379389806112688795","potions_obtained":[{"floor":12.0,"key":"Fire Potion"},{"floor":14.0,"key":"Weak Potion"}],"is_trial":false,"path_per_floor":["M","?","$","?","?","E","R","?","T","M","T","M","R","M","R","B",null,"M","M","?","M"],"character_chosen":"IRONCLAD","items_purchased":["Madness"],"campfire_rested":1,"item_purchase_floors":[3],"current_hp_per_floor":[73,73,73,78,67,30,30,30,30,30,30,36,36,32,56,37,72,29,7,7,0,0],"gold":367,"neow_bonus":"ONE_RANDOM_RARE_CARD","is_daily":false,"chose_seed":false,"campfire_upgraded":2,"win_rate":0.0,"timestamp":1614234473,"path_taken":["M","?","$","?","?","E","R","?","T","?","?","M","R","M","R","BOSS","M","?","?","M"],"items_purchased_type":["Card"],"build_version":"2020-12-22","purchased_purges":0,"victory":false,"max_hp_per_floor":[75,75,75,80,80,80,80,80,80,80,80,80,80,83,83,83,83,86,86,86,86,86],"relic_stats":{"counters":[9,58],"Tiny Chest":0,"obtain_stats":[{"Oddly Smooth Stone":9,"Tiny Chest":11,"Philosopher\u0027s Stone":17,"Bag of Marbles":8,"Burning Blood":0,"Toy Ornithopter":6},{"Oddly Smooth Stone":2,"Tiny Chest":3,"Philosopher\u0027s Stone":6,"Bag of Marbles":2,"Burning Blood":0,"Toy Ornithopter":2},{"Oddly Smooth Stone":11,"Tiny Chest":15,"Philosopher\u0027s Stone":41,"Bag of Marbles":11,"Burning Blood":0,"Toy Ornithopter":11}],"Burning Blood":48,"Toy Ornithopter":10},"card_choices":[{"not_picked":["Havoc","Thunderclap"],"picked":"Feel No Pain","floor":1.0},{"not_picked":["Pommel Strike","Sentinel"],"picked":"Feed","floor":6.0},{"not_picked":["Shrug It Off","Heavy Blade"],"picked":"Entrench","floor":10.0},{"not_picked":["Headbutt","Clothesline"],"picked":"Iron Wave","floor":12.0},{"not_picked":["Clothesline","Dark Embrace"],"picked":"Battle Trance","floor":14.0},{"not_picked":["Corruption","Limit Break"],"picked":"Reaper","floor":16.0},{"not_picked":["Perfected Strike","Whirlwind","Thunderclap"],"picked":"SKIP","floor":18},{"not_picked":["Pommel Strike","Havoc"],"picked":"Shrug It Off","floor":19}],"player_experience":1659644,"relics_obtained":[{"floor":6.0,"key":"Toy Ornithopter"},{"floor":8.0,"key":"Bag of Marbles"},{"floor":9.0,"key":"Oddly Smooth Stone"},{"floor":11.0,"key":"Tiny Chest"}],"event_choices":[{"damage_healed":0.0,"max_hp_gain":0.0,"max_hp_loss":0.0,"gold_gain":0.0,"cards_transformed":["Strike_R"],"event_name":"Living Wall","player_choice":"Change","floor":2.0,"gold_loss":0.0,"damage_taken":0.0,"cards_obtained":["Ghostly Armor"]},{"damage_healed":0.0,"max_hp_gain":5.0,"max_hp_loss":0.0,"gold_gain":0.0,"event_name":"Big Fish","player_choice":"Donut","floor":4.0,"gold_loss":0.0,"damage_taken":0.0},{"damage_healed":0.0,"max_hp_gain":0.0,"max_hp_loss":0.0,"gold_gain":75.0,"event_name":"World of Goop","player_choice":"Gather Gold","floor":5.0,"gold_loss":0.0,"damage_taken":11.0},{"damage_healed":0.0,"max_hp_gain":0.0,"max_hp_loss":0.0,"gold_gain":0.0,"event_name":"Wheel of Change","player_choice":"Relic","floor":8.0,"gold_loss":0.0,"damage_taken":0.0},{"damage_healed":0,"gold_gain":50,"player_choice":"Stole From Cult","damage_taken":0,"max_hp_gain":0,"max_hp_loss":0,"event_name":"Nest","floor":20,"gold_loss":0}],"is_beta":false,"boss_relics":[{"not_picked":["Empty Cage","Snecko Eye"],"picked":"Philosopher\u0027s Stone"}],"items_purged_floors":[],"is_endless":false,"potions_floor_spawned":[12,14],"killed_by":"Shelled Parasite and Fungi","ascension_level":20}}