{"host":"z3m7ofiwbo1p8b5b","time":1614286969,"event":{"mods":["BaseMod","BetterRewards","Downfall","Minty Spire (QoL Compilation)","Replay The Spire","StSLib"],"gold_per_floor":[111,60,78,78,103,138,138,138,165,165,83,108,128,146,146,275,275,288,27,27,27,46,77,77,120,193,193,218,243,266,281,281,412,412,425,446,72,72,93,93,116,116,139,139,160,160,178,191,191,191,191],"floor_reached":50,"language":"ENG","playtime":3488,"items_purged":["Decay"],"score":538,"play_id":"e79112d2-3c7d-46f0-aad6-ed3bae7defba","local_time":"20210225160249","is_ascension_mode":false,"campfire_choices":[{"data":"Terror","floor":7,"key":"SMITH"},{"data":"Blade Dance","floor":10,"key":"SMITH"},{"data":"ReplayTheSpireMod:Scrap Shanks","floor":15,"key":"SMITH"},{"floor":24,"key":"REST"},{"floor":27,"key":"REST"},{"floor":32,"key":"REST"},{"floor":40,"key":"REST"},{"data":"Accuracy","floor":42,"key":"SMITH"},{"data":"Hidden Blade","floor":49,"key":"SMITH"}],"circlet_count":0,"master_deck":["Strike_G","Strike_G+1","Defend_G+1","Defend_G+1","Defend_G+1","Defend_G+1","Defend_G+1","Survivor","Neutralize","Dash+1","Heel Hook+1","Blade Dance+1","Injury","Deflect","Terror+1","ReplayTheSpireMod:Scrap Shanks+1","Cloak And Dagger","Burst","Slice","Apotheosis+1","Accuracy+1","Hidden Blade+1","Defend_R","Infinite Blades+1"],"relics":["Ring of the Snake","Golden Idol","Orichalcum","ReplayTheSpireMod:TigerMarble","Busted Crown","Replay:Bottled Eggs","Whetstone","Singing Bowl","Kintsugi","Mango","Strawberry"],"acts_visited":["Exordium","TheCity","TheBeyond"],"potions_floor_usage":[6,6,12,13,16,28,29,30,35,36,47,50],"damage_taken":[{"damage":1,"enemies":"Cultist","floor":1,"turns":5},{"damage":0,"enemies":"Small Slimes","floor":3,"turns":3},{"damage":1,"enemies":"Jaw Worm","floor":5,"turns":4},{"damage":3,"enemies":"Lagavulin","floor":6,"turns":4},{"damage":9,"enemies":"Gremlin Gang","floor":12,"turns":4},{"damage":0,"enemies":"3 Louse","floor":13,"turns":5},{"damage":0,"enemies":"Exordium Thugs","floor":14,"turns":4},{"damage":61,"enemies":"Fading Forest","floor":16,"turns":11},{"damage":5,"enemies":"3 Byrds","floor":18,"turns":6},{"damage":0,"enemies":"Chosen","floor":22,"turns":3},{"damage":42,"enemies":"Slavers","floor":23,"turns":7},{"damage":16,"enemies":"Replay:Snechameleon","floor":25,"turns":7},{"damage":12,"enemies":"Sentry and Sphere","floor":28,"turns":7},{"damage":0,"enemies":"Shelled Parasite and Fungi","floor":29,"turns":3},{"damage":4,"enemies":"Snecko","floor":30,"turns":5},{"damage":3,"enemies":"Snake Plant","floor":31,"turns":3},{"damage":52,"enemies":"Collector","floor":33,"turns":9},{"damage":10,"enemies":"3 Shapes","floor":35,"turns":3},{"damage":0,"enemies":"Orb Walker","floor":36,"turns":3},{"damage":16,"enemies":"3 Darklings","floor":39,"turns":6},{"damage":0,"enemies":"Spire Growth","floor":41,"turns":4},{"damage":31,"enemies":"4 Shapes","floor":45,"turns":7},{"damage":19,"enemies":"Jaw Worm Horde","floor":47,"turns":5},{"damage":43,"enemies":"Writhing Mass","floor":48,"turns":7},{"damage":56,"enemies":"Awakened One","floor":50,"turns":12}],"seed_played":"-281162243028234924","potions_obtained":[{"floor":0,"key":"SteroidPotion"},{"floor":0,"key":"Block Potion"},{"floor":0,"key":"SteroidPotion"},{"floor":1,"key":"FearPotion"},{"floor":12,"key":"SpeedPotion"},{"floor":13,"key":"LiquidBronze"},{"floor":25,"key":"GamblersBrew"},{"floor":28,"key":"PowerPotion"},{"floor":29,"key":"Dexterity Potion"},{"floor":33,"key":"Toxic Potion"},{"floor":35,"key":"Poison Potion"},{"floor":45,"key":"Weak Potion"},{"floor":48,"key":"Adrenaline Potion"}],"is_trial":false,"path_per_floor":["M","$","M","?","M","E","R","?","T","R","$","M","M","M","R","B",null,"M","$","?","?","M","E","R","E","T","R","M","M","M","M","R","B",null,"M","M","$","?","M","R","M","R","T","$","M","?","M","M","R","B"],"character_chosen":"THE_SILENT","items_purchased":["Heel Hook+1","ReplayTheSpireMod:Scrap Shanks","Apotheosis","Accuracy","Mango"],"campfire_rested":4,"item_purchase_floors":[2,11,19,19,37],"current_hp_per_floor":[69,69,69,69,68,65,65,70,70,70,70,61,61,61,61,10,75,70,70,70,70,70,28,50,34,34,56,46,48,46,43,67,17,83,75,77,91,91,77,103,105,105,112,112,81,112,95,54,54,0,0],"gold":191,"neow_bonus":"THREE_SMALL_POTIONS","is_daily":false,"chose_seed":false,"campfire_upgraded":5,"win_rate":0.0,"timestamp":1614286969,"path_taken":["M","$","?","?","M","E","R","?","T","R","?","?","M","M","R","BOSS","M","$","?","?","M","E","R","E","T","R","M","M","?","M","R","BOSS","M","?","$","?","M","R","M","R","T","?","M","?","?","M","R","BOSS"],"items_purchased_type":["Card","Card","Card","Card","Relic"],"build_version":"2020-12-22","purchased_purges":1,"victory":false,"max_hp_per_floor":[70,70,70,70,70,70,70,75,75,75,75,75,75,75,75,75,75,75,75,75,75,75,75,75,75,75,75,77,79,81,81,81,83,83,85,87,101,101,103,103,105,105,112,112,112,112,114,116,116,116,116],"card_choices":[{"not_picked":["Dagger Spray","Bane"],"picked":"Dash","floor":1},{"not_picked":["Noxious Fumes","Tactician"],"picked":"Blade Dance","floor":3},{"not_picked":["Quick Slash","Bane"],"picked":"Deflect","floor":5},{"not_picked":["Dagger Throw","Prepared"],"picked":"Terror","floor":6},{"not_picked":["Quick Slash","Deflect"],"picked":"Cloak And Dagger","floor":12},{"not_picked":["Setup","ReplayTheSpireMod:Tripwire","Concentrate"],"picked":"SKIP","floor":13},{"not_picked":["Reflex","Crippling Poison"],"picked":"Dagger Spray","floor":14},{"not_picked":["Envenom","Wraith Form v2"],"picked":"Burst","floor":16},{"not_picked":[],"picked":"Slice","floor":18},{"not_picked":["Underhanded Strike"],"picked":"SKIP","floor":22},{"not_picked":["Dagger Throw"],"picked":"SKIP","floor":23},{"not_picked":["Flying Knee"],"picked":"SKIP","floor":25},{"not_picked":["Replay:Poison Smokescreen"],"picked":"Singing Bowl","floor":28},{"not_picked":["Fluid Movement"],"picked":"Singing Bowl","floor":29},{"not_picked":["Blur"],"picked":"Singing Bowl","floor":30},{"not_picked":[],"picked":"Hidden Blade","floor":31},{"not_picked":["ReplayTheSpireMod:Necrosis"],"picked":"Singing Bowl","floor":33},{"not_picked":["Acrobatics"],"picked":"Singing Bowl","floor":35},{"not_picked":["Footwork"],"picked":"Singing Bowl","floor":36},{"not_picked":["Sneak Up+1"],"picked":"Singing Bowl","floor":39},{"not_picked":["Quick Slash"],"picked":"Singing Bowl","floor":41},{"not_picked":[],"picked":"Infinite Blades+1","floor":45},{"not_picked":["Fluid Movement+1"],"picked":"Singing Bowl","floor":47},{"not_picked":["Outmaneuver"],"picked":"Singing Bowl","floor":48}],"player_experience":219662,"relics_obtained":[{"floor":6,"key":"Orichalcum"},{"floor":9,"key":"ReplayTheSpireMod:TigerMarble"},{"floor":23,"key":"Replay:Bottled Eggs"},{"floor":25,"key":"Whetstone"},{"floor":26,"key":"Singing Bowl"},{"floor":43,"key":"Strawberry"}],"event_choices":[{"damage_healed":0,"gold_gain":0,"player_choice":"Take Wound","damage_taken":0,"relics_obtained":["Golden Idol"],"max_hp_gain":0,"max_hp_loss":0,"event_name":"Golden Idol","floor":4,"gold_loss":0,"cards_obtained":["Injury"]},{"damage_healed":0,"gold_gain":0,"player_choice":"Donut","damage_taken":0,"max_hp_gain":5,"max_hp_loss":0,"event_name":"Big Fish","floor":8,"gold_loss":0},{"damage_healed":0,"gold_gain":0,"player_choice":"Ignored","damage_taken":0,"max_hp_gain":0,"max_hp_loss":0,"event_name":"Ghosts","floor":20,"gold_loss":0},{"damage_healed":0,"gold_gain":0,"player_choice":"Forge","damage_taken":0,"max_hp_gain":0,"max_hp_loss":0,"event_name":"Accursed Blacksmith","floor":21,"gold_loss":0,"cards_upgraded":["Apotheosis"]},{"cards_removed":["Injury"],"damage_healed":0,"gold_gain":0,"player_choice":"Took Card","damage_taken":0,"max_hp_gain":0,"max_hp_loss":0,"event_name":"NoteForYourself","floor":38,"gold_loss":0,"cards_obtained":["Defend_R"]},{"damage_healed":31,"gold_gain":0,"player_choice":"Full Heal","damage_taken":0,"max_hp_gain":0,"max_hp_loss":0,"event_name":"Wheel of Change","floor":46,"gold_loss":0}],"is_beta":false,"boss_relics":[{"not_picked":["Cursed Key","Ring of the Serpent"],"picked":"Busted Crown"},{"not_picked":["Snecko Scales","Runic Pyramid"],"picked":"Kintsugi"}],"items_purged_floors":[37],"is_endless":false,"potions_floor_spawned":[1,5,12,13,23,25,28,29,33,35,45,48],"killed_by":"Awakened One","ascension_level":0}}