{"host":"ovcza0gnr2tscsgg","time":1614289112,"event":{"mods":["BaseMod","Colored Powertips","Marisa£®ÏF”Í°°ƒß¿Ì…≥£©","Minty Spire (QoL Compilation)","StSLib","The Bug Knight","UnlockEverythingMod","noobMod"],"gold_per_floor":[109,184,184,7,27,27,54,54,54,54,54,67,67,67],"floor_reached":13,"language":"ZHS","playtime":214,"items_purged":[],"score":148,"play_id":"934a7751-2397-46a0-9c41-8e87bd4b9886","local_time":"20210226053832","is_ascension_mode":true,"campfire_choices":[{"data":"Accuracy","floor":6,"key":"SMITH"},{"data":"Blade Dance","floor":11,"key":"SMITH"}],"circlet_count":0,"master_deck":["Strike_G","Strike_G","Strike_G","Strike_G","Strike_G","Defend_G","Defend_G","Defend_G","Defend_G","Survivor","Neutralize","Dagger Throw","Blade Dance+1","Accuracy+1","Blade Dance","Backstab"],"relics":["Ring of the Snake","ice","NeowsBlessing","Orichalcum","Lee\u0027s Waffle","Eternal Feather"],"acts_visited":["Exordium"],"potions_floor_usage":[],"damage_taken":[{"damage":0,"enemies":"Jaw Worm","floor":1,"turns":1},{"damage":0,"enemies":"Small Slimes","floor":5,"turns":1},{"damage":0,"enemies":"Gremlin Nob","floor":7,"turns":1},{"damage":0,"enemies":"2 Louse","floor":12,"turns":1},{"damage":0,"enemies":"3 Sentries","floor":13,"turns":1}],"seed_played":"4932834874719647129","potions_obtained":[{"floor":12,"key":"Weak Potion"}],"is_trial":false,"path_per_floor":["M","?","?","$","M","R","E","?","T","$","R","M","E"],"character_chosen":"THE_SILENT","items_purchased":["Blade Dance","Lee\u0027s Waffle"],"campfire_rested":0,"item_purchase_floors":[4,4],"current_hp_per_floor":[63,52,34,77,77,77,77,77,77,77,77,77,77,77],"gold":67,"neow_bonus":"THREE_ENEMY_KILL","is_daily":false,"chose_seed":false,"campfire_upgraded":2,"win_rate":0.0,"timestamp":1614289112,"path_taken":["M","?","?","$","M","R","E","?","T","$","R","M","E"],"items_purchased_type":["Card","Relic"],"build_version":"2020-12-22","purchased_purges":0,"victory":false,"max_hp_per_floor":[70,70,70,77,77,77,77,77,77,77,77,77,77,77],"card_choices":[{"not_picked":["Eviscerate","Underhanded Strike"],"picked":"Dagger Throw","floor":1},{"not_picked":["Slice","Escape Plan"],"picked":"Accuracy","floor":5},{"not_picked":["Quick Slash","Escape Plan"],"picked":"Blade Dance","floor":7},{"not_picked":["Noxious Fumes","Bouncing Flask"],"picked":"Backstab","floor":12}],"player_experience":166345,"relics_obtained":[{"floor":7,"key":"Eternal Feather"}],"event_choices":[{"damage_healed":0,"gold_gain":75,"player_choice":"Gather Gold","damage_taken":11,"max_hp_gain":0,"max_hp_loss":0,"event_name":"World of Goop","floor":2,"gold_loss":0},{"damage_healed":0,"gold_gain":0,"player_choice":"Success","damage_taken":18,"relics_obtained":["Orichalcum"],"max_hp_gain":0,"max_hp_loss":0,"event_name":"Scrap Ooze","floor":3,"gold_loss":0},{"cards_removed":["Defend_G"],"damage_healed":0,"gold_gain":0,"player_choice":"Forget","damage_taken":0,"max_hp_gain":0,"max_hp_loss":0,"event_name":"Living Wall","floor":8,"gold_loss":0}],"is_beta":false,"boss_relics":[],"items_purged_floors":[],"is_endless":false,"potions_floor_spawned":[12],"killed_by":"3 Sentries","ascension_level":8}}