{"host":"fnlf8nl5agtxb8g8","time":1614213057,"event":{"mods":["Act Like it!","BaseMod","Better Altar","Better Match","Better Note","Better Sensory Stone","Better Skull","Better Third Choice","Better Vampires","Downfall","Minty Spire (QoL Compilation)","Quick Restart","Rare Cards Sparkle","StSLib"],"gold_per_floor":[0,0,0,18,3,23,23,8,24,54,54,54,54,54],"floor_reached":12,"language":"ENG","playtime":1930,"items_purged":[],"score":80,"play_id":"2245043a-7308-452b-9b00-2ccec130acf4","local_time":"20210224183057","is_ascension_mode":true,"campfire_choices":[{"data":"Guardian:GemFinder","floor":1,"key":"SMITH"},{"data":"Guardian:RefractedBeam","floor":11,"key":"SMITH"}],"circlet_count":0,"master_deck":["Guardian:Strike_Guardian","Guardian:Strike_Guardian","Guardian:Strike_Guardian","Guardian:Defend_Guardian","Guardian:Defend_Guardian","Guardian:Defend_Guardian","Guardian:CurlUp","Guardian:TwinSlam","Guardian:GemFinder+1","Guardian:Gem_Cyan","Guardian:FuturePlans","Guardian:Gem_Lightblue","Guardian:Gem_Red","Guardian:RollAttack","Guardian:Gem_Lightblue","Guardian:RefractedBeam+1","Guardian:Clone"],"relics":["Guardian:ModeShifter","Centennial Puzzle","StoneCalendar"],"acts_visited":["Exordium"],"potions_floor_usage":[],"damage_taken":[{"damage":4,"enemies":"Small Slimes","floor":4,"turns":4},{"damage":0,"enemies":"downfall:FleeingMerchant","floor":5,"turns":4},{"damage":6,"enemies":"Jaw Worm","floor":6,"turns":5},{"damage":10,"enemies":"downfall:FleeingMerchant","floor":8,"turns":4},{"damage":4,"enemies":"2 Louse","floor":9,"turns":4},{"damage":42,"enemies":"Gremlin Nob","floor":10,"turns":6},{"damage":16,"enemies":"3 Sentries","floor":12,"turns":6}],"seed_played":"-3591188628040328097","potions_obtained":[{"floor":6,"key":"Strength Potion"}],"is_trial":false,"path_per_floor":["R","?","?","M","$","M","T","$","M","E","R","E"],"character_chosen":"GUARDIAN","items_purchased":[],"campfire_rested":0,"item_purchase_floors":[],"current_hp_per_floor":[80,80,80,76,76,70,70,60,56,14,14,0,0,0],"gold":54,"neow_bonus":"THREE_RARE_CARDS","is_daily":false,"chose_seed":false,"campfire_upgraded":2,"win_rate":0.0,"timestamp":1614213057,"path_taken":["R","?","?","M","$","M","T","$","M","E","R","E"],"items_purchased_type":[],"build_version":"2020-12-22","purchased_purges":0,"victory":false,"max_hp_per_floor":[80,80,80,80,80,80,80,80,80,80,80,80,80,80],"card_choices":[{"not_picked":["Guardian:TimeSifter","Guardian:StasisEngine"],"picked":"Guardian:GemFinder","floor":0},{"not_picked":["Guardian:Gem_Lightblue","Guardian:Gem_Green"],"picked":"Guardian:Gem_Cyan","floor":4},{"not_picked":["Guardian:TemporalShield","Guardian:Gem_Red"],"picked":"Guardian:Gem_Purple","floor":4},{"not_picked":["Guardian:Gem_Lightblue","Guardian:Gem_Green"],"picked":"Guardian:Gem_Red","floor":5},{"not_picked":["Guardian:Gem_Cyan","Guardian:Emergency","Guardian:FloatingOrbs"],"picked":"SKIP","floor":5},{"not_picked":["Guardian:Gem_Green","Guardian:GuardianWhirl"],"picked":"Guardian:FuturePlans","floor":6},{"not_picked":["Guardian:Gem_Green","Guardian:Gem_Red"],"picked":"Guardian:Gem_Lightblue","floor":6},{"not_picked":["Guardian:Gem_Green","Guardian:Gem_Cyan"],"picked":"Guardian:Gem_Red","floor":8},{"not_picked":["Guardian:Gem_Fragmented","Guardian:ShieldCharger"],"picked":"Guardian:RollAttack","floor":8},{"not_picked":["Guardian:Gem_Red","Guardian:Gem_Green"],"picked":"Guardian:Gem_Lightblue","floor":9},{"not_picked":["Guardian:PolyBeam","Guardian:Repulse"],"picked":"Guardian:RefractedBeam","floor":9},{"not_picked":["Guardian:Gem_Red","Guardian:EvasiveProtocol"],"picked":"Guardian:Clone","floor":10}],"player_experience":907311,"relics_obtained":[{"floor":7,"key":"Centennial Puzzle"},{"floor":10,"key":"StoneCalendar"}],"event_choices":[],"is_beta":false,"boss_relics":[],"items_purged_floors":[],"is_endless":false,"potions_floor_spawned":[6],"killed_by":"3 Sentries","ascension_level":1}}