{"host":"lxu17chzujqn8whl","time":1614276641,"event":{"mods":["BaseMod","Minty Spire (QoL Compilation)","Relic Stats","StSLib"],"gold_per_floor":[117,127,202,52,70,70,90,121,171,185,220,234,260,270,270,372,372,382,399,314,324,340,371,371,371,371,398,93,107,183,200,200,200,200],"floor_reached":33,"language":"ENG","playtime":1532,"items_purged":[],"score":311,"play_id":"a3f414f7-87ed-440f-8069-f0bb737611f7","local_time":"20210225101041","is_ascension_mode":false,"campfire_choices":[{"data":"Hologram","floor":6.0,"key":"SMITH"},{"floor":15,"key":"REST"},{"floor":32,"key":"REST"}],"circlet_count":0,"master_deck":["Strike_B","Strike_B","Strike_B+1","Strike_B","Defend_B","Defend_B","Defend_B","Defend_B","Zap","Dualcast","Cold Snap+1","Hologram+1","Conserve Battery","Streamline","Hologram","Glacier","Genetic Algorithm","Electrodynamics","Beam Cell","Compile Driver","Hello World+1","Seek","Rainbow"],"relics":["Cracked Core","Omamori","StrikeDummy","Regal Pillow","Whetstone","Matryoshka","Cursed Key","Pocketwatch","Ancient Tea Set","MutagenicStrength","PreservedInsect","Tiny Chest","Art of War","Bag of Marbles","Centennial Puzzle","Kunai"],"acts_visited":["Exordium","TheCity"],"potions_floor_usage":[16,21,23,27,31],"damage_taken":[{"damage":0.0,"enemies":"2 Louse","floor":1.0,"turns":2.0},{"damage":0.0,"enemies":"Cultist","floor":2.0,"turns":3.0},{"damage":5.0,"enemies":"Small Slimes","floor":5.0,"turns":3.0},{"damage":4.0,"enemies":"Blue Slaver","floor":7.0,"turns":4.0},{"damage":14.0,"enemies":"3 Sentries","floor":8.0,"turns":9.0},{"damage":0.0,"enemies":"Looter","floor":10.0,"turns":3.0},{"damage":16.0,"enemies":"Lagavulin","floor":11.0,"turns":6.0},{"damage":0.0,"enemies":"Large Slime","floor":12.0,"turns":4.0},{"damage":11,"enemies":"Gremlin Nob","floor":13,"turns":4},{"damage":2,"enemies":"Blue Slaver","floor":14,"turns":4},{"damage":41,"enemies":"The Guardian","floor":16,"turns":11},{"damage":3,"enemies":"3 Byrds","floor":18,"turns":5},{"damage":0,"enemies":"Chosen","floor":19,"turns":4},{"damage":14,"enemies":"Sentry and Sphere","floor":21,"turns":8},{"damage":3,"enemies":"Snecko","floor":22,"turns":5},{"damage":21,"enemies":"Book of Stabbing","floor":23,"turns":5},{"damage":22,"enemies":"Slavers","floor":27,"turns":4},{"damage":0,"enemies":"3 Cultists","floor":29,"turns":4},{"damage":16,"enemies":"Snake Plant","floor":31,"turns":4},{"damage":59,"enemies":"Champ","floor":33,"turns":12}],"seed_played":"-8793539357073621499","potions_obtained":[{"floor":2.0,"key":"SpeedPotion"},{"floor":7.0,"key":"CultistPotion"},{"floor":10.0,"key":"ColorlessPotion"},{"floor":16,"key":"Regen Potion"},{"floor":21,"key":"EssenceOfDarkness"},{"floor":22,"key":"AttackPotion"},{"floor":27,"key":"Swift Potion"}],"is_trial":false,"path_per_floor":["M","M","?","$","M","R","M","E","T","M","E","M","E","M","R","B",null,"M","M","?","M","M","E","?","?","T","E","$","M","T","M","R","B"],"character_chosen":"DEFECT","items_purchased":["Omamori","Bag of Marbles","Seek"],"campfire_rested":2,"item_purchase_floors":[4,28,28],"current_hp_per_floor":[82,82,74,74,69,69,65,51,51,51,35,35,24,22,61,20,82,79,79,79,80,77,56,56,56,56,34,34,34,34,18,57,0,0],"gold":200,"neow_bonus":"TEN_PERCENT_HP_BONUS","is_daily":false,"chose_seed":false,"campfire_upgraded":1,"win_rate":0.0,"timestamp":1614276641,"path_taken":["M","M","?","?","M","R","M","E","T","M","E","M","E","?","R","BOSS","M","M","?","M","M","E","?","?","T","E","$","M","?","M","R","BOSS"],"items_purchased_type":["Relic","Relic","Card"],"build_version":"2020-12-22","purchased_purges":0,"victory":false,"max_hp_per_floor":[82,82,82,82,82,82,82,82,82,82,82,82,82,82,82,82,82,82,82,82,82,82,82,82,82,82,82,82,82,82,82,82,82,82],"relic_stats":{"Regal Pillow":30,"Centennial Puzzle":[6],"counters":[20,104],"Tiny Chest":0,"PreservedInsect":41,"Art of War":[3],"Whetstone":["Strike_B","Cold Snap"],"Kunai":[5],"Cursed Key":2,"obtain_stats":[{"Regal Pillow":9,"PreservedInsect":26,"Omamori":4,"Whetstone":11,"Cursed Key":17,"Ancient Tea Set":23,"Centennial Puzzle":30,"Matryoshka":13,"MutagenicStrength":24,"Tiny Chest":26,"Art of War":27,"Bag of Marbles":28,"Kunai":30,"Cracked Core":0,"StrikeDummy":8,"Pocketwatch":20},{"Regal Pillow":5,"PreservedInsect":16,"Omamori":2,"Whetstone":7,"Cursed Key":11,"Ancient Tea Set":16,"Centennial Puzzle":18,"Matryoshka":9,"MutagenicStrength":16,"Tiny Chest":16,"Art of War":17,"Bag of Marbles":17,"Kunai":18,"Cracked Core":0,"StrikeDummy":5,"Pocketwatch":13},{"Regal Pillow":21,"PreservedInsect":80,"Omamori":5,"Whetstone":30,"Cursed Key":53,"Ancient Tea Set":80,"Centennial Puzzle":88,"Matryoshka":38,"MutagenicStrength":80,"Tiny Chest":80,"Art of War":84,"Bag of Marbles":84,"Kunai":88,"Cracked Core":0,"StrikeDummy":21,"Pocketwatch":62}],"Pocketwatch":[31]},"card_choices":[{"not_picked":["White Noise","Storm"],"picked":"Cold Snap","floor":1.0},{"not_picked":["Double Energy","Cold Snap"],"picked":"Hologram","floor":2.0},{"not_picked":["Compile Driver","Go for the Eyes","Recycle"],"picked":"SKIP","floor":5.0},{"not_picked":["Redo","Gash","Stack"],"picked":"SKIP","floor":7.0},{"not_picked":["Recycle","Rebound"],"picked":"Conserve Battery","floor":8.0},{"not_picked":["Lockon","Reprogram","Blizzard"],"picked":"SKIP","floor":10.0},{"not_picked":["Fission","Defragment"],"picked":"Streamline","floor":11.0},{"not_picked":["Turbo","Rebound"],"picked":"Hologram","floor":12.0},{"not_picked":["Stack","Conserve Battery"],"picked":"Glacier","floor":13},{"not_picked":["Hologram","Go for the Eyes"],"picked":"Genetic Algorithm","floor":14},{"not_picked":["Fission","Echo Form"],"picked":"Electrodynamics","floor":16},{"not_picked":["Lockon+1","Tempest"],"picked":"Beam Cell","floor":18},{"not_picked":["Steam Power","Go for the Eyes","Stack"],"picked":"SKIP","floor":19},{"not_picked":["Gash+1","Beam Cell"],"picked":"Compile Driver","floor":21},{"not_picked":["Rip and Tear","Chaos","Consume"],"picked":"SKIP","floor":22},{"not_picked":["Turbo","Beam Cell+1"],"picked":"Hello World+1","floor":23},{"not_picked":["Chaos+1","Compile Driver","BootSequence+1"],"picked":"SKIP","floor":27},{"not_picked":["Blizzard","Streamline","Redo"],"picked":"SKIP","floor":29},{"not_picked":["Force Field","Gash"],"picked":"Rainbow","floor":31}],"player_experience":736366,"relics_obtained":[{"floor":8.0,"key":"StrikeDummy"},{"floor":9.0,"key":"Regal Pillow"},{"floor":11.0,"key":"Whetstone"},{"floor":13,"key":"Matryoshka"},{"floor":23,"key":"Ancient Tea Set"},{"floor":26,"key":"PreservedInsect"},{"floor":26,"key":"Tiny Chest"},{"floor":27,"key":"Art of War"},{"floor":30,"key":"Centennial Puzzle"},{"floor":30,"key":"Kunai"}],"event_choices":[{"damage_healed":0.0,"max_hp_gain":0.0,"max_hp_loss":0.0,"gold_gain":75.0,"event_name":"FaceTrader","player_choice":"Touch","floor":3.0,"gold_loss":0.0,"damage_taken":8.0},{"damage_healed":0,"gold_gain":0,"player_choice":"Obtained Relic","damage_taken":0,"relics_obtained":["Pocketwatch"],"max_hp_gain":0,"max_hp_loss":0,"event_name":"Addict","floor":20,"gold_loss":85},{"damage_healed":0,"gold_gain":0,"player_choice":"Inject Mutagens","damage_taken":0,"relics_obtained":["MutagenicStrength"],"max_hp_gain":0,"max_hp_loss":0,"event_name":"Drug Dealer","floor":24,"gold_loss":0},{"damage_healed":0,"gold_gain":0,"player_choice":"Ignored","damage_taken":0,"max_hp_gain":0,"max_hp_loss":0,"event_name":"Vampires","floor":25,"gold_loss":0}],"is_beta":false,"boss_relics":[{"not_picked":["Nuclear Battery","Sozu"],"picked":"Cursed Key"}],"items_purged_floors":[],"is_endless":false,"potions_floor_spawned":[2,7,10,11,13,16,21,22,27],"killed_by":"Champ","ascension_level":0}}