{"host":"15dd7v8o90xso62x","time":1614254273,"event":{"mods":["BaseMod","Minty Spire (QoL Compilation)","Quick Restart","StSLib","SuperFastMode"],"gold_per_floor":[109,129,404,424,4,4,79,106,106,106,135,149,182,201,201,275,275,292,311,326,326,145,145,179,198,225,225,243,262,262,262,262],"floor_reached":31,"language":"KOR","playtime":961,"items_purged":["Regret","Strike_R"],"score":604,"play_id":"bdd8341c-4151-4189-a0e4-96285f2700e7","local_time":"20210225205753","is_ascension_mode":true,"campfire_choices":[{"data":"Apotheosis","floor":6.0,"key":"SMITH"},{"data":"Corruption","floor":15.0,"key":"SMITH"},{"floor":23.0,"key":"REST"},{"data":"Barricade","floor":27.0,"key":"SMITH"},{"data":"Fire Breathing","floor":30,"key":"SMITH"}],"circlet_count":0,"master_deck":["AscendersBane","Strike_R","Strike_R","Strike_R","Defend_R","Defend_R","Defend_R","Defend_R","Bash","Feel No Pain","Power Through","Burning Pact","Apotheosis+1","Immolate","Corruption+1","Fire Breathing+1","Entrench","Barricade+1","Shrug It Off","Intimidate+1","Shrug It Off","Body Slam","Disarm"],"relics":["Burning Blood","Membership Card","Happy Flower","Paper Frog","Sundial","Strawberry","Bronze Scales","Mark of Pain","White Beast Statue","Ancient Tea Set","MealTicket"],"acts_visited":["Exordium","TheCity"],"potions_floor_usage":[29],"damage_taken":[{"damage":3.0,"enemies":"2 Louse","floor":1.0,"turns":4.0},{"damage":12.0,"enemies":"Cultist","floor":2.0,"turns":4.0},{"damage":7.0,"enemies":"Small Slimes","floor":4.0,"turns":5.0},{"damage":36.0,"enemies":"Gremlin Nob","floor":8.0,"turns":5.0},{"damage":0.0,"enemies":"Lagavulin","floor":11.0,"turns":5.0},{"damage":6.0,"enemies":"Looter","floor":12.0,"turns":4.0},{"damage":16.0,"enemies":"Gremlin Nob","floor":13.0,"turns":4.0},{"damage":0.0,"enemies":"Large Slime","floor":14.0,"turns":4.0},{"damage":20.0,"enemies":"Hexaghost","floor":16.0,"turns":6.0},{"damage":12.0,"enemies":"Shell Parasite","floor":18.0,"turns":5.0},{"damage":12.0,"enemies":"Chosen","floor":19.0,"turns":5.0},{"damage":28.0,"enemies":"Snake Plant","floor":20.0,"turns":4.0},{"damage":6.0,"enemies":"Book of Stabbing","floor":24.0,"turns":5.0},{"damage":27.0,"enemies":"Cultist and Chosen","floor":25.0,"turns":6.0},{"damage":8.0,"enemies":"Centurion and Healer","floor":28.0,"turns":6.0},{"damage":11,"enemies":"Shelled Parasite and Fungi","floor":29,"turns":6},{"damage":32,"enemies":"Slavers","floor":31,"turns":4}],"seed_played":"-8308080213822560401","potions_obtained":[{"floor":1.0,"key":"HeartOfIron"},{"floor":8.0,"key":"LiquidMemories"},{"floor":16.0,"key":"Swift Potion"},{"floor":19.0,"key":"EssenceOfSteel"},{"floor":20.0,"key":"AttackPotion"},{"floor":24.0,"key":"Weak Potion"},{"floor":25.0,"key":"Explosive Potion"},{"floor":28.0,"key":"AttackPotion"},{"floor":29,"key":"CultistPotion"}],"is_trial":false,"path_per_floor":["M","M","?","M","$","R","?","E","T","?","E","M","E","M","R","B",null,"M","M","M","?","$","R","E","M","T","R","M","M","R","E"],"character_chosen":"IRONCLAD","items_purchased":["Membership Card","Apotheosis","Immolate","Happy Flower","White Beast Statue"],"campfire_rested":1,"item_purchase_floors":[5,5,5,5,22],"current_hp_per_floor":[71,65,65,64,64,64,53,23,23,28,41,41,31,37,37,23,71,65,59,37,37,37,63,63,42,42,42,40,35,35,3,3],"gold":262,"neow_bonus":"REMOVE_CARD","is_daily":false,"chose_seed":false,"campfire_upgraded":4,"win_rate":0.0,"timestamp":1614254273,"path_taken":["M","M","?","?","$","R","?","E","T","?","E","M","E","M","R","BOSS","M","M","M","?","$","R","E","M","T","R","M","M","R","E"],"items_purchased_type":["Relic","Card","Card","Relic","Relic"],"build_version":"2020-12-22","purchased_purges":2,"victory":false,"max_hp_per_floor":[75,75,75,75,75,75,75,75,75,80,87,87,87,87,87,87,87,87,87,87,87,87,87,87,87,87,87,87,87,87,87,87],"card_choices":[{"not_picked":["Combust","Anger"],"picked":"Feel No Pain","floor":1.0},{"not_picked":["Clash","Clothesline"],"picked":"Power Through","floor":2.0},{"not_picked":["Whirlwind","Pommel Strike"],"picked":"Burning Pact","floor":4.0},{"not_picked":["Spot Weakness","Pommel Strike"],"picked":"Corruption","floor":8.0},{"not_picked":["Twin Strike","Sword Boomerang"],"picked":"Fire Breathing","floor":11.0},{"not_picked":["Sever Soul","Clash","Headbutt"],"picked":"SKIP","floor":12.0},{"not_picked":["Pommel Strike","Warcry","Havoc"],"picked":"SKIP","floor":13.0},{"not_picked":["Wild Strike","Juggernaut"],"picked":"Entrench","floor":14.0},{"not_picked":["Feed","Double Tap"],"picked":"Barricade","floor":16.0},{"not_picked":["Uppercut","Clash","Spot Weakness"],"picked":"SKIP","floor":18.0},{"not_picked":["Spot Weakness","Iron Wave"],"picked":"Shrug It Off","floor":19.0},{"not_picked":["Heavy Blade","Carnage"],"picked":"Intimidate+1","floor":20.0},{"not_picked":["Brutality","Inflame","Clash+1"],"picked":"SKIP","floor":24.0},{"not_picked":["Body Slam","Perfected Strike","Cleave+1"],"picked":"SKIP","floor":25.0},{"not_picked":["Perfected Strike","Cleave+1"],"picked":"Body Slam","floor":25.0},{"not_picked":["Clash","Pommel Strike"],"picked":"Disarm","floor":28.0},{"not_picked":["Burning Pact","Bloodletting","Iron Wave"],"picked":"SKIP","floor":29}],"player_experience":972847,"relics_obtained":[{"floor":8.0,"key":"Paper Frog"},{"floor":9.0,"key":"Sundial"},{"floor":11.0,"key":"Strawberry"},{"floor":13.0,"key":"Bronze Scales"},{"floor":24.0,"key":"Ancient Tea Set"},{"floor":26.0,"key":"MealTicket"}],"event_choices":[{"damage_healed":0.0,"max_hp_gain":0.0,"max_hp_loss":0.0,"gold_gain":275.0,"event_name":"Golden Shrine","player_choice":"Desecrate","floor":3.0,"gold_loss":0.0,"damage_taken":0.0,"cards_obtained":["Regret"]},{"damage_healed":0.0,"max_hp_gain":0.0,"max_hp_loss":0.0,"gold_gain":75.0,"event_name":"World of Goop","player_choice":"Gather Gold","floor":7.0,"gold_loss":0.0,"damage_taken":11.0},{"damage_healed":0.0,"max_hp_gain":5.0,"max_hp_loss":0.0,"gold_gain":0.0,"event_name":"Big Fish","player_choice":"Donut","floor":10.0,"gold_loss":0.0,"damage_taken":0.0},{"damage_healed":0.0,"max_hp_gain":0.0,"max_hp_loss":0.0,"gold_gain":0.0,"event_name":"Duplicator","player_choice":"Copied","floor":21.0,"gold_loss":0.0,"damage_taken":0.0,"cards_obtained":["Shrug It Off"]}],"is_beta":false,"boss_relics":[{"not_picked":["Black Star","Runic Cube"],"picked":"Mark of Pain"}],"items_purged_floors":[5,22],"is_endless":false,"potions_floor_spawned":[1,8,16,19,20,24,25,28,29],"killed_by":"Slavers","ascension_level":20}}