{"host":"rjfefv2ruvigm2gb","time":1614232982,"event":{"mods":["Act Like it!","AlwaysNeverKeys","BaseMod","Better Note","Better Third Choice","BetterRewards","Block Reminder","Bossed Relics","Colored Map","Colored Powertips","Curses Come First","Displayed Cursed Tome","Fox Events","GifTheSpireLib","Gold Saver","Googly Eyes","Highlight Path","Library of Ruina","Library of Ruina Extra","Minty Spire (QoL Compilation)","Permanent Neow","Poor People Problems","Quick Restart","Relic Stats","Reliquary","Shop Mod","Small Relic Pack","Spire Arcade","StS++","StSLib","Stuff the Spire","SuperFastMode","Transform Curses","Uncapped","Virulent Crown"],"gold_per_floor":[1078,1093,1093,341,356,356,356,356,379,408,408,442,456,456,456,530,530,530,102,102,102,48,48,48,48,48,48,48,48,48,48,48,48,48,48,48,0,0,0,0,0,0,0,0,0,0,0,0,0,0,0,0],"floor_reached":51,"language":"ENG","playtime":7742,"items_purged":[],"score":1264,"play_id":"52774616-9e5e-4cc9-835b-aaf8cbaf01cc","local_time":"20210225000302","is_ascension_mode":true,"campfire_choices":[{"data":"Corruption","floor":6.0,"key":"SMITH"},{"data":"Burning Pact","floor":8.0,"key":"SMITH"},{"floor":15.0,"key":"REST"},{"data":"Barricade","floor":23.0,"key":"SMITH"},{"floor":28,"key":"REST"},{"floor":32,"key":"REST"},{"floor":40,"key":"REST"},{"data":"Dark Embrace","floor":47,"key":"SMITH"},{"data":"Impervious","floor":49,"key":"SMITH"}],"circlet_count":0,"master_deck":["AscendersBane","Strike_R","Strike_R","Strike_R","Strike_R","Defend_R","Defend_R","Defend_R","Defend_R","Bash","Rampage+1","Warcry","Pommel Strike","Burning Pact+1","Pommel Strike","Power Through","Impervious+1","Barricade+1","Shockwave","Dark Embrace+1","Infernal Blade","Anger","Flame Barrier","Metallicize","Corruption+1","Ghostly Armor","Impervious","CurseOfTheBell","StuffTheSpire:RockThrow+1","Body Slam+1","Bandage Up","True Grit","Pommel Strike+1","StSpp:Sprint+1"],"relics":["Burning Blood","Strawberry","StuffTheSpire:Nightcore","Sling","StuffTheSpire:Mouthbags","PageOfBloodbath","reliquary:PartyBalloon","Ectoplasm","StoneCalendar","PageOfLaetitia","Calling Bell","reliquary:Boomerang","reliquary:Vitrine","PageOfThreeBirds","Red Mask","StuffTheSpire:Barrel"],"acts_visited":["Exordium","TheCity","TheBeyond"],"potions_floor_usage":[30,33,36,50],"damage_taken":[{"damage":1.0,"enemies":"Cultist","floor":1.0,"turns":4.0},{"damage":5.0,"enemies":"Small Slimes","floor":2.0,"turns":3.0},{"damage":1.0,"enemies":"2 Louse","floor":5.0,"turns":2.0},{"damage":8.0,"enemies":"Gremlin Nob","floor":10.0,"turns":3.0},{"damage":32.0,"enemies":"3 Sentries","floor":12.0,"turns":6.0},{"damage":28.0,"enemies":"Exordium Thugs","floor":13.0,"turns":5.0},{"damage":38.0,"enemies":"The Guardian","floor":16.0,"turns":9.0},{"damage":10.0,"enemies":"Spheric Guardian","floor":18.0,"turns":6.0},{"damage":0.0,"enemies":"2 Thieves","floor":20.0,"turns":1.0},{"damage":19.0,"enemies":"Shelled Parasite and Fungi","floor":21.0,"turns":5.0},{"damage":39.0,"enemies":"Centurion and Healer","floor":24.0,"turns":5.0},{"damage":4.0,"enemies":"Snake Plant","floor":25.0,"turns":6.0},{"damage":0,"enemies":"3 Cultists","floor":27,"turns":6},{"damage":29,"enemies":"Shelled Parasite and Fungi","floor":30,"turns":5},{"damage":48,"enemies":"Collector","floor":33,"turns":9},{"damage":0,"enemies":"3 Shapes","floor":35,"turns":4},{"damage":68,"enemies":"3 Darklings","floor":36,"turns":4},{"damage":21,"enemies":"Maw","floor":41,"turns":5},{"damage":0,"enemies":"Writhing Mass","floor":44,"turns":5},{"damage":0,"enemies":"Jaw Worm Horde","floor":46,"turns":5},{"damage":10,"enemies":"Donu and Deca","floor":50,"turns":8},{"damage":74,"enemies":"Awakened One","floor":51,"turns":8}],"seed_played":"-3165177357825806046","potions_obtained":[{"floor":1.0,"key":"LiquidBronze"},{"floor":2.0,"key":"SmokeBomb"},{"floor":5.0,"key":"Strength Potion"},{"floor":13.0,"key":"SteroidPotion"},{"floor":25.0,"key":"BlessingOfTheForge"},{"floor":27,"key":"Strength Potion"},{"floor":35,"key":"Energy Potion"},{"floor":44,"key":"GamblersBrew"}],"is_trial":false,"path_per_floor":["M","M","?","$","M","R","?","R","T","E","?","E","M","?","R","B",null,"M","$","M","M","$","R","M","M","T","M","R","?","M","?","R","B",null,"M","M","?","?","$","R","M","?","T","M","?","M","R","$","R","B","B"],"character_chosen":"IRONCLAD","items_purchased":["Strawberry","StuffTheSpire:Nightcore","Sling","Warcry","Pommel Strike","Dark Embrace","StoneCalendar","Anger"],"campfire_rested":4,"item_purchase_floors":[4,4,4,4,4,19,19,22],"current_hp_per_floor":[73,74,74,81,82,82,82,82,82,80,80,54,32,32,56,24,68,64,64,70,57,57,57,24,26,26,32,56,56,33,33,57,15,65,71,9,9,9,9,33,22,67,67,67,67,67,67,67,67,67,0,0],"gold":0,"neow_bonus":"ONE_RANDOM_RARE_CARD","is_daily":false,"chose_seed":false,"campfire_upgraded":5,"win_rate":0.0,"timestamp":1614232982,"path_taken":["M","?","?","$","?","R","?","R","T","E","?","E","?","?","R","BOSS","M","$","M","M","$","R","M","M","T","M","R","?","M","?","R","BOSS","M","M","?","?","$","R","M","?","T","M","?","M","R","$","R","BOSS","BOSS"],"items_purchased_type":["Relic","Relic","Relic","Card","Card","Card","Relic","Card"],"build_version":"2020-12-22","purchased_purges":0,"victory":false,"max_hp_per_floor":[75,75,75,82,82,82,82,82,82,82,82,82,82,82,82,82,82,82,82,82,82,82,82,82,82,82,82,82,82,82,82,82,82,82,82,82,82,82,82,82,82,67,67,67,67,67,67,67,67,67,67,67],"relic_stats":{"counters":[22,114],"StoneCalendar":[237],"Ectoplasm":281,"obtain_stats":[{"StuffTheSpire:Barrel":43,"reliquary:Boomerang":34,"PageOfThreeBirds":34,"reliquary:PartyBalloon":12,"PageOfBloodbath":10,"StoneCalendar":19,"Sling":4,"Burning Blood":0,"Calling Bell":34,"StuffTheSpire:Mouthbags":9,"Strawberry":4,"PageOfLaetitia":26,"Ectoplasm":17,"Red Mask":37,"StuffTheSpire:Nightcore":4,"reliquary:Vitrine":34},{"StuffTheSpire:Barrel":18,"reliquary:Boomerang":15,"PageOfThreeBirds":15,"reliquary:PartyBalloon":5,"PageOfBloodbath":4,"StoneCalendar":8,"Sling":2,"Burning Blood":0,"Calling Bell":15,"StuffTheSpire:Mouthbags":3,"Strawberry":2,"PageOfLaetitia":12,"Ectoplasm":7,"Red Mask":17,"StuffTheSpire:Nightcore":2,"reliquary:Vitrine":15},{"StuffTheSpire:Barrel":88,"reliquary:Boomerang":75,"PageOfThreeBirds":75,"reliquary:PartyBalloon":18,"PageOfBloodbath":12,"StoneCalendar":38,"Sling":7,"Burning Blood":0,"Calling Bell":75,"StuffTheSpire:Mouthbags":9,"Strawberry":7,"PageOfLaetitia":55,"Ectoplasm":32,"Red Mask":83,"StuffTheSpire:Nightcore":7,"reliquary:Vitrine":75}],"Burning Blood":110},"card_choices":[{"not_picked":["StuffTheSpire:Pyroclast","Heavy Blade"],"picked":"Rampage","floor":1.0},{"not_picked":["Clothesline","Rampage","Pummel"],"picked":"SKIP","floor":2.0},{"not_picked":["StSpp:CounterStrike","Thunderclap"],"picked":"Burning Pact","floor":5.0},{"not_picked":["Twin Strike","Heavy Blade"],"picked":"Pommel Strike","floor":10.0},{"not_picked":["Blood for Blood","Anger"],"picked":"Power Through","floor":12.0},{"not_picked":["Thunderclap","True Grit"],"picked":"Impervious","floor":13.0},{"not_picked":["StSpp:BladeOfBlood","Exhume"],"picked":"Barricade","floor":16.0},{"not_picked":["Body Slam","Anger"],"picked":"Shockwave","floor":18.0},{"not_picked":["Second Wind","Cleave+1"],"picked":"Infernal Blade","floor":21.0},{"not_picked":["Second Wind","Dark Embrace"],"picked":"Flame Barrier","floor":24.0},{"not_picked":["Iron Wave","StSpp:TheBiggerTheyAre"],"picked":"Metallicize","floor":25.0},{"not_picked":["StSpp:TheBiggerTheyAre","StuffTheSpire:Incineration+1","Clothesline"],"picked":"SKIP","floor":27},{"not_picked":["Limit Break","StuffTheSpire:RagingBull"],"picked":"Ghostly Armor","floor":30},{"not_picked":["Double Tap","Fiend Fire"],"picked":"Impervious","floor":33},{"not_picked":["Clash+1","StSpp:TheBiggerTheyAre"],"picked":"StuffTheSpire:RockThrow+1","floor":35},{"not_picked":["Evolve+1","Wild Strike"],"picked":"Body Slam+1","floor":36},{"not_picked":["StSpp:Resilience","Secret Weapon"],"picked":"Bandage Up","floor":38},{"not_picked":["Warcry","Body Slam"],"picked":"True Grit","floor":41},{"not_picked":["Carnage","Blood for Blood"],"picked":"Pommel Strike+1","floor":44},{"not_picked":["Rampage","Clothesline"],"picked":"StSpp:Sprint+1","floor":46}],"player_experience":1039953,"relics_obtained":[{"floor":9.0,"key":"StuffTheSpire:Mouthbags"},{"floor":10.0,"key":"PageOfBloodbath"},{"floor":12.0,"key":"reliquary:PartyBalloon"},{"floor":26.0,"key":"PageOfLaetitia"},{"floor":34,"key":"reliquary:Boomerang"},{"floor":34,"key":"reliquary:Vitrine"},{"floor":34,"key":"PageOfThreeBirds"},{"floor":43,"key":"StuffTheSpire:Barrel"}],"event_choices":[{"cards_removed":["Strike_R"],"damage_healed":0.0,"max_hp_gain":0.0,"max_hp_loss":0.0,"gold_gain":0.0,"event_name":"Bonfire Elementals","player_choice":"Offered Basic","floor":3.0,"gold_loss":0.0,"damage_taken":0.0},{"damage_healed":0.0,"max_hp_gain":0.0,"max_hp_loss":0.0,"gold_gain":0.0,"event_name":"Golden Wing","player_choice":"Ignored","floor":7.0,"gold_loss":0.0,"damage_taken":0.0},{"damage_healed":0.0,"max_hp_gain":0.0,"max_hp_loss":0.0,"gold_gain":0.0,"event_name":"Upgrade Shrine","player_choice":"Upgraded","floor":11.0,"gold_loss":0.0,"damage_taken":0.0,"cards_upgraded":["Rampage"]},{"damage_healed":0.0,"max_hp_gain":0.0,"max_hp_loss":0.0,"gold_gain":0.0,"event_name":"Purifier","player_choice":"Ignored","floor":14.0,"gold_loss":0.0,"damage_taken":0.0},{"damage_healed":0,"gold_gain":0,"player_choice":"Smashed Altar","damage_taken":0,"max_hp_gain":0,"max_hp_loss":0,"event_name":"Forgotten Altar","floor":29,"gold_loss":0,"cards_obtained":["Decay"]},{"damage_healed":0,"gold_gain":0,"player_choice":"Paid","damage_taken":0,"relics_obtained":["Red Mask"],"max_hp_gain":0,"max_hp_loss":0,"event_name":"Tomb of Lord Red Mask","floor":37,"gold_loss":48},{"damage_healed":0,"gold_gain":0,"player_choice":"Memory 1","damage_taken":0,"max_hp_gain":0,"max_hp_loss":0,"event_name":"SensoryStone","floor":38,"gold_loss":0},{"damage_healed":67,"gold_gain":0,"player_choice":"Heal","damage_taken":0,"max_hp_gain":0,"max_hp_loss":15,"event_name":"The Moai Head","floor":42,"gold_loss":0},{"damage_healed":0,"gold_gain":0,"player_choice":"Full Heal","damage_taken":0,"max_hp_gain":0,"max_hp_loss":0,"event_name":"Wheel of Change","floor":45,"gold_loss":0}],"is_beta":false,"boss_relics":[{"not_picked":["Astrolabe","Sozu"],"picked":"Ectoplasm"},{"not_picked":["reliquary:RustamsPendant","reliquary:RedPaperclip"],"picked":"Calling Bell"}],"items_purged_floors":[],"is_endless":false,"potions_floor_spawned":[1,2,5,13,18,20,25,27,35,44],"killed_by":"Awakened One","ascension_level":20}}