{"host":"szp1d6dso4pv7ddl","time":1614297092,"event":{"mods":["AchievementEnabler","Alarm Clock","BaseMod","Bestiary","Block Reminder","Colored Map","Colored Powertips","Curses Come First","Dark Map","Displayed Cursed Tome","Highlight Path","Minty Spire (QoL Compilation)","Permanent Neow","Quick Restart","Relic Sorter","Relic Stats","StSLib","Synergy Search"],"gold_per_floor":[113,125,125,36,46,77,77,103,172,204,169,169,169,186,186,186,186],"floor_reached":16,"language":"ENG","playtime":595,"items_purged":[],"score":236,"play_id":"95cb06a5-2bf8-4306-968c-137b0ee6a996","local_time":"20210225155132","is_ascension_mode":true,"campfire_choices":[{"data":"Immolate","floor":7.0,"key":"SMITH"},{"data":"Entrench","floor":12.0,"key":"SMITH"},{"data":"Barricade","floor":13.0,"key":"SMITH"},{"data":"Havoc","floor":15.0,"key":"SMITH"}],"circlet_count":0,"master_deck":["AscendersBane","Strike_R","Strike_R","Strike_R","Strike_R","Defend_R","Defend_R","Defend_R","Defend_R","Bash","Havoc+1","Cleave","Immolate+1","Dual Wield","Entrench+1","Barricade+1"],"relics":["Burning Blood","NeowsBlessing","WingedGreaves","MealTicket","Sundial","Mercury Hourglass"],"acts_visited":["Exordium"],"potions_floor_usage":[16,16],"damage_taken":[{"damage":0.0,"enemies":"Small Slimes","floor":1.0,"turns":1.0},{"damage":0.0,"enemies":"Cultist","floor":2.0,"turns":1.0},{"damage":0.0,"enemies":"Jaw Worm","floor":5.0,"turns":1.0},{"damage":32.0,"enemies":"Gremlin Nob","floor":6.0,"turns":4.0},{"damage":20.0,"enemies":"3 Sentries","floor":8.0,"turns":4.0},{"damage":8.0,"enemies":"Gremlin Nob","floor":10.0,"turns":3.0},{"damage":16.0,"enemies":"Large Slime","floor":14.0,"turns":5.0},{"damage":64,"enemies":"Hexaghost","floor":16,"turns":10}],"seed_played":"-2416957388053572155","potions_obtained":[{"floor":1.0,"key":"Explosive Potion"},{"floor":5.0,"key":"Energy Potion"},{"floor":6.0,"key":"BloodPotion"},{"floor":14.0,"key":"Strength Potion"}],"is_trial":false,"path_per_floor":["M","M","?","$","M","E","R","E","T","E","?","R","R","M","R","B"],"character_chosen":"IRONCLAD","items_purchased":["Immolate"],"campfire_rested":0,"item_purchase_floors":[4],"current_hp_per_floor":[74,75,75,75,75,49,49,35,35,33,51,51,51,41,41,0,0],"gold":186,"neow_bonus":"THREE_ENEMY_KILL","is_daily":false,"chose_seed":false,"campfire_upgraded":4,"win_rate":0.0,"timestamp":1614297092,"path_taken":["M","M","?","$","?","E","R","E","T","E","?","R","R","M","R","BOSS"],"items_purchased_type":["Card"],"build_version":"2020-12-22","purchased_purges":0,"victory":false,"max_hp_per_floor":[75,75,75,75,75,75,75,75,75,75,75,75,75,75,75,75,75],"relic_stats":{"counters":[8,28],"Sundial":[2],"MealTicket":0,"obtain_stats":[{"NeowsBlessing":0,"Sundial":9,"MealTicket":8,"WingedGreaves":6,"Burning Blood":0,"Mercury Hourglass":10},{"NeowsBlessing":0,"Sundial":5,"MealTicket":5,"WingedGreaves":4,"Burning Blood":0,"Mercury Hourglass":6},{"NeowsBlessing":0,"Sundial":11,"MealTicket":11,"WingedGreaves":7,"Burning Blood":0,"Mercury Hourglass":14}],"Burning Blood":31,"Mercury Hourglass":[44]},"card_choices":[{"not_picked":["Dual Wield","Clash"],"picked":"Havoc","floor":1.0},{"not_picked":["Headbutt","Demon Form"],"picked":"Cleave","floor":2.0},{"not_picked":["Sentinel","Headbutt"],"picked":"Dual Wield","floor":5.0},{"not_picked":["Wild Strike","Sever Soul"],"picked":"Entrench","floor":6.0},{"not_picked":["Dual Wield","Heavy Blade","Clash"],"picked":"SKIP","floor":8.0},{"not_picked":["Searing Blow","Clothesline"],"picked":"Barricade","floor":10.0},{"not_picked":["Cleave","Perfected Strike","Iron Wave"],"picked":"SKIP","floor":14.0}],"player_experience":1660523,"relics_obtained":[{"floor":6.0,"key":"WingedGreaves"},{"floor":8.0,"key":"MealTicket"},{"floor":9.0,"key":"Sundial"},{"floor":10.0,"key":"Mercury Hourglass"}],"event_choices":[{"cards_removed":["Strike_R"],"damage_healed":0.0,"max_hp_gain":0.0,"max_hp_loss":0.0,"gold_gain":0.0,"event_name":"Bonfire Elementals","player_choice":"Offered Basic","floor":3.0,"gold_loss":0.0,"damage_taken":0.0},{"damage_healed":18.0,"max_hp_gain":0.0,"max_hp_loss":0.0,"gold_gain":0.0,"event_name":"The Cleric","player_choice":"Healed","floor":11.0,"gold_loss":35.0,"damage_taken":0.0}],"is_beta":false,"boss_relics":[],"items_purged_floors":[],"is_endless":false,"potions_floor_spawned":[1,5,6,14],"killed_by":"Hexaghost","ascension_level":20}}