{"host":"f0vzc1iezimimt27","time":1614235917,"event":{"mods":["BaseMod","Colored Map","Highlight Path","Minty Spire (QoL Compilation)","StSLib"],"gold_per_floor":[217,65,80,80,93,127,143,143,166,166,177,22,32,67,67,172,172,185,199,211,221,221,221,249,249,249,249,174,99,99,114,114,114,114],"floor_reached":33,"language":"ENG","playtime":1999,"items_purged":["Strike_R"],"score":357,"play_id":"b22d073e-255b-4ffd-b2a4-47d01f9dbe5d","local_time":"20210225095157","is_ascension_mode":true,"campfire_choices":[{"data":"Intimidate","floor":8,"key":"SMITH"},{"data":"True Grit","floor":10,"key":"SMITH"},{"data":"Rampage","floor":15,"key":"SMITH"},{"data":"Juggernaut","floor":23,"key":"SMITH"},{"data":"Intimidate","floor":25,"key":"SMITH"},{"data":"Shrug It Off","floor":30,"key":"SMITH"},{"floor":32,"key":"REST"}],"circlet_count":0,"master_deck":["Defend_R","Defend_R","Defend_R+1","Defend_R","Bash","Pommel Strike","True Grit+1","Shrug It Off","Intimidate+1","Rampage+1","Shrug It Off","Ghostly Armor+1","Offering","Juggernaut+1","Shrug It Off+1","Brutality","Intimidate+1","True Grit+1"],"relics":["Burning Blood","Tiny Chest","Bag of Preparation","Oddly Smooth Stone","Lee\u0027s Waffle","War Paint","Empty Cage","Pear","Bottled Tornado"],"acts_visited":["Exordium","TheCity"],"potions_floor_usage":[14,19],"damage_taken":[{"damage":1,"enemies":"Cultist","floor":1,"turns":4},{"damage":11,"enemies":"Jaw Worm","floor":3,"turns":4},{"damage":3,"enemies":"2 Louse","floor":5,"turns":3},{"damage":37,"enemies":"3 Sentries","floor":6,"turns":11},{"damage":3,"enemies":"2 Fungi Beasts","floor":7,"turns":3},{"damage":0,"enemies":"Blue Slaver","floor":11,"turns":3},{"damage":6,"enemies":"Large Slime","floor":13,"turns":10},{"damage":11,"enemies":"Gremlin Nob","floor":14,"turns":5},{"damage":28,"enemies":"Hexaghost","floor":16,"turns":11},{"damage":6,"enemies":"Chosen","floor":18,"turns":6},{"damage":12,"enemies":"3 Byrds","floor":19,"turns":5},{"damage":23,"enemies":"Snake Plant","floor":20,"turns":5},{"damage":21,"enemies":"Snecko","floor":21,"turns":9},{"damage":37,"enemies":"Book of Stabbing","floor":24,"turns":7},{"damage":26,"enemies":"Sentry and Sphere","floor":31,"turns":7},{"damage":74,"enemies":"Automaton","floor":33,"turns":6}],"seed_played":"642365400500990607","potions_obtained":[{"floor":3,"key":"Strength Potion"},{"floor":6,"key":"FearPotion"},{"floor":13,"key":"DistilledChaos"},{"floor":16,"key":"EssenceOfSteel"},{"floor":21,"key":"BlessingOfTheForge"},{"floor":24,"key":"SpeedPotion"}],"is_trial":false,"path_per_floor":["M","$","M","?","M","E","M","R","T","R","M","$","M","E","R","B",null,"M","M","M","M","?","R","E","R","T","T","?","$","R","M","R","B"],"character_chosen":"IRONCLAD","items_purchased":["Tiny Chest","Lee\u0027s Waffle"],"campfire_rested":1,"item_purchase_floors":[2,12],"current_hp_per_floor":[80,80,75,75,78,47,50,50,50,50,56,87,87,82,82,60,87,87,81,64,49,78,78,57,57,57,57,57,57,57,37,66,0,0],"gold":114,"neow_bonus":"HUNDRED_GOLD","is_daily":false,"chose_seed":false,"campfire_upgraded":6,"win_rate":0.0,"timestamp":1614235917,"path_taken":["M","$","M","?","M","E","M","R","T","R","M","$","M","E","R","BOSS","M","M","M","?","?","R","E","R","T","?","?","?","R","M","R","BOSS"],"items_purchased_type":["Relic","Relic"],"build_version":"2020-12-22","purchased_purges":1,"victory":false,"max_hp_per_floor":[80,80,80,80,80,80,80,80,80,80,80,87,87,87,87,87,87,87,87,87,87,87,87,97,97,97,97,97,97,97,97,97,97,97],"card_choices":[{"not_picked":["Thunderclap","Body Slam"],"picked":"Pommel Strike","floor":1},{"not_picked":["Clash","Thunderclap"],"picked":"True Grit","floor":3},{"not_picked":["Havoc","Whirlwind"],"picked":"Intimidate","floor":5},{"not_picked":["Thunderclap","Berserk"],"picked":"Rampage","floor":6},{"not_picked":["Perfected Strike","Clash"],"picked":"Shrug It Off","floor":7},{"not_picked":["Twin Strike","Perfected Strike","Cleave"],"picked":"SKIP","floor":11},{"not_picked":["Dual Wield","Sever Soul"],"picked":"Ghostly Armor","floor":13},{"not_picked":["Bloodletting","Perfected Strike"],"picked":"Offering","floor":14},{"not_picked":["Double Tap","Impervious"],"picked":"Juggernaut","floor":16},{"not_picked":["Evolve","Sword Boomerang+1","Perfected Strike+1"],"picked":"SKIP","floor":18},{"not_picked":["Pommel Strike+1","Anger","Havoc"],"picked":"SKIP","floor":19},{"not_picked":["Wild Strike","Sever Soul"],"picked":"Shrug It Off","floor":20},{"not_picked":["Cleave+1","Pommel Strike+1"],"picked":"Brutality","floor":21},{"not_picked":["Cleave","Twin Strike+1"],"picked":"Intimidate","floor":24},{"not_picked":["Twin Strike","Bloodletting"],"picked":"True Grit+1","floor":31}],"player_experience":169729,"relics_obtained":[{"floor":6,"key":"Bag of Preparation"},{"floor":9,"key":"Oddly Smooth Stone"},{"floor":14,"key":"War Paint"},{"floor":24,"key":"Pear"},{"floor":27,"key":"Bottled Tornado"}],"event_choices":[{"damage_healed":0,"gold_gain":0,"cards_transformed":["Strike_R"],"player_choice":"Transformed","damage_taken":0,"max_hp_gain":0,"max_hp_loss":0,"event_name":"Transmorgrifier","floor":4,"gold_loss":0,"cards_obtained":["Shrug It Off"]},{"damage_healed":29,"gold_gain":0,"player_choice":"Heal","damage_taken":0,"max_hp_gain":0,"max_hp_loss":0,"event_name":"The Library","floor":22,"gold_loss":0},{"cards_removed":["Strike_R"],"damage_healed":0,"gold_gain":0,"player_choice":"Gave Gold","damage_taken":0,"max_hp_gain":0,"max_hp_loss":0,"event_name":"Beggar","floor":28,"gold_loss":75}],"is_beta":false,"boss_relics":[{"not_picked":["Tiny House","Sozu"],"picked":"Empty Cage"}],"items_purged_floors":[29],"is_endless":false,"potions_floor_spawned":[3,6,13,16,18,21,24],"killed_by":"Automaton","ascension_level":4}}