{"host":"vk2xyavtylxbvrfq","time":1614228311,"event":{"mods":["Bard","BaseMod","Bestiary","Better Altar","Better Match","Better Note","Better Sensory Stone","Better Skull","Better Vampires","Block Reminder","Bossed Relics","Colored Map","Curses Come First","Displayed Cursed Tome","Downfall","Extra Virgin Snecko Oil","Fox Events","Hermit","Ironclad Rager","Marked Mod","Minty Spire (QoL Compilation)","Quick Restart","Rare Cards Sparkle","Relic Sorter","Reliquary","Robot Space Explorer","StSLib","The Hayseed","The Runesmith","Unceasing Turn Reminder"],"gold_per_floor":[118,118,2,2,15,46,46,62,62,78,78,3,3,16,16,115,115,135,135,85,104,104,104,115,115,115,134,159,258,269,42,42,147,147,158,170,16,32,307,341,341,359,359,371,371,371,371,371,371,371,371],"floor_reached":50,"language":"ENG","playtime":2102,"items_purged":["hermit:Strike_Hermit"],"score":686,"play_id":"c4ba7b3d-d2cb-4d37-8185-fdfa232ede3d","local_time":"20210224234511","is_ascension_mode":true,"campfire_choices":[{"floor":7.0,"key":"REST"},{"floor":11.0,"key":"REST"},{"floor":13.0,"key":"REST"},{"data":"hermit:Combo","floor":15.0,"key":"SMITH"},{"data":"hermit:Dive","floor":23.0,"key":"SMITH"},{"data":"hermit:EyeOfTheStorm","floor":25.0,"key":"SMITH"},{"floor":32.0,"key":"REST"},{"floor":41.0,"key":"REST"},{"floor":46.0,"key":"REST"},{"floor":49.0,"key":"REST"}],"circlet_count":0,"master_deck":["hermit:Strike_Hermit","hermit:Strike_Hermit","hermit:Strike_Hermit","hermit:Defend_Hermit","hermit:Defend_Hermit","hermit:Defend_Hermit","hermit:Defend_Hermit","hermit:Snapshot","hermit:Covet","hermit:TrackingShot","hermit:EyeOfTheStorm","hermit:Dive+1","hermit:BigShot","hermit:EyeOfTheStorm+1","hermit:Combo+1","hermit:BigShot","hermit:RoundhouseKick","hermit:LuckOfTheDraw+1","hermit:LuckOfTheDraw+1","hermit:Headshot+1","hermit:TrackingShot+1","hermit:Enervate+1","hermit:FlashPowder","hermit:FromBeyond","hermit:Headshot+1","hermit:EyeOfTheStorm","hermit:Vantage+1","Regret","hermit:Brawl+1","hermit:Snipe+1","hermit:Enervate+1"],"relics":["hermit:Momento","reliquary:TatteredRug","WarpedTongs","reliquary:PrincelyHelmet","Smiling Mask","hermit:BartenderGlass","reliquary:WeakTea","Meat on the Bone","reliquary:Buckler","reliquary:Ember","reliquary:PartyBalloon","PreservedInsect"],"acts_visited":["Exordium","TheCity","TheBeyond"],"potions_floor_usage":[50,50,50],"damage_taken":[{"damage":4.0,"enemies":"Jaw Worm","floor":1.0,"turns":3.0},{"damage":0.0,"enemies":"Cultist","floor":5.0,"turns":3.0},{"damage":54.0,"enemies":"Gremlin Nob","floor":6.0,"turns":6.0},{"damage":0.0,"enemies":"2 Louse","floor":8.0,"turns":2.0},{"damage":14.0,"enemies":"Gremlin Gang","floor":10.0,"turns":6.0},{"damage":2.0,"enemies":"3 Louse","floor":14.0,"turns":4.0},{"damage":24.0,"enemies":"The Guardian","floor":16.0,"turns":8.0},{"damage":6.0,"enemies":"3 Byrds","floor":18.0,"turns":3.0},{"damage":0.0,"enemies":"Chosen","floor":21.0,"turns":4.0},{"damage":14.0,"enemies":"Snake Plant","floor":24.0,"turns":4.0},{"damage":0.0,"enemies":"Snecko","floor":27.0,"turns":3.0},{"damage":19.0,"enemies":"Book of Stabbing","floor":28.0,"turns":4.0},{"damage":1.0,"enemies":"Centurion and Healer","floor":30.0,"turns":5.0},{"damage":21.0,"enemies":"Champ","floor":33.0,"turns":8.0},{"damage":0.0,"enemies":"Orb Walker","floor":35.0,"turns":3.0},{"damage":2.0,"enemies":"3 Shapes","floor":36.0,"turns":2.0},{"damage":28.0,"enemies":"Spire Growth","floor":38.0,"turns":5.0},{"damage":36.0,"enemies":"Nemesis","floor":40.0,"turns":3.0},{"damage":9.0,"enemies":"Maw","floor":42.0,"turns":5.0},{"damage":1.0,"enemies":"4 Shapes","floor":44.0,"turns":3.0},{"damage":79,"enemies":"Time Eater","floor":50,"turns":9}],"seed_played":"-5954427929997300181","potions_obtained":[{"floor":5.0,"key":"LiquidMemories"},{"floor":10.0,"key":"hermit:Eclipse"},{"floor":14.0,"key":"hexamod:SoulburnPotion"},{"floor":21.0,"key":"Explosive Potion"},{"floor":24.0,"key":"champ:CounterPotion"},{"floor":27.0,"key":"Slimebound:ThreeZeroPotion"},{"floor":33.0,"key":"LiquidMemories"},{"floor":36.0,"key":"PowerPotion"},{"floor":40.0,"key":"DuplicationPotion"},{"floor":44.0,"key":"Explosive Potion"}],"is_trial":false,"path_per_floor":["M","?","$","?","M","E","R","M","T","M","R","$","R","M","R","B",null,"M","?","$","M","?","R","M","R","T","M","E","?","M","$","R","B",null,"M","M","$","M","?","E","R","M","T","M","?","R","?","?","R","B"],"character_chosen":"HERMIT","items_purchased":["hermit:EyeOfTheStorm","ColorlessPotion","hermit:BigShot","reliquary:Buckler","hermit:Combo","reliquary:PartyBalloon"],"campfire_rested":7,"item_purchase_floors":[3,3,12,31,31,37],"current_hp_per_floor":[64,64,64,64,64,10,32,32,32,18,40,40,62,60,60,36,65,59,59,59,59,75,75,61,61,61,61,42,42,41,41,63,42,67,75,73,73,50,50,26,48,39,39,38,38,60,60,60,75,0,0],"gold":371,"neow_bonus":"RANDOM_COMMON_RELIC","is_daily":false,"chose_seed":false,"campfire_upgraded":3,"win_rate":0.0,"timestamp":1614228311,"path_taken":["M","?","?","?","M","E","R","M","T","?","R","$","R","M","R","BOSS","M","?","?","M","?","R","M","R","T","?","E","?","M","$","R","BOSS","M","M","$","M","?","E","R","M","T","?","?","R","?","?","R","BOSS"],"items_purchased_type":["Card","Potion","Card","Relic","Card","Relic"],"build_version":"2020-12-22","purchased_purges":1,"victory":false,"max_hp_per_floor":[75,75,75,75,75,75,75,75,75,75,75,75,75,75,75,75,75,75,75,75,75,75,75,75,75,75,75,75,75,75,75,75,75,75,75,75,75,75,75,75,75,75,75,75,75,75,75,75,75,75,75],"card_choices":[{"not_picked":["hermit:HoleUp","hermit:Misfire"],"picked":"hermit:TrackingShot","floor":1.0},{"not_picked":["hermit:HoleUp","hermit:LuckOfTheDraw"],"picked":"hermit:Dive","floor":5.0},{"not_picked":["hermit:LowProfile","hermit:Glare"],"picked":"hermit:BigShot","floor":6.0},{"not_picked":["hermit:HighCaliber","hermit:Misfire"],"picked":"hermit:EyeOfTheStorm","floor":8.0},{"not_picked":["hermit:NoHoldsBarred","hermit:Glare"],"picked":"hermit:Combo","floor":10.0},{"not_picked":["hermit:Feint","hermit:LowProfile","hermit:HighCaliber"],"picked":"SKIP","floor":14.0},{"not_picked":["hermit:Roughhouse","hermit:Purgatory"],"picked":"hermit:RoundhouseKick","floor":16.0},{"not_picked":["hermit:Quickdraw","hermit:Vantage"],"picked":"hermit:LuckOfTheDraw+1","floor":18.0},{"not_picked":["hermit:HoleUp","hermit:WideOpen"],"picked":"hermit:LuckOfTheDraw+1","floor":21.0},{"not_picked":["hermit:Vantage","hermit:Ricochet"],"picked":"hermit:Headshot+1","floor":24.0},{"not_picked":["hermit:Manifest","hermit:NoHoldsBarred"],"picked":"hermit:TrackingShot","floor":27.0},{"not_picked":["hermit:Dive+1","hermit:TrackingShot"],"picked":"hermit:Enervate","floor":28.0},{"not_picked":["hermit:HighCaliber","hermit:Deadeye"],"picked":"hermit:FlashPowder","floor":30.0},{"not_picked":["hermit:Roughhouse","hermit:Reprieve"],"picked":"hermit:FromBeyond","floor":33.0},{"not_picked":["hermit:Feint+1","hermit:Quickdraw"],"picked":"hermit:Headshot+1","floor":35.0},{"not_picked":["hermit:Roulette+1","hermit:Manifest+1"],"picked":"hermit:EyeOfTheStorm","floor":36.0},{"not_picked":["hermit:GoldenBullet","hermit:Brawl"],"picked":"hermit:Vantage+1","floor":38.0},{"not_picked":["hermit:Manifest","hermit:Cheat+1"],"picked":"hermit:Brawl+1","floor":40.0},{"not_picked":["hermit:GhostlyPresence","hermit:Dive"],"picked":"hermit:Snipe+1","floor":42.0},{"not_picked":["hermit:HoleUp+1","hermit:SprayPray"],"picked":"hermit:Enervate+1","floor":44.0}],"player_experience":1479171,"relics_obtained":[{"floor":6.0,"key":"reliquary:PrincelyHelmet"},{"floor":9.0,"key":"Smiling Mask"},{"floor":26.0,"key":"reliquary:WeakTea"},{"floor":28.0,"key":"Meat on the Bone"},{"floor":40.0,"key":"PreservedInsect"}],"event_choices":[{"damage_healed":0.0,"max_hp_gain":0.0,"max_hp_loss":0.0,"gold_gain":0.0,"event_name":"Accursed Blacksmith","player_choice":"Rummage","floor":2.0,"gold_loss":0.0,"damage_taken":0.0,"relics_obtained":["WarpedTongs"],"cards_obtained":["Pain"]},{"cards_removed":["Pain"],"damage_healed":0.0,"max_hp_gain":0.0,"max_hp_loss":0.0,"gold_gain":0.0,"event_name":"Purifier","player_choice":"Purged","floor":4.0,"gold_loss":0.0,"damage_taken":0.0},{"damage_healed":16.0,"max_hp_gain":0.0,"max_hp_loss":0.0,"gold_gain":0.0,"event_name":"Wheel of Change","player_choice":"Full Heal","floor":22.0,"gold_loss":0.0,"damage_taken":0.0},{"damage_healed":0.0,"max_hp_gain":0.0,"max_hp_loss":0.0,"gold_gain":99.0,"event_name":"Nest","player_choice":"Stole From Cult","floor":29.0,"gold_loss":0.0,"damage_taken":0.0},{"damage_healed":0.0,"max_hp_gain":0.0,"max_hp_loss":0.0,"gold_gain":275.0,"event_name":"Golden Shrine","player_choice":"Desecrate","floor":39.0,"gold_loss":0.0,"damage_taken":0.0,"cards_obtained":["Regret"]},{"cards_removed":["hermit:Combo"],"damage_healed":0.0,"max_hp_gain":0.0,"max_hp_loss":0.0,"gold_gain":0.0,"event_name":"Falling","player_choice":"Removed Power","floor":45.0,"gold_loss":0.0,"damage_taken":0.0},{"damage_healed":0.0,"max_hp_gain":0.0,"max_hp_loss":0.0,"gold_gain":0.0,"event_name":"Tomb of Lord Red Mask","player_choice":"Ignored","floor":47.0,"gold_loss":0.0,"damage_taken":0.0}],"is_beta":false,"boss_relics":[{"not_picked":["Velvet Choker","reliquary:Craggleroot"],"picked":"hermit:BartenderGlass"},{"not_picked":["reliquary:KinkedSpring","hermit:ClaspedLocket"],"picked":"reliquary:Ember"}],"items_purged_floors":[20],"is_endless":false,"potions_floor_spawned":[5,10,14,21,24,27,33,36,40,44],"killed_by":"Time Eater","ascension_level":8}}