{"host":"5ueuk67tsx07ylcu","time":1614286886,"event":{"mods":["BaseMod","Colored Map","Colored Powertips","Downfall","Duelist Mod","GifTheSpireLib","Hermit","Infinite Spire","Lobotomy","Minty Spire (QoL Compilation)","StSLib","The Animator"],"gold_per_floor":[113,38,64,75,86,86,103,130,202,231,231,249,249,281,281,376,376,386,397,414,414,414,427,446,481,481,481,45,45,76,87,87,87,87],"floor_reached":33,"language":"ENG","playtime":2748,"items_purged":["Strike_R"],"score":375,"play_id":"9fdf1f2c-e334-4b12-a5aa-92842f3924cd","local_time":"20210225160126","is_ascension_mode":true,"campfire_choices":[{"floor":6,"key":"RECALL"},{"data":"Fiend Fire","floor":15,"key":"SMITH"},{"data":"Battle Trance","floor":27,"key":"SMITH"},{"data":"Corruption","floor":32,"key":"SMITH"}],"circlet_count":0,"master_deck":["Strike_R","Strike_R","Strike_R+1","Strike_R","Defend_R","Defend_R","Defend_R","Defend_R","Bash","The Bomb","Battle Trance+1","Cleave","Iron Wave","Disarm","Cleave+1","Infernal Blade","Fiend Fire+1","Corruption+1","Body Slam+1","Iron Wave","Feel No Pain","Shrug It Off+1","Inflame"],"relics":["Burning Blood","CaptainsWheel","Meat on the Bone","Turnip","Omamori","Charon\u0027s Ashes","Runic Cube","Necronomicon","Whetstone","infinitespire:Beetle Shell","infinitespire:Joker Card","infinitespire:Lucky Rock","Darkstone Periapt"],"acts_visited":["Exordium","TheCity"],"potions_floor_usage":[8,14,14,16,16,24,24,25],"damage_taken":[{"damage":6,"enemies":"Cultist","floor":1,"turns":3},{"damage":6,"enemies":"Jaw Worm","floor":4,"turns":3},{"damage":3,"enemies":"2 Louse","floor":5,"turns":2},{"damage":0,"enemies":"Large Slime","floor":7,"turns":4},{"damage":36,"enemies":"Lagavulin","floor":8,"turns":7},{"damage":0,"enemies":"Gremlin Nob","floor":10,"turns":3},{"damage":7,"enemies":"3 Louse","floor":12,"turns":2},{"damage":0,"enemies":"Lagavulin","floor":14,"turns":4},{"damage":25,"enemies":"Hexaghost","floor":16,"turns":7},{"damage":25,"enemies":"Shell Parasite","floor":18,"turns":3},{"damage":13,"enemies":"2 Thieves","floor":19,"turns":2},{"damage":18,"enemies":"Centurion and Healer","floor":20,"turns":3},{"damage":10,"enemies":"Cultist and Chosen","floor":23,"turns":2},{"damage":16,"enemies":"Snake Plant","floor":24,"turns":3},{"damage":3,"enemies":"Gremlin Leader","floor":25,"turns":5},{"damage":33,"enemies":"Slavers","floor":30,"turns":3},{"damage":0,"enemies":"Centurion and Healer","floor":31,"turns":4},{"damage":64,"enemies":"Champ","floor":33,"turns":13}],"seed_played":"5036338992187923586","potions_obtained":[{"floor":5,"key":"bronze:BurnAndBuffPotion"},{"floor":7,"key":"HeartOfIron"},{"floor":8,"key":"DistilledChaos"},{"floor":10,"key":"bronze:BurnAndBuffPotion"},{"floor":14,"key":"Explosive Potion"},{"floor":19,"key":"Block Potion"},{"floor":20,"key":"BlessingOfTheForge"},{"floor":24,"key":"HeartOfIron"}],"is_trial":false,"path_per_floor":["M","$","T","M","M","R","M","E","T","E","?","M","?","E","R","B",null,"M","M","M","?","?","M","M","E","T","R","$","?","E","M","R","B"],"character_chosen":"IRONCLAD","items_purchased":["infinitespire:Joker Card","infinitespire:Lucky Rock"],"campfire_rested":0,"item_purchase_floors":[28,28],"current_hp_per_floor":[72,72,72,72,72,72,72,42,42,48,48,47,52,58,58,51,77,58,51,51,35,35,43,45,48,48,48,48,48,33,51,51,0,0],"gold":87,"neow_bonus":"RANDOM_COLORLESS_2","is_daily":false,"chose_seed":false,"campfire_upgraded":3,"win_rate":0.0,"timestamp":1614286886,"path_taken":["M","$","?","M","?","R","M","E","T","E","?","M","?","E","R","BOSS","M","M","M","?","?","?","?","E","T","R","$","?","E","M","R","BOSS"],"items_purchased_type":["Relic","Relic"],"build_version":"2020-12-22","purchased_purges":1,"victory":false,"max_hp_per_floor":[72,72,72,72,72,72,72,72,72,72,72,72,77,77,77,77,77,77,77,77,77,77,77,77,77,77,77,77,77,77,77,77,77,77],"card_choices":[{"not_picked":["Transmutation","Apotheosis"],"picked":"The Bomb","floor":0},{"not_picked":["True Grit","Thunderclap"],"picked":"Battle Trance","floor":1},{"not_picked":["Heavy Blade","Warcry"],"picked":"Cleave","floor":4},{"not_picked":["Body Slam","Twin Strike"],"picked":"Iron Wave","floor":5},{"not_picked":["Perfected Strike","Burning Pact"],"picked":"Disarm","floor":7},{"not_picked":["Heavy Blade","Warcry"],"picked":"Cleave","floor":8},{"not_picked":["Warcry","Heavy Blade"],"picked":"Flame Barrier","floor":10},{"not_picked":["Seeing Red","Pummel"],"picked":"Infernal Blade","floor":12},{"not_picked":["Armaments","Thunderclap"],"picked":"Fiend Fire","floor":14},{"not_picked":["Exhume","Juggernaut"],"picked":"Corruption","floor":16},{"not_picked":["Rampage","Clash","Twin Strike+1"],"picked":"SKIP","floor":18},{"not_picked":["Rampage","True Grit"],"picked":"Body Slam+1","floor":19},{"not_picked":["Whirlwind","Anger","Twin Strike+1"],"picked":"SKIP","floor":20},{"not_picked":["Dual Wield+1","Wild Strike"],"picked":"Feel No Pain","floor":23},{"not_picked":["Anger+1","Sword Boomerang","Wild Strike"],"picked":"SKIP","floor":24},{"not_picked":["Sentinel","Second Wind+1","Corruption"],"picked":"SKIP","floor":25},{"not_picked":["Heavy Blade+1","Dual Wield"],"picked":"Shrug It Off+1","floor":30},{"not_picked":["Whirlwind","Pummel"],"picked":"Inflame","floor":31}],"player_experience":326028,"relics_obtained":[{"floor":8,"key":"CaptainsWheel"},{"floor":9,"key":"Meat on the Bone"},{"floor":10,"key":"Turnip"},{"floor":11,"key":"Omamori"},{"floor":14,"key":"Charon\u0027s Ashes"},{"floor":21,"key":"Necronomicon"},{"floor":25,"key":"Whetstone"},{"floor":26,"key":"infinitespire:Beetle Shell"},{"floor":30,"key":"Darkstone Periapt"}],"event_choices":[{"damage_healed":0,"gold_gain":0,"player_choice":"Donut","damage_taken":0,"max_hp_gain":5,"max_hp_loss":0,"event_name":"Big Fish","floor":13,"gold_loss":0},{"damage_healed":0,"gold_gain":0,"player_choice":"Obtained Book","damage_taken":16,"max_hp_gain":0,"max_hp_loss":0,"event_name":"Cursed Tome","floor":21,"gold_loss":0},{"cards_removed":["Flame Barrier"],"damage_healed":0,"gold_gain":0,"player_choice":"Took Card","damage_taken":0,"max_hp_gain":0,"max_hp_loss":0,"event_name":"NoteForYourself","floor":22,"gold_loss":0,"cards_obtained":["Iron Wave"]},{"damage_healed":0,"gold_gain":0,"player_choice":"Ignored","damage_taken":0,"max_hp_gain":0,"max_hp_loss":0,"event_name":"Vampires","floor":29,"gold_loss":0}],"is_beta":false,"boss_relics":[{"not_picked":["Coffee Dripper","infinitespire:Cupcake"],"picked":"Runic Cube"}],"items_purged_floors":[2],"is_endless":false,"potions_floor_spawned":[5,7,8,10,14,19,20,24],"killed_by":"Champ","ascension_level":1}}