{"host":"uhnh33uh34qot0et","time":1614296150,"event":{"mods":["Act Like it!","BaseMod","Bossed Relics","Colored Map","Downfall","GungeonMod","Hallownest","Hermit","JesterMod","Marisa????????","Minty Spire (QoL Compilation)","Relic Stats","Replay The Spire","Ruina","StSLib","The Construct","The Cursed","The Hierophant","The Servant 0.9.4"],"gold_per_floor":[112,112,112,131,131,131,206,224,278,301,301,301,334,354,354,479,579,598,611,317,416,416,449,449,449],"floor_reached":24,"language":"ENG","playtime":672,"items_purged":[],"score":239,"play_id":"6881d41a-31c1-4439-bec8-57c1862b1e23","local_time":"20210226003550","is_ascension_mode":false,"campfire_choices":[{"data":"CrushJoints","floor":6,"key":"SMITH"},{"floor":11,"key":"REST"},{"data":"PathToVictory","floor":15,"key":"SMITH"}],"circlet_count":0,"master_deck":["Strike_P","Strike_P","Strike_P","Defend_P","Defend_P","Defend_P","Defend_P","Eruption+1","Vigilance+1","CrushJoints+1","FollowUp+1","BowlingBash","PathToVictory+1","CrushJoints","Worship","Replay:DivineShield","MasterReality","Consecrate","BattleHymn+1","SashWhip"],"relics":["PureWater","Golden Idol","PreservedInsect","Pen Nib","Replay:Wanted Poster","Bronze Scales","Sling","Enchiridion","Replay:Bottled Steam"],"acts_visited":["Exordium","TheCity"],"potions_floor_usage":[16,16,16],"damage_taken":[{"damage":0,"enemies":"Small Slimes","floor":1,"turns":4},{"damage":0,"enemies":"2 Louse","floor":4,"turns":1},{"damage":0,"enemies":"Jaw Worm","floor":8,"turns":2},{"damage":0,"enemies":"3 Louse","floor":10,"turns":3},{"damage":0,"enemies":"Gremlin Nob","floor":13,"turns":2},{"damage":0,"enemies":"2 Fungi Beasts","floor":14,"turns":2},{"damage":4,"enemies":"Hexaghost","floor":16,"turns":9},{"damage":19,"enemies":"2 Thieves","floor":18,"turns":4},{"damage":3,"enemies":"Chosen","floor":19,"turns":4},{"damage":23,"enemies":"Slavers","floor":23,"turns":4},{"damage":15,"enemies":"Snake Plant","floor":24,"turns":2}],"seed_played":"-3951359271482032697","potions_obtained":[{"floor":8,"key":"Adrenaline Potion"},{"floor":10,"key":"Fire Potion"},{"floor":13,"key":"SpeedPotion"}],"is_trial":false,"path_per_floor":["M","?","?","M","?","R","?","M","T","M","R","$","E","M","R","B",null,"M","M","$","?","?","E","M"],"character_chosen":"WATCHER","items_purchased":["Bronze Scales","Sling"],"campfire_rested":1,"item_purchase_floors":[20,20],"current_hp_per_floor":[72,72,72,72,54,54,43,43,43,43,64,64,64,64,64,60,72,53,50,50,50,34,11,0,0],"gold":449,"neow_bonus":"RANDOM_EVENT","is_daily":false,"chose_seed":false,"campfire_upgraded":2,"win_rate":0.0,"timestamp":1614296150,"path_taken":["M","?","?","M","?","R","?","M","T","M","R","$","E","M","R","BOSS","M","M","$","?","?","E","?"],"items_purchased_type":["Relic","Relic"],"build_version":"2020-12-22","purchased_purges":0,"victory":false,"max_hp_per_floor":[72,72,72,72,72,72,72,72,72,72,72,72,72,72,72,72,72,72,72,72,72,72,72,72,72],"relic_stats":{"counters":[11,37],"Golden Idol":59,"Bronze Scales":[15],"PreservedInsect":61,"Pen Nib":[3],"obtain_stats":[{"Replay:Wanted Poster":17,"Golden Idol":5,"Bronze Scales":20,"Enchiridion":22,"DemoMod:GlassGuonStoneRelic":4,"PreservedInsect":9,"Pen Nib":13,"PureWater":0,"Sling":20,"Replay:Bottled Steam":23},{"Replay:Wanted Poster":7,"Golden Idol":2,"Bronze Scales":9,"Enchiridion":9,"DemoMod:GlassGuonStoneRelic":2,"PreservedInsect":3,"Pen Nib":5,"PureWater":0,"Sling":9,"Replay:Bottled Steam":10},{"Replay:Wanted Poster":23,"Golden Idol":5,"Bronze Scales":31,"Enchiridion":31,"DemoMod:GlassGuonStoneRelic":5,"PreservedInsect":7,"Pen Nib":12,"PureWater":0,"Sling":31,"Replay:Bottled Steam":35}]},"card_choices":[{"not_picked":["Fasting2","WaveOfTheHand"],"picked":"CrushJoints","floor":1},{"not_picked":["JustLucky","Crescendo"],"picked":"BowlingBash","floor":4},{"not_picked":["JustLucky","Protect"],"picked":"PathToVictory","floor":8},{"not_picked":["Evaluate","BowlingBash"],"picked":"CrushJoints","floor":10},{"not_picked":["Replay:ManipulateFuture","BowlingBash"],"picked":"Worship","floor":13},{"not_picked":["Adaptation","Replay:AtTheReady"],"picked":"Replay:DivineShield","floor":14},{"not_picked":["Brilliance","Replay:LoomingThreat"],"picked":"MasterReality","floor":16},{"not_picked":["Halt","TalkToTheHand"],"picked":"Consecrate","floor":18},{"not_picked":["ThirdEye+1","FlurryOfBlows+1"],"picked":"BattleHymn+1","floor":19},{"not_picked":["EmptyFist","SashWhip","Establishment"],"picked":"SKIP","floor":23},{"not_picked":["EmptyFist","Establishment"],"picked":"SashWhip","floor":23}],"player_experience":65385,"relics_obtained":[{"floor":9,"key":"PreservedInsect"},{"floor":13,"key":"Pen Nib"},{"floor":22,"key":"Enchiridion"},{"floor":23,"key":"Replay:Bottled Steam"}],"event_choices":[{"damage_healed":0,"gold_gain":0,"player_choice":"Grow","damage_taken":0,"max_hp_gain":0,"max_hp_loss":0,"event_name":"Living Wall","floor":0,"gold_loss":0,"cards_upgraded":["Eruption"]},{"damage_healed":0,"gold_gain":0,"player_choice":"Take Damage","damage_taken":18,"relics_obtained":["Golden Idol"],"max_hp_gain":0,"max_hp_loss":0,"event_name":"Golden Idol","floor":5,"gold_loss":0},{"damage_healed":0,"gold_gain":75,"player_choice":"Gather Gold","damage_taken":11,"max_hp_gain":0,"max_hp_loss":0,"event_name":"World of Goop","floor":7,"gold_loss":0},{"damage_healed":0,"gold_gain":99,"player_choice":"Stole From Cult","damage_taken":0,"max_hp_gain":0,"max_hp_loss":0,"event_name":"Nest","floor":21,"gold_loss":0},{"damage_healed":0,"gold_gain":0,"player_choice":"Obtained Book","damage_taken":16,"max_hp_gain":0,"max_hp_loss":0,"event_name":"Cursed Tome","floor":22,"gold_loss":0}],"is_beta":false,"boss_relics":[{"not_picked":["Painkiller Herb","Kintsugi"],"picked":"Replay:Wanted Poster"}],"items_purged_floors":[],"is_endless":false,"potions_floor_spawned":[8,10,13,14],"killed_by":"Snake Plant","ascension_level":0}}