{"host":"qrfkyfrpo74atslb","time":1614225574,"event":{"mods":["Astrologer","Bartender","BaseMod","Beaked The Cultist","Better Note","Better Third Choice","CapriCore","Colored Map","Colored Powertips","Conspire","DeckTracker","Downfall","GungeonMod","Hermit","Hero for Fun","Hubris","Koishi","LagranYue(???·?)","Mad Scientist","Marisa????????","Minty Spire (QoL Compilation)","Prisma Mod","Reimu??????","Remilia??????","StSLib","The Administrix","The Alterego","The Bladedancer","The Cursed","The Gatherer","The Immortal","The Mystic","The Necromancer","The Runesmith","The Servant 0.9.4","The Wild Card","TheSwordswoman","WarShipGirlsR/????R mod","Yakumo Yukari mod","Yuyuko"],"gold_per_floor":[112,122,134,14,14,45,10,10,92,92,92,113,138,159,159,288,288,288,288,142,142,142,142,142,142,142,142,142,142,71,71,71,71,71,71,3,3,0,0,0,0,0,0,0,0,0,0,0,0,0],"floor_reached":51,"language":"ENG","playtime":2613,"items_purged":[],"score":774,"play_id":"9ab0e974-f3e4-428b-ac82-fc07ff44b0d0","local_time":"20210225165934","is_ascension_mode":false,"campfire_choices":[{"floor":8,"key":"REST"},{"data":"MokouMod:Wildfire","floor":10,"key":"SMITH"},{"data":"MokouMod:IgnitionBlast","floor":15,"key":"SMITH"},{"data":"MokouMod:IgnitionBarrier","floor":25,"key":"SMITH"},{"data":"MokouMod:BurningDraft","floor":29,"key":"SMITH"},{"data":"MokouMod:EnchantingBambooForest","floor":32,"key":"SMITH"},{"data":"MokouMod:IndiscriminateIgnition","floor":40,"key":"SMITH"},{"floor":46,"key":"REST"},{"floor":49,"key":"REST"}],"circlet_count":0,"master_deck":["MokouMod:Strike","MokouMod:Strike","MokouMod:Strike","MokouMod:Strike","MokouMod:Strike","MokouMod:Defend","MokouMod:Defend","MokouMod:Defend","MokouMod:Defend","MokouMod:HeatSpark+1","MokouMod:Stoke","MokouMod:Firecracker","MokouMod:BlazingComet","MokouMod:IndiscriminateIgnition+1","MokouMod:Wildfire+1","MokouMod:FlareStarter","MokouMod:IgnitionBlast+1","MokouMod:ResoluteFlare","MokouMod:FujiyamaVolcano","MokouMod:BurningDraft+1","MokouMod:SearingBlow","MokouMod:FusionFlare+1","Summon_Lich+1","MokouMod:IgnitionBarrier+1","MokouMod:Ember","MokouMod:IgnitionBarrier+1","MokouMod:IndiscriminateIgnition+1","MokouMod:HeartofFire","MokouMod:EnchantingBambooForest+1","MokouMod:Geothermal","MokouMod:ScorchingColumn+1","MokouMod:Cataclysm+1","MokouMod:IndiscriminateIgnition+1","MokouMod:ScorchedEarth","MokouMod:Afterburner+1","MokouMod:Fireball+1"],"relics":["MokouMod:PhoenixFeather","LagranYue:RandomDrawCardRelic","Golden Idol","Runesmith:Locket","hubris:PeanutButter","Ectoplasm","DemoMod:MeatBun","Dead Branch","Blood Vial","Runic Pyramid","hubris:Icosahedron","Red Mask","Unceasing Top","DemoMod:OrangeGuonStone","DemoMod:VorpalBullet"],"acts_visited":["Exordium","TheCity","TheBeyond"],"potions_floor_usage":[16,18,31,33,41,45,45,50],"damage_taken":[{"damage":7,"enemies":"2 Louse","floor":1,"turns":3},{"damage":8,"enemies":"conspire:RoseBush","floor":2,"turns":2},{"damage":6,"enemies":"Jaw Worm","floor":3,"turns":3},{"damage":35,"enemies":"3 Sentries","floor":6,"turns":8},{"damage":2,"enemies":"Looter","floor":12,"turns":3},{"damage":0,"enemies":"Red Slaver","floor":13,"turns":3},{"damage":0,"enemies":"Lots of Slimes","floor":14,"turns":2},{"damage":20,"enemies":"Slime Boss","floor":16,"turns":7},{"damage":12,"enemies":"Spheric Guardian","floor":18,"turns":4},{"damage":0,"enemies":"Chosen","floor":21,"turns":3},{"damage":0,"enemies":"Centurion and Healer","floor":22,"turns":2},{"damage":0,"enemies":"conspire:Head Lice","floor":23,"turns":3},{"damage":0,"enemies":"3 Cultists","floor":24,"turns":3},{"damage":0,"enemies":"Snecko","floor":27,"turns":2},{"damage":2,"enemies":"Sentry and Sphere","floor":31,"turns":4},{"damage":35,"enemies":"conspire:MysteriousRune","floor":33,"turns":9},{"damage":4,"enemies":"3 Darklings","floor":35,"turns":4},{"damage":14,"enemies":"Orb Walker","floor":39,"turns":4},{"damage":0,"enemies":"2 Orb Walkers","floor":41,"turns":2},{"damage":0,"enemies":"Transient","floor":42,"turns":5},{"damage":20,"enemies":"Spire Growth","floor":44,"turns":4},{"damage":37,"enemies":"Nemesis","floor":45,"turns":5},{"damage":1,"enemies":"3 Darklings","floor":48,"turns":3},{"damage":37,"enemies":"Awakened One","floor":50,"turns":6}],"seed_played":"2378730238041399792","potions_obtained":[{"floor":2,"key":"hexamod:SoulburnPotion"},{"floor":6,"key":"FearPotion"},{"floor":11,"key":"Slimebound:ThreeZeroPotion"},{"floor":16,"key":"DemoMod:BlankPotion"},{"floor":21,"key":"DuplicationPotion"},{"floor":24,"key":"AttackPotion"},{"floor":31,"key":"ZuzhouPotion:ReiMu"},{"floor":33,"key":"SkillPotion"},{"floor":41,"key":"ColorlessPotion"},{"floor":42,"key":"GamblersBrew"},{"floor":44,"key":"Energy Potion"},{"floor":48,"key":"Weak Potion"}],"is_trial":false,"path_per_floor":["M","M","M","$","?","E","$","R","T","R","?","M","M","M","R","B",null,"M","?","$","M","M","E","M","R","T","M","$","R","$","M","R","B",null,"M","$","?","?","M","R","?","M","T","M","E","R","?","M","R","B",null],"character_chosen":"MKU","items_purchased":["MokouMod:IndiscriminateIgnition","MokouMod:Wildfire","MokouMod:IgnitionBlast","DemoMod:MeatBun","MokouMod:HeartofFire","MokouMod:Cataclysm"],"campfire_rested":3,"item_purchase_floors":[4,4,7,20,30,36],"current_hp_per_floor":[68,60,54,54,54,19,19,39,39,39,39,37,37,37,37,17,69,57,57,69,69,69,69,69,69,69,69,69,69,69,67,67,34,69,65,65,65,65,53,53,55,57,57,39,4,24,24,25,45,10],"gold":0,"neow_bonus":"UPGRADE_CARD","is_daily":false,"chose_seed":false,"campfire_upgraded":6,"win_rate":0.0,"timestamp":1614225574,"path_taken":["M","M","M","$","?","E","$","R","T","R","?","M","?","M","R","BOSS","M","?","$","M","?","E","M","R","T","M","?","R","$","M","R","BOSS","M","$","?","?","M","R","?","M","T","M","E","R","?","M","R","BOSS"],"items_purchased_type":["Card","Card","Card","Relic","Card","Card"],"build_version":"2020-12-22","purchased_purges":0,"victory":true,"max_hp_per_floor":[75,75,75,75,69,69,69,69,69,69,69,69,69,69,69,69,69,69,69,69,69,69,69,69,69,69,69,69,69,69,69,69,69,69,69,69,69,69,69,69,69,69,69,69,69,69,69,69,69,69],"card_choices":[{"not_picked":["MokouMod:InfernalWave","MokouMod:EternalBurstReactor"],"picked":"MokouMod:Stoke","floor":1},{"not_picked":["MokouMod:FujiyamaVolcano","MokouMod:Sear"],"picked":"MokouMod:Firecracker","floor":2},{"not_picked":["MokouMod:HeatCyclone","MokouMod:FlickeringFlame"],"picked":"MokouMod:BlazingComet","floor":3},{"not_picked":["MokouMod:RadiantBlade","MokouMod:ScorchingColumn"],"picked":"MokouMod:FlareStarter","floor":6},{"not_picked":["MokouMod:FujiyamaVolcano","MokouMod:BlazingComet"],"picked":"MokouMod:ResoluteFlare","floor":12},{"not_picked":["MokouMod:IcarusDive","MokouMod:BlazingComet"],"picked":"MokouMod:FujiyamaVolcano","floor":13},{"not_picked":["MokouMod:IllusoryBattlefield","MokouMod:RadiantBlade"],"picked":"MokouMod:BurningDraft","floor":14},{"not_picked":["MokouMod:ProfanedFlare","MokouMod:ExplosiveFlame"],"picked":"MokouMod:SearingBlow","floor":16},{"not_picked":["MokouMod:FlareStarter","MokouMod:InfernalWave"],"picked":"MokouMod:FusionFlare+1","floor":18},{"not_picked":["MokouMod:FlickeringFlame","MokouMod:FujiyamaVolcano+1"],"picked":"MokouMod:IgnitionBarrier+1","floor":21},{"not_picked":["MokouMod:Burn+1","MokouMod:ImperishableFlame"],"picked":"MokouMod:Ember","floor":22},{"not_picked":["MokouMod:Cataclysm","MokouMod:Combust"],"picked":"MokouMod:IgnitionBarrier","floor":23},{"not_picked":["MokouMod:ScorchingColumn","MokouMod:FusionFlare"],"picked":"MokouMod:IndiscriminateIgnition+1","floor":24},{"not_picked":["MokouMod:UncontrollableSolarReaction+1","MokouMod:ResoluteFlare","MokouMod:IgnitionBlast"],"picked":"SKIP","floor":27},{"not_picked":["MokouMod:HeatFactory","MokouMod:BlazingComet"],"picked":"MokouMod:EnchantingBambooForest","floor":31},{"not_picked":["MokouMod:ProfanedFlare","MokouMod:SearingBlow"],"picked":"MokouMod:Geothermal","floor":33},{"not_picked":["MokouMod:EternalBurstReactor","MokouMod:TemporalFireSeal"],"picked":"MokouMod:ScorchingColumn+1","floor":35},{"not_picked":["MokouMod:FlickeringFlame+1","MokouMod:UncontrollableSolarReaction"],"picked":"MokouMod:IndiscriminateIgnition+1","floor":39},{"not_picked":["MokouMod:ShiftIgnition","MokouMod:ProfanedFlare","MokouMod:Singe+1"],"picked":"SKIP","floor":42},{"not_picked":["MokouMod:Stoke","MokouMod:Overheat+1"],"picked":"MokouMod:ScorchedEarth","floor":44},{"not_picked":["MokouMod:Extinguish","MokouMod:BlazingComet"],"picked":"MokouMod:Afterburner+1","floor":45},{"not_picked":["MokouMod:ScorchingColumn","MokouMod:InfernalWave+1"],"picked":"MokouMod:Fireball+1","floor":48}],"player_experience":141529,"relics_obtained":[{"floor":6,"key":"Runesmith:Locket"},{"floor":9,"key":"hubris:PeanutButter"},{"floor":23,"key":"Dead Branch"},{"floor":26,"key":"DemoMod:WeirdEgg"},{"floor":41,"key":"Unceasing Top"},{"floor":43,"key":"DemoMod:OrangeGuonStone"},{"floor":45,"key":"DemoMod:VorpalBullet"}],"event_choices":[{"damage_healed":0,"gold_gain":0,"player_choice":"Lose Max HP","damage_taken":0,"relics_obtained":["Golden Idol"],"max_hp_gain":0,"max_hp_loss":6,"event_name":"Golden Idol","floor":5,"gold_loss":0},{"damage_healed":0,"gold_gain":0,"player_choice":"Got Potions","damage_taken":0,"max_hp_gain":0,"max_hp_loss":0,"event_name":"Lab","floor":11,"gold_loss":0},{"cards_removed":["MokouMod:BlazingComet"],"damage_healed":0,"gold_gain":0,"player_choice":"Take \u0026 Give","damage_taken":0,"max_hp_gain":0,"max_hp_loss":0,"event_name":"betterNote:BetterNote","floor":19,"gold_loss":0,"cards_obtained":["Summon_Lich"]},{"damage_healed":0,"gold_gain":0,"player_choice":"Paid","damage_taken":0,"relics_obtained":["Red Mask"],"max_hp_gain":0,"max_hp_loss":0,"event_name":"Tomb of Lord Red Mask","floor":38,"gold_loss":3},{"damage_healed":0,"gold_gain":0,"player_choice":"Fight","damage_taken":0,"max_hp_gain":0,"max_hp_loss":0,"event_name":"Mysterious Sphere","floor":41,"gold_loss":0}],"is_beta":false,"boss_relics":[{"not_picked":["conspire:SlowCooker","Snecko Eye"],"picked":"Ectoplasm"},{"not_picked":["hubris:ScarierMask","RedLine:ReiMu"],"picked":"Runic Pyramid"}],"items_purged_floors":[],"is_endless":false,"potions_floor_spawned":[2,6,16,21,24,31,33,41,42,44,48],"ascension_level":0}}