{"host":"f14d6hm2349s9jse","time":1614217297,"event":{"mods":["2.2 Compatiblity","BaseMod","Lobotomy","Minty Spire (QoL Compilation)","StSLib"],"gold_per_floor":[117,117,117,42,42,59,72,105,132,152,185,185,212,231,231,231,231],"floor_reached":16,"language":"ENG","playtime":1216,"items_purged":[],"score":240,"play_id":"402ef0c7-b331-42f8-aad5-4d299495d031","local_time":"20210224204137","is_ascension_mode":true,"campfire_choices":[{"floor":12,"key":"REST"},{"data":"Defragment","floor":15,"key":"SMITH"}],"circlet_count":0,"master_deck":["AscendersBane","Strike_B","Strike_B","Strike_B","Defend_B","Defend_B","Defend_B","Defend_B","Zap","Dualcast","Defragment+1","VoidDream","Chill","BeautyBeast","UniverseFragment","Sunder","Murderer","OldLady","Meteor Strike","Woodsman","Sunder","ShyLook","Coolheaded"],"relics":["Cracked Core","CogitoBucket","Oddly Smooth Stone","Bottled Lightning","Eternal Feather","Bronze Scales","ResearcherNote"],"acts_visited":["Exordium"],"potions_floor_usage":[11,13,16,16],"damage_taken":[{"damage":10.0,"enemies":"2 Louse","floor":1.0,"turns":2.0},{"damage":0.0,"enemies":"Jaw Worm","floor":6.0,"turns":3.0},{"damage":3.0,"enemies":"Cultist","floor":7.0,"turns":3.0},{"damage":18,"enemies":"Lagavulin","floor":8,"turns":10},{"damage":1,"enemies":"Lots of Slimes","floor":10,"turns":5},{"damage":22,"enemies":"3 Sentries","floor":11,"turns":14},{"damage":16,"enemies":"Lagavulin","floor":13,"turns":9},{"damage":0,"enemies":"2 Fungi Beasts","floor":14,"turns":4},{"damage":48,"enemies":"Slime Boss","floor":16,"turns":8}],"seed_played":"6501237366829338797","potions_obtained":[{"floor":6.0,"key":"SneckoOil"},{"floor":8,"key":"LiquidMemories"},{"floor":11,"key":"EntropicBrew"},{"floor":13,"key":"EssenceOfDarkness"}],"is_trial":false,"path_per_floor":["M","?","?","?","$","M","M","E","T","M","E","R","E","M","R","B"],"character_chosen":"DEFECT","items_purchased":[],"campfire_rested":1,"item_purchase_floors":[],"current_hp_per_floor":[54,54,54,54,54,54,51,33,33,32,10,43,33,57,69,27,27],"gold":231,"neow_bonus":"","is_daily":false,"chose_seed":false,"campfire_upgraded":1,"win_rate":0.0,"timestamp":1614217297,"path_taken":["M","?","?","?","?","?","M","E","T","M","E","R","E","M","R","BOSS"],"items_purchased_type":[],"build_version":"2020-12-22","purchased_purges":0,"victory":false,"max_hp_per_floor":[71,71,71,71,71,71,71,71,71,71,71,71,71,71,71,71,71],"card_choices":[{"not_picked":["Hello World","Coolheaded"],"picked":"Defragment","floor":1.0},{"not_picked":["Alriune","PunishingBird"],"picked":"VoidDream","floor":1.0},{"not_picked":["Bloodbath","Wellcheers"],"picked":"BeautyBeast","floor":6.0},{"not_picked":["Lockon","Barrage","Undo"],"picked":"SKIP","floor":6.0},{"not_picked":["RedShoes","NothingThere"],"picked":"UniverseFragment","floor":7.0},{"not_picked":["Leap","Compile Driver","Recycle"],"picked":"SKIP","floor":7.0},{"not_picked":["Double Energy","Sweeping Beam"],"picked":"Sunder","floor":8},{"not_picked":["Alriune","FairyFestival"],"picked":"Murderer","floor":8},{"not_picked":["SpiderBud","Wellcheers"],"picked":"OldLady","floor":10},{"not_picked":["Go for the Eyes","Steam","Steam Power"],"picked":"SKIP","floor":10},{"not_picked":["Stack","Turbo"],"picked":"Meteor Strike","floor":11},{"not_picked":["LaLuna","SnowQueen"],"picked":"Woodsman","floor":11},{"not_picked":["Hologram","Barrage"],"picked":"Sunder","floor":13},{"not_picked":["Bloodbath","PunishingBird"],"picked":"ShyLook","floor":13},{"not_picked":["Turbo","Go for the Eyes"],"picked":"Coolheaded","floor":14}],"player_experience":2473607,"relics_obtained":[{"floor":8,"key":"Bottled Lightning"},{"floor":11,"key":"Eternal Feather"},{"floor":13,"key":"Bronze Scales"}],"event_choices":[{"damage_healed":0.0,"max_hp_gain":0.0,"max_hp_loss":0.0,"gold_gain":0.0,"cards_transformed":["Strike_B"],"event_name":"Living Wall","player_choice":"Change","floor":2.0,"gold_loss":0.0,"damage_taken":0.0,"cards_obtained":["Chill"]},{"damage_healed":0.0,"max_hp_gain":0.0,"max_hp_loss":0.0,"gold_gain":0.0,"event_name":"Big Fish","player_choice":"Box","floor":3.0,"gold_loss":0.0,"damage_taken":0.0,"relics_obtained":["Oddly Smooth Stone"],"cards_obtained":["Regret"]},{"cards_removed":["Regret"],"damage_healed":0.0,"max_hp_gain":0.0,"max_hp_loss":0.0,"gold_gain":0.0,"event_name":"The Cleric","player_choice":"Card Removal","floor":4.0,"gold_loss":75.0,"damage_taken":0.0}],"is_beta":false,"boss_relics":[],"items_purged_floors":[],"is_endless":false,"potions_floor_spawned":[6,8,11,13],"killed_by":"Slime Boss","ascension_level":20}}