{"host":"c83fcgyuu74iknko","time":1614290745,"event":{"mods":["BaseMod","BetterRewards","Colored Map","Colored Powertips","Minty Spire (QoL Compilation)","Quick Restart","StSLib","The Animator","The Senshi"],"gold_per_floor":[113,63,27,27,40,71,71,88,88,88,88,88,88,106,106,207,207,220,233,133,232,232,261,277,277,302,315,325,124,124,124,124,223,223,237,237,248,262,112,112,145,165,235,235,253,253,264,277,277,277,277,277,11,39,39],"floor_reached":56,"language":"ENG","playtime":3261,"items_purged":["Strike_P","Defend_P","Strike_P","Defend_P","Defend_P"],"score":1472,"play_id":"710af3f7-eb24-44d3-8668-a71c9ac5807f","local_time":"20210225140545","is_ascension_mode":false,"campfire_choices":[{"floor":7,"key":"DIG"},{"floor":10,"key":"DIG"},{"floor":11,"key":"DIG"},{"floor":12,"key":"DIG"},{"floor":13,"key":"DIG"},{"floor":15,"key":"DIG"},{"floor":25,"key":"DIG"},{"floor":30,"key":"DIG"},{"floor":32,"key":"DIG"},{"floor":40,"key":"DIG"},{"floor":44,"key":"RECALL"},{"floor":46,"key":"DIG"},{"floor":49,"key":"DIG"},{"floor":52,"key":"DIG"}],"circlet_count":0,"master_deck":["Eruption","Vigilance","SignatureMove","Wallop","Wireheading","Evaluate","Protect","LikeWater","DevaForm","WindmillStrike+1","WheelKick+1","Blind","Discovery+1","FearNoEvil+1","Vengeance","Wallop+1","WindmillStrike+1","Brilliance+1","Scrawl","Devotion","WindmillStrike+1","Parasite","Sanctity","Prostrate+1","Swivel+1","Perseverance"],"relics":["HolyWater","Shovel","Molten Egg 2","WingedGreaves","MealTicket","Kunai","Bag of Marbles","Ice Cream","Dream Catcher","Anchor","Toy Ornithopter","Potion Belt","Tiny Chest","Incense Burner","Fusion Hammer","Thread and Needle","theSenshi:SuperSailorFukuRelic","The Courier","Blood Vial","White Beast Statue","ClockworkSouvenir","Ginger"],"acts_visited":["Exordium","TheCity","TheBeyond","TheEnding"],"potions_floor_usage":[23,24,24,28,42,50,50,55,55],"damage_taken":[{"damage":0,"enemies":"Small Slimes","floor":1,"turns":2},{"damage":0,"enemies":"2 Louse","floor":5,"turns":4},{"damage":26,"enemies":"Lagavulin","floor":6,"turns":11},{"damage":1,"enemies":"Cultist","floor":8,"turns":3},{"damage":1,"enemies":"3 Louse","floor":14,"turns":5},{"damage":39,"enemies":"Slime Boss","floor":16,"turns":10},{"damage":10,"enemies":"Shell Parasite","floor":18,"turns":5},{"damage":9,"enemies":"Spheric Guardian","floor":19,"turns":6},{"damage":44,"enemies":"Slavers","floor":23,"turns":5},{"damage":0,"enemies":"Shelled Parasite and Fungi","floor":24,"turns":2},{"damage":0,"enemies":"Snecko","floor":27,"turns":5},{"damage":0,"enemies":"Centurion and Healer","floor":28,"turns":5},{"damage":29,"enemies":"Collector","floor":33,"turns":8},{"damage":4,"enemies":"Orb Walker","floor":35,"turns":4},{"damage":0,"enemies":"3 Shapes","floor":37,"turns":6},{"damage":0,"enemies":"Writhing Mass","floor":38,"turns":6},{"damage":12,"enemies":"Nemesis","floor":41,"turns":5},{"damage":0,"enemies":"Sphere and 2 Shapes","floor":42,"turns":6},{"damage":0,"enemies":"Maw","floor":45,"turns":7},{"damage":23,"enemies":"4 Shapes","floor":47,"turns":8},{"damage":7,"enemies":"Jaw Worm Horde","floor":48,"turns":3},{"damage":0,"enemies":"Time Eater","floor":50,"turns":10},{"damage":33,"enemies":"Shield and Spear","floor":54,"turns":5},{"damage":85,"enemies":"The Heart","floor":55,"turns":9}],"seed_played":"-2743286859021408272","potions_obtained":[{"floor":6,"key":"GamblersBrew"},{"floor":14,"key":"CultistPotion"},{"floor":18,"key":"Ambrosia"},{"floor":24,"key":"Fruit Juice"},{"floor":37,"key":"StancePotion"},{"floor":41,"key":"FairyPotion"},{"floor":45,"key":"FearPotion"},{"floor":47,"key":"Dexterity Potion"},{"floor":48,"key":"Weak Potion"},{"floor":54,"key":"CultistPotion"}],"is_trial":false,"path_per_floor":["M","?","$","?","M","E","R","M","T","R","R","R","R","M","R","B",null,"M","M","$","?","?","E","M","R","T","M","M","$","R","?","R","B",null,"M","?","M","M","$","R","E","M","T","R","M","R","M","M","R","B",null,"R","$","E","B",null],"character_chosen":"WATCHER","items_purchased":["SignatureMove","Wireheading","WindmillStrike+1","ClockworkSouvenir"],"campfire_rested":0,"item_purchase_floors":[0,3,29,53],"current_hp_per_floor":[66,66,66,72,72,46,46,45,45,45,45,45,45,44,44,5,72,62,53,68,68,49,5,10,10,10,10,15,30,30,30,30,1,77,73,73,73,73,77,77,65,70,70,70,70,70,47,40,40,52,77,77,77,44,23],"gold":39,"neow_bonus":"","is_daily":false,"chose_seed":false,"campfire_upgraded":0,"win_rate":0.0,"timestamp":1614290745,"path_taken":["M","?","$","?","M","E","R","?","T","R","R","R","R","M","R","BOSS","M","M","$","?","?","E","M","R","T","M","?","$","R","?","R","BOSS","M","?","M","M","$","R","E","M","T","R","M","R","M","?","R","BOSS","R","$","E","BOSS"],"items_purchased_type":["Card","Card","Card","Relic"],"build_version":"2020-12-22","purchased_purges":5,"victory":true,"max_hp_per_floor":[72,72,72,72,72,72,72,72,72,72,72,72,72,72,72,72,72,72,72,72,72,72,72,77,77,77,77,77,77,77,77,77,77,77,77,77,77,77,77,77,77,77,77,77,77,77,77,77,77,77,77,77,77,77,77],"card_choices":[{"not_picked":["JustLucky","CutThroughFate"],"picked":"Wallop","floor":1},{"not_picked":["MentalFortress","FollowUp"],"picked":"Evaluate","floor":5},{"not_picked":["Evaluate","EmptyFist"],"picked":"Protect","floor":6},{"not_picked":["ClearTheMind","Evaluate","Meditate"],"picked":"SKIP","floor":8},{"not_picked":["Protect","ClearTheMind"],"picked":"LikeWater","floor":14},{"not_picked":["Scrawl","SpiritShield"],"picked":"DevaForm","floor":16},{"not_picked":["ClearTheMind","Consecrate+1"],"picked":"WindmillStrike+1","floor":18},{"not_picked":["Pray","Protect+1"],"picked":"WheelKick+1","floor":19},{"not_picked":["Worship","SashWhip+1"],"picked":"FearNoEvil+1","floor":23},{"not_picked":["SashWhip+1","BowlingBash+1"],"picked":"Vengeance","floor":24},{"not_picked":["EmptyFist+1","CrushJoints+1","FlurryOfBlows+1"],"picked":"SKIP","floor":27},{"not_picked":["FollowUp+1","SignatureMove+1"],"picked":"Wallop+1","floor":28},{"not_picked":["LessonLearned+1","DeusExMachina"],"picked":"Devotion","floor":33},{"not_picked":["Consecrate+1","EmptyBody+1","EmptyFist+1"],"picked":"SKIP","floor":35},{"not_picked":["SashWhip+1","BowlingBash+1"],"picked":"WindmillStrike+1","floor":37},{"not_picked":["Crescendo","Consecrate+1","ThirdEye"],"picked":"SKIP","floor":38},{"not_picked":["Indignation","FearNoEvil+1","ClearTheMind+1"],"picked":"SKIP","floor":41},{"not_picked":["MasterReality","CutThroughFate+1"],"picked":"Sanctity","floor":42},{"not_picked":["JustLucky+1","EmptyBody+1","Conclude+1"],"picked":"SKIP","floor":45},{"not_picked":["ThirdEye+1","PathToVictory+1"],"picked":"Prostrate+1","floor":47},{"not_picked":["BowlingBash+1","SpiritShield"],"picked":"Swivel+1","floor":48},{"not_picked":["SashWhip+1","Protect"],"picked":"Perseverance","floor":54}],"player_experience":274707,"relics_obtained":[{"floor":6,"key":"Shovel"},{"floor":7,"key":"Molten Egg 2"},{"floor":9,"key":"WingedGreaves"},{"floor":10,"key":"MealTicket"},{"floor":11,"key":"Kunai"},{"floor":12,"key":"Bag of Marbles"},{"floor":13,"key":"Ice Cream"},{"floor":15,"key":"Dream Catcher"},{"floor":23,"key":"Anchor"},{"floor":25,"key":"Toy Ornithopter"},{"floor":26,"key":"Potion Belt"},{"floor":30,"key":"Tiny Chest"},{"floor":32,"key":"Incense Burner"},{"floor":40,"key":"Thread and Needle"},{"floor":41,"key":"theSenshi:SuperSailorFukuRelic"},{"floor":46,"key":"The Courier"},{"floor":49,"key":"Blood Vial"},{"floor":52,"key":"White Beast Statue"},{"floor":54,"key":"Ginger"}],"event_choices":[{"cards_removed":["Strike_P"],"damage_healed":0,"gold_gain":0,"player_choice":"Card Removal","damage_taken":0,"max_hp_gain":0,"max_hp_loss":0,"event_name":"The Cleric","floor":2,"gold_loss":50},{"damage_healed":6,"gold_gain":0,"player_choice":"Full Heal","damage_taken":0,"max_hp_gain":0,"max_hp_loss":0,"event_name":"Wheel of Change","floor":4,"gold_loss":0},{"damage_healed":0,"gold_gain":99,"player_choice":"Stole From Cult","damage_taken":0,"max_hp_gain":0,"max_hp_loss":0,"event_name":"Nest","floor":21,"gold_loss":0},{"damage_healed":0,"gold_gain":0,"player_choice":"CARD CARD ","damage_taken":19,"max_hp_gain":0,"max_hp_loss":0,"event_name":"Knowing Skull","floor":22,"potions_obtained":[],"gold_loss":0,"cards_obtained":["Blind","Discovery"]},{"damage_healed":0,"gold_gain":0,"cards_transformed":["Strike_P","Defend_P"],"player_choice":"Became Test Subject","damage_taken":0,"max_hp_gain":0,"max_hp_loss":0,"event_name":"Drug Dealer","floor":31,"gold_loss":0,"cards_obtained":["Brilliance","Scrawl"]},{"damage_healed":0,"gold_gain":0,"player_choice":"Forge","damage_taken":0,"max_hp_gain":0,"max_hp_loss":0,"event_name":"Accursed Blacksmith","floor":36,"gold_loss":0,"cards_upgraded":["Discovery"]}],"is_beta":false,"boss_relics":[{"not_picked":["Black Star","Cursed Key"],"picked":"HolyWater"},{"not_picked":["Sozu","Tiny House"],"picked":"Fusion Hammer"}],"items_purged_floors":[0,20,29,39,53],"is_endless":false,"potions_floor_spawned":[6,14,18,19,24,37,41,45,47,48,54],"ascension_level":0}}