{"host":"5s7sm4h73jkd9266","time":1614174914,"event":{"mods":["AchievementEnabler","Bartender","BaseMod","Better Vampires","BetterRewards","Colored Map","Colored Powertips","Conspire","Downfall","Energized Spire","Hermit","Hubris","Magitek Elite","Minty Spire (QoL Compilation)","Potion Indicator Mod","Rare Cards Sparkle","Shop Mod","StSLib","The Blue Laboratory","The Necromancer","The Witch","Virulent Crown","everything is the same but u backflip on backflip","slay the spire mod where everything is the same but ironclad has a cowboy hat"],"gold_per_floor":[111,111,125,125,138,138,157,157,157,157,169,169,169,289,289,384,384,507,520,520,545,644,644,778,27,76,76,96,120,134,158,158,251,251,266,285,285,306,13,13,346,373,373,386,8,8,35,54,54,54],"floor_reached":51,"language":"ENG","playtime":2803,"items_purged":[],"score":1800,"play_id":"9a4d27c4-c700-42cc-ac12-13608aaa7747","local_time":"20210224085514","is_ascension_mode":true,"campfire_choices":[{"data":"Neutralize","floor":6.0,"key":"SMITH"},{"data":"Neutralize+1","floor":8.0,"key":"SMITH"},{"floor":15.0,"key":"REST"},{"floor":23.0,"key":"REST"},{"floor":32.0,"key":"REST"},{"floor":40.0,"key":"REST"},{"floor":46.0,"key":"REST"},{"floor":49.0,"key":"REST"}],"circlet_count":0,"master_deck":["AscendersBane","Strike_G","Strike_G","Strike_G","Strike_G","Strike_G","Defend_G","Defend_G","Defend_G","Defend_G","Defend_G","Survivor","Neutralize+2","Crippling Poison","Footwork","Dodge and Roll","Bane","Flying Knee","Flying Knee","Slice","Poisoned Stab","Bullet Time","Backflip","Corpse Explosion","Footwork","Dagger Spray","PiercingWail","Deflect","hubris:Counter","Magnetism","Mind Blast","Setup","PiercingWail","Sucker Punch","AscendersBane","Strike_G","Strike_G","Strike_G","Strike_G","Strike_G","Defend_G","Defend_G","Defend_G","Defend_G","Defend_G","Survivor","Neutralize+2","Crippling Poison","Footwork","Dodge and Roll","Bane","Flying Knee","Flying Knee","Slice","Poisoned Stab","Bullet Time","Backflip","Corpse Explosion","Footwork","Dagger Spray","PiercingWail","Deflect","hubris:Counter","Magnetism","Mind Blast","Setup","PiercingWail","Sucker Punch","Outmaneuver","Deflect","Slice","hubris:SlightOfHand","Poisoned Stab","Flying Knee+1","Riddle With Holes","Infinite Blades","Caltrops","Envenom","Sucker Punch","Bouncing Flask+1","Quick Slash+1","Quick Slash","Bane","Backflip+1","Apotheosis","Terror","Dagger Throw","Underhanded Strike","Quick Slash","Leg Sweep","Noxious Fumes","Catalyst","Dash","Dagger Throw","Noxious Fumes","Malaise","Deadly Poison","Backstab","Deadly Poison"],"relics":["Ring of the Snake","Potion Belt","Lizard Tail","hubris:Icosahedron","conspire:InfiniteJournal","Dream Catcher","WarpedTongs","Prayer Wheel","Toy Ornithopter","Pen Nib","hubris:BlackHole","Tintinnabulum","Eternal Feather","TwistedFunnel","Singing Bowl"],"acts_visited":["Exordium","TheCity","TheBeyond"],"potions_floor_usage":[50,50,50],"damage_taken":[{"damage":5.0,"enemies":"conspire:RoseBush","floor":1.0,"turns":4.0},{"damage":0.0,"enemies":"Small Slimes","floor":3.0,"turns":5.0},{"damage":4.0,"enemies":"Jaw Worm","floor":5.0,"turns":5.0},{"damage":0.0,"enemies":"Exordium Wildlife","floor":7.0,"turns":3.0},{"damage":5.0,"enemies":"Lots of Slimes","floor":11.0,"turns":3.0},{"damage":6.0,"enemies":"3 Louse","floor":14.0,"turns":3.0},{"damage":9.0,"enemies":"The Guardian","floor":16.0,"turns":12.0},{"damage":31.0,"enemies":"Chosen","floor":18.0,"turns":5.0},{"damage":23.0,"enemies":"Shell Parasite","floor":19.0,"turns":6.0},{"damage":20.0,"enemies":"Centurion and Healer","floor":21.0,"turns":6.0},{"damage":54.0,"enemies":"conspire:SneckoGhost","floor":24.0,"turns":13.0},{"damage":3.0,"enemies":"Cultist and Chosen","floor":28.0,"turns":5.0},{"damage":0.0,"enemies":"Snecko","floor":29.0,"turns":1.0},{"damage":29.0,"enemies":"Centurion and Healer","floor":30.0,"turns":6.0},{"damage":0.0,"enemies":"Snake Plant","floor":31.0,"turns":1.0},{"damage":14.0,"enemies":"hubris:MusketHawk","floor":33.0,"turns":4.0},{"damage":0.0,"enemies":"3 Darklings","floor":35.0,"turns":1.0},{"damage":0.0,"enemies":"Orb Walker","floor":36.0,"turns":1.0},{"damage":77.0,"enemies":"Transient","floor":38.0,"turns":5.0},{"damage":1.0,"enemies":"Jaw Worm Horde","floor":44.0,"turns":2.0},{"damage":0.0,"enemies":"Reptomancer","floor":47.0,"turns":1.0},{"damage":0.0,"enemies":"Maw","floor":48.0,"turns":4.0},{"damage":70,"enemies":"Time Eater","floor":50,"turns":10}],"seed_played":"6840082946288396583","potions_obtained":[{"floor":1.0,"key":"champ:CounterPotion"},{"floor":7.0,"key":"EssenceOfSteel"},{"floor":14.0,"key":"blueLaboratory:RememoryPotion"},{"floor":18.0,"key":"hexamod:SoulburnPotion"},{"floor":24.0,"key":"Block Potion"},{"floor":33.0,"key":"ColorlessPotion"},{"floor":47.0,"key":"blueLaboratory:TrueEctoplasm"},{"floor":48.0,"key":"Weak Potion"}],"is_trial":false,"path_per_floor":["M","?","M","?","M","R","M","R","T","?","M","?","?","M","R","B",null,"M","M","?","M","?","R","E","$","T","?","M","M","M","M","R","B",null,"M","M","?","M","$","R","?","T","T","M","$","R","E","M","R","B",null],"character_chosen":"THE_SILENT","items_purchased":["Potion Belt","Lizard Tail","Crippling Poison","Footwork","Dodge and Roll","Toy Ornithopter","hexamod:SoulburnPotion","DuplicationPotion","blueLaboratory:BottledHope","Magnetism","Mind Blast","Setup","PiercingWail","Sucker Punch","Apotheosis","Terror","Dagger Throw","Noxious Fumes","Catalyst","TwistedFunnel","Dash","Dagger Throw"],"campfire_rested":6,"item_purchase_floors":[0,0,0,0,0,25,25,25,25,25,25,25,25,25,39,39,39,45,45,45,45,45],"current_hp_per_floor":[35,35,35,35,31,31,31,31,31,31,26,26,26,20,39,30,57,26,43,43,46,46,65,11,11,11,11,63,63,34,34,53,52,63,66,66,66,33,33,52,52,52,53,53,54,66,66,66,66,6],"gold":54,"neow_bonus":"","is_daily":false,"chose_seed":false,"campfire_upgraded":2,"win_rate":0.0,"timestamp":1614174914,"path_taken":["M","?","M","?","M","R","?","R","T","?","?","?","?","M","R","BOSS","M","?","?","M","?","R","E","$","T","?","M","?","M","M","R","BOSS","M","M","?","M","$","R","?","?","T","?","$","R","E","M","R","BOSS"],"items_purchased_type":["Relic","Relic","Card","Card","Card","Relic","Potion","Potion","Potion","Card","Card","Card","Card","Card","Card","Card","Card","Card","Card","Relic","Card","Card"],"build_version":"2020-12-22","purchased_purges":0,"victory":true,"max_hp_per_floor":[66,66,66,66,66,66,66,66,66,66,66,66,66,66,66,66,66,66,66,66,66,66,66,66,66,66,66,66,66,66,66,66,66,66,66,66,66,66,66,66,66,66,66,66,66,66,66,66,66,66],"card_choices":[{"not_picked":["hubris:SlightOfHand","Dagger Throw"],"picked":"Bane","floor":1.0},{"not_picked":["Finisher","Deadly Poison"],"picked":"Flying Knee","floor":3.0},{"not_picked":["Quick Slash","Escape Plan"],"picked":"Flying Knee","floor":5.0},{"not_picked":["conspire:PoisonWeapons","Underhanded Strike"],"picked":"Slice","floor":7.0},{"not_picked":["Dagger Spray","Acrobatics"],"picked":"Poisoned Stab","floor":11.0},{"not_picked":["Prepared","Outmaneuver"],"picked":"Bullet Time","floor":14.0},{"not_picked":["Flying Knee","Catalyst"],"picked":"Backflip","floor":15.0},{"not_picked":["Night Terror","Glass Knife"],"picked":"Corpse Explosion","floor":16.0},{"not_picked":["Acrobatics","Infinite Blades+1"],"picked":"Footwork","floor":18.0},{"not_picked":["Tactician","Concentrate"],"picked":"Dagger Spray","floor":19.0},{"not_picked":["Footwork","Deflect"],"picked":"PiercingWail","floor":21.0},{"not_picked":["hubris:SlightOfHand","Blade Dance"],"picked":"Deflect","floor":23.0},{"not_picked":["Unload","Heel Hook"],"picked":"hubris:Counter","floor":24.0},{"not_picked":["Bouncing Flask","Acrobatics"],"picked":"Outmaneuver","floor":28.0},{"not_picked":["Dagger Spray","Backflip"],"picked":"Deflect","floor":28.0},{"not_picked":["Wraith Form v2","hubris:SlightOfHand"],"picked":"Slice","floor":29.0},{"not_picked":["Dagger Spray","Cloak And Dagger"],"picked":"hubris:SlightOfHand","floor":29.0},{"not_picked":["Adrenaline","Tactician"],"picked":"Poisoned Stab","floor":30.0},{"not_picked":["Bane","Cloak And Dagger"],"picked":"Flying Knee+1","floor":30.0},{"not_picked":["Blur","Reflex"],"picked":"Riddle With Holes","floor":31.0},{"not_picked":["Blade Dance","Choke"],"picked":"Infinite Blades","floor":31.0},{"not_picked":["Acrobatics","Cloak And Dagger"],"picked":"Caltrops","floor":32.0},{"not_picked":["Grand Finale","Wraith Form v2"],"picked":"Envenom","floor":33.0},{"not_picked":["Dodge and Roll","Flying Knee"],"picked":"Sucker Punch","floor":35.0},{"not_picked":["Corpse Explosion","Bane"],"picked":"Bouncing Flask+1","floor":35.0},{"not_picked":["hubris:Sniper+1","Dagger Throw"],"picked":"Quick Slash+1","floor":36.0},{"not_picked":["Slice","Flying Knee"],"picked":"Quick Slash","floor":36.0},{"not_picked":["Acrobatics","Flechettes"],"picked":"Bane","floor":38.0},{"not_picked":["Slice","Acrobatics+1"],"picked":"Backflip+1","floor":38.0},{"not_picked":["Grand Finale","hubris:SlightOfHand"],"picked":"Underhanded Strike","floor":40.0},{"not_picked":["Blade Dance","Underhanded Strike+1"],"picked":"Quick Slash","floor":44.0},{"not_picked":["PiercingWail","Concentrate"],"picked":"Leg Sweep","floor":44.0},{"not_picked":["Bane","Concentrate+1"],"picked":"Noxious Fumes","floor":46.0},{"not_picked":["Dagger Spray","Flying Knee"],"picked":"Malaise","floor":47.0},{"not_picked":["Calculated Gamble","Sucker Punch"],"picked":"Deadly Poison","floor":48.0},{"not_picked":["Acrobatics+1","Dodge and Roll+1"],"picked":"Backstab","floor":48.0},{"not_picked":["Dodge and Roll","Underhanded Strike"],"picked":"Deadly Poison","floor":49.0}],"player_experience":5555355,"relics_obtained":[{"floor":9.0,"key":"Dream Catcher"},{"floor":24.0,"key":"Prayer Wheel"},{"floor":26.0,"key":"Pen Nib"},{"floor":42.0,"key":"Tintinnabulum"},{"floor":43.0,"key":"Eternal Feather"},{"floor":47.0,"key":"Singing Bowl"}],"event_choices":[{"damage_healed":0.0,"max_hp_gain":0.0,"max_hp_loss":0.0,"gold_gain":0.0,"event_name":"WeMeetAgain","player_choice":"Gave Potion","floor":4.0,"gold_loss":0.0,"damage_taken":0.0,"relics_obtained":["conspire:InfiniteJournal"]},{"damage_healed":0.0,"max_hp_gain":0.0,"max_hp_loss":0.0,"gold_gain":0.0,"event_name":"Accursed Blacksmith","player_choice":"Rummage","floor":10.0,"gold_loss":0.0,"damage_taken":0.0,"relics_obtained":["WarpedTongs"],"cards_obtained":["Pain"]},{"damage_healed":0.0,"max_hp_gain":0.0,"max_hp_loss":0.0,"gold_gain":0.0,"event_name":"Golden Idol","player_choice":"Take Wound","floor":12.0,"gold_loss":0.0,"damage_taken":0.0,"relics_obtained":["Golden Idol"],"cards_obtained":["Injury"]},{"cards_removed":["Injury","Pain"],"damage_healed":0.0,"max_hp_gain":0.0,"max_hp_loss":0.0,"gold_gain":0.0,"event_name":"Fountain of Cleansing","player_choice":"Removed Curses","floor":13.0,"gold_loss":0.0,"damage_taken":0.0},{"damage_healed":0.0,"max_hp_gain":0.0,"max_hp_loss":0.0,"gold_gain":99.0,"event_name":"Nest","player_choice":"Stole From Cult","floor":22.0,"gold_loss":0.0,"damage_taken":0.0},{"damage_healed":0.0,"max_hp_gain":0.0,"max_hp_loss":0.0,"gold_gain":0.0,"event_name":"Tomb of Lord Red Mask","player_choice":"Ignored","floor":37.0,"gold_loss":0.0,"damage_taken":0.0},{"damage_healed":0.0,"max_hp_gain":0.0,"max_hp_loss":0.0,"gold_gain":333.0,"event_name":"The Moai Head","player_choice":"Gave Idol","floor":41.0,"relics_lost":["Golden Idol"],"gold_loss":0.0,"damage_taken":0.0}],"is_beta":false,"boss_relics":[{"not_picked":["Runic Dome","Ectoplasm","hubris:GrandSneckoEye"]},{"not_picked":["hubris:TerracottaHorce","hubris:VirtuousBlindfold"],"picked":"hubris:BlackHole"}],"items_purged_floors":[],"is_endless":false,"potions_floor_spawned":[1,7,14,18,24,33,47,48],"ascension_level":14}}