{"host":"emqr263yqun247y7","time":1614286362,"event":{"mods":["Aspiration","BaseMod","Bestiary","BetterRewards","Colored Map","Curses Come First","Downfall","Hubris","Infinite Spire","Jorbs\u0027s Wanderer Trilogy","Marisa????????","Minty Spire (QoL Compilation)","READ ME - Guardian Mod","Replay The Spire","Robot Space Explorer","Spire Arcade","StSLib","The Bug Knight","The Cursed","The Disciple","The Hierophant","The Runesmith","The Servant 0.9.4","Yuri Mod","slay the spire mod where everything is the same but ironclad has a cowboy hat"],"gold_per_floor":[116,131,148,161,179,210,210,245,245,265,265,283,300,300,300,395,395,415,415,427,446,446,474,474,500,571,583,583,595,629,629,629],"floor_reached":31,"language":"ENG","playtime":3624,"items_purged":["stsjorbsmod:Strike_Wanderer"],"score":386,"play_id":"9c0e06b1-7304-40d7-a8d8-6758529ceddb","local_time":"20210225125242","is_ascension_mode":false,"campfire_choices":[{"data":"1","floor":7.0,"key":"LIFT"},{"data":"2","floor":11.0,"key":"LIFT"},{"floor":15.0,"key":"REST"},{"floor":24,"key":"REST"},{"data":"3","floor":28,"key":"LIFT"}],"circlet_count":0,"master_deck":["stsjorbsmod:ForbiddenGrimoire+1","stsjorbsmod:Strike_Wanderer","stsjorbsmod:Strike_Wanderer","stsjorbsmod:Strike_Wanderer","stsjorbsmod:Defend_Wanderer","stsjorbsmod:Defend_Wanderer","stsjorbsmod:Defend_Wanderer","stsjorbsmod:Defend_Wanderer","stsjorbsmod:FreshAdventure","stsjorbsmod:EyeOfTheStorm","stsjorbsmod:ArcaneWeapon","stsjorbsmod:TrueStrike","stsjorbsmod:Materialize","stsjorbsmod:Prepare","stsjorbsmod:Entangle","stsjorbsmod:RayOfFrost","stsjorbsmod:Introspection","stsjorbsmod:Rest","stsjorbsmod:FracturedMind+1","stsjorbsmod:WeightOfMemory+1","Injury","stsjorbsmod:Withdraw+1","stsjorbsmod:BlackTentacles+1","stsjorbsmod:ChatteringStrike+1","stsjorbsmod:WanderingMind+1","stsjorbsmod:Banish+1","stsjorbsmod:MagicMirror","stsjorbsmod:DoubleCheck+1","stsjorbsmod:FaerieFire+1","stsjorbsmod:Channel+1"],"relics":["stsjorbsmod:GrimoireRelic","Girya","Molten Egg 2","hubris:Potato","Toxic Egg 2","bronze:MakeshiftBattery","OrangePellets","aspiration:SecretTechniqueScroll","aspiration:Stabinomicon","Pen Nib","hubris:DisguiseKit","aspiration:SeaSaltIceCream","Mango","Matryoshka"],"acts_visited":["Exordium","TheCity"],"potions_floor_usage":[18,29],"damage_taken":[{"damage":1.0,"enemies":"Cultist","floor":1.0,"turns":4.0},{"damage":0.0,"enemies":"Small Slimes","floor":2.0,"turns":5.0},{"damage":6.0,"enemies":"Jaw Worm","floor":3.0,"turns":3.0},{"damage":0.0,"enemies":"3 Louse","floor":4.0,"turns":4.0},{"damage":5.0,"enemies":"Looter","floor":5.0,"turns":3.0},{"damage":6.0,"enemies":"HollowMod:MossKnight","floor":6.0,"turns":7.0},{"damage":23.0,"enemies":"Replay:BlueRogue","floor":8.0,"turns":5.0},{"damage":3.0,"enemies":"Large Slime","floor":10.0,"turns":4.0},{"damage":0.0,"enemies":"Blue Slaver","floor":12.0,"turns":4.0},{"damage":19.0,"enemies":"Gremlin Gang","floor":13.0,"turns":5.0},{"damage":24.0,"enemies":"Slime Boss","floor":16.0,"turns":8.0},{"damage":15,"enemies":"2 Thieves","floor":18,"turns":3},{"damage":0,"enemies":"Spheric Guardian","floor":20,"turns":1},{"damage":10,"enemies":"Snecko","floor":21,"turns":4},{"damage":33,"enemies":"Slavers","floor":23,"turns":4},{"damage":0,"enemies":"Replay:Snechameleon","floor":25,"turns":4},{"damage":0,"enemies":"Centurion and Healer","floor":27,"turns":3},{"damage":8,"enemies":"Shelled Parasite and Fungi","floor":29,"turns":5},{"damage":41,"enemies":"Slavers","floor":30,"turns":5},{"damage":13,"enemies":"Chosen and Byrds","floor":31,"turns":4}],"seed_played":"5035677064775808686","potions_obtained":[{"floor":2.0,"key":"DuplicationPotion"},{"floor":3.0,"key":"ColorlessPotion"},{"floor":6.0,"key":"Milkshake"},{"floor":8.0,"key":"EntropicBrew"},{"floor":10.0,"key":"Ancient Potion"},{"floor":16.0,"key":"hexamod:SoulburnPotion"},{"floor":21,"key":"Strength Potion"},{"floor":23,"key":"AttackPotion"},{"floor":29,"key":"Energy Potion"}],"is_trial":false,"path_per_floor":["M","M","M","M","M","E","R","E","T","M","R","M","M","?","R","B",null,"M","AVR","M","M","?","E","R","E","T","M","R","M","E","M"],"character_chosen":"WANDERER","items_purchased":[],"campfire_rested":2,"item_purchase_floors":[],"current_hp_per_floor":[76,76,73,74,69,63,63,42,42,40,40,41,23,23,46,22,78,64,64,64,57,41,9,33,34,48,49,49,43,3,0,0],"gold":629,"neow_bonus":"TEN_PERCENT_HP_BONUS","is_daily":false,"chose_seed":false,"campfire_upgraded":0,"win_rate":0.0,"timestamp":1614286362,"path_taken":["M","M","?","M","M","E","R","E","T","M","R","M","?","?","R","BOSS","M","AVR","M","M","?","E","R","E","T","M","R","M","E","M"],"items_purchased_type":[],"build_version":"2020-12-22","purchased_purges":1,"victory":false,"max_hp_per_floor":[76,76,78,78,78,78,78,78,78,78,78,78,78,78,78,78,78,78,78,78,80,80,80,80,80,94,94,94,94,94,94,94],"card_choices":[{"not_picked":["stsjorbsmod:Index","stsjorbsmod:ParryingBlow"],"picked":"stsjorbsmod:ArcaneWeapon","floor":1.0},{"not_picked":["stsjorbsmod:MagicMirror","stsjorbsmod:WeightOfMemory"],"picked":"stsjorbsmod:TrueStrike","floor":2.0},{"not_picked":["stsjorbsmod:ParryingBlow","stsjorbsmod:BlackTentacles"],"picked":"stsjorbsmod:Materialize","floor":3.0},{"not_picked":["stsjorbsmod:TinyHut","stsjorbsmod:Hibernate"],"picked":"stsjorbsmod:Prepare","floor":4.0},{"not_picked":["stsjorbsmod:Hibernate","stsjorbsmod:WeightOfMemory"],"picked":"stsjorbsmod:Entangle","floor":5.0},{"not_picked":["stsjorbsmod:ArcaneWeapon","stsjorbsmod:Hibernate"],"picked":"stsjorbsmod:RayOfFrost","floor":6.0},{"not_picked":["stsjorbsmod:Banish","stsjorbsmod:DisguiseSelf"],"picked":"stsjorbsmod:Introspection","floor":8.0},{"not_picked":["stsjorbsmod:ParryingBlow+1","stsjorbsmod:Will"],"picked":"stsjorbsmod:Rest","floor":10.0},{"not_picked":["stsjorbsmod:Thorns","stsjorbsmod:Hibernate"],"picked":"stsjorbsmod:FracturedMind+1","floor":12.0},{"not_picked":["stsjorbsmod:Hurt+1","stsjorbsmod:Hibernate"],"picked":"stsjorbsmod:WeightOfMemory+1","floor":13.0},{"not_picked":["stsjorbsmod:MirrorImage+1","stsjorbsmod:Feast+1"],"picked":"stsjorbsmod:Withdraw+1","floor":16.0},{"not_picked":["stsjorbsmod:ColorSpray+1","stsjorbsmod:LoseGrip+1"],"picked":"stsjorbsmod:BlackTentacles+1","floor":18},{"not_picked":["stsjorbsmod:WanderingMind+1","stsjorbsmod:RefuseToForget+1"],"picked":"stsjorbsmod:ChatteringStrike+1","floor":20},{"not_picked":["stsjorbsmod:SchoolsOfMagic+1","stsjorbsmod:Message+1"],"picked":"stsjorbsmod:WanderingMind+1","floor":21},{"not_picked":["stsjorbsmod:Hibernate+1","stsjorbsmod:WanderingMind+1"],"picked":"stsjorbsmod:Banish+1","floor":23},{"not_picked":["stsjorbsmod:WanderingMind+1","stsjorbsmod:DisguiseSelf+1"],"picked":"stsjorbsmod:MagicMirror","floor":25},{"not_picked":["stsjorbsmod:ParryingBlow+1","stsjorbsmod:Prepare+1","UnstableBomb"],"picked":"stsjorbsmod:DoubleCheck+1","floor":27},{"not_picked":["stsjorbsmod:Will+1","stsjorbsmod:RayOfFrost+1","JA"],"picked":"stsjorbsmod:FaerieFire+1","floor":29},{"not_picked":["stsjorbsmod:WeightOfMemory+1","stsjorbsmod:Entangle","MeteoricShower"],"picked":"stsjorbsmod:Channel+1","floor":30}],"player_experience":729287,"relics_obtained":[{"floor":6.0,"key":"Girya"},{"floor":8.0,"key":"Molten Egg 2"},{"floor":9.0,"key":"hubris:Potato"},{"floor":22,"key":"aspiration:Stabinomicon"},{"floor":23,"key":"Pen Nib"},{"floor":25,"key":"hubris:DisguiseKit"},{"floor":26,"key":"aspiration:SeaSaltIceCream"},{"floor":30,"key":"Matryoshka"}],"event_choices":[{"damage_healed":0,"gold_gain":0,"player_choice":"Obtained Book","damage_taken":16,"max_hp_gain":0,"max_hp_loss":0,"event_name":"Cursed Tome","floor":22,"gold_loss":0}],"is_beta":false,"boss_relics":[{"not_picked":["Ring of Chaos","Coffee Dripper"],"picked":"bronze:MakeshiftBattery"}],"items_purged_floors":[19],"is_endless":false,"potions_floor_spawned":[2,3,6,8,10,13,16,21,23,29],"killed_by":"Chosen and Byrds","ascension_level":0}}