{"host":"ap8nepptd6icxyz7","time":1614279253,"event":{"mods":["2.2 Compatiblity","AchievementEnabler","BaseMod","Bestiary","Better Altar","Better Match","Better Note","Better Sensory Stone","Better Skull","Better Third Choice","Better Vampires","Challenge The Spire","Colored Map","Colored Powertips","Colorless Booster Pack","Custom Start","Displayed Cursed Tome","Energized Spire","Faster Ascension Climbing","Hermit","Highlight Path","Jorbs\u0027s Wanderer Trilogy","Marked Mod","Mimic Mod","Minty Spire (QoL Compilation)","Permanent Neow","Quick Restart","Random Character Button","Rare Cards Sparkle","Relic Sorter","Relic Stats","Reliquary","SCP261 Mod","SacredBarkPlus","StSLib","Uncapped"],"gold_per_floor":[20,37,51,51,67,97,116,147,147,177,27,27,42,42,42,137,137,156,4,4,104,122,154,154,154,154],"floor_reached":25,"language":"ENG","playtime":1074,"items_purged":["Strike_R"],"score":289,"play_id":"7804fd10-e14b-41c9-be80-32f00b73a81f","local_time":"20210225125413","is_ascension_mode":true,"campfire_choices":[{"floor":15.0,"key":"REST"},{"floor":24,"key":"REST"}],"circlet_count":0,"master_deck":["Strike_R","Defend_R","Defend_R","Defend_R","Bash","Anger+1","Carnage","Inflame","Anger","Double Tap","Demon Form+1","Rage+1","Warcry","Rampage"],"relics":["Burning Blood","reliquary:Vitrine","Bottled Tornado","reliquary:Sod","reliquary:TridentHead","Fusion Hammer","reliquary:Sideboard"],"acts_visited":["Exordium","TheCity"],"potions_floor_usage":[23],"damage_taken":[{"damage":4.0,"enemies":"2 Louse","floor":1.0,"turns":4.0},{"damage":0.0,"enemies":"Cultist","floor":2.0,"turns":4.0},{"damage":9.0,"enemies":"Jaw Worm","floor":3.0,"turns":3.0},{"damage":6.0,"enemies":"Blue Slaver","floor":5.0,"turns":3.0},{"damage":35.0,"enemies":"Lagavulin","floor":6.0,"turns":4.0},{"damage":0.0,"enemies":"2 Fungi Beasts","floor":7.0,"turns":3.0},{"damage":16.0,"enemies":"Gremlin Nob","floor":8.0,"turns":3.0},{"damage":25.0,"enemies":"3 Sentries","floor":10.0,"turns":8.0},{"damage":7.0,"enemies":"Looter","floor":13.0,"turns":3.0},{"damage":45.0,"enemies":"Hexaghost","floor":16.0,"turns":6.0},{"damage":7.0,"enemies":"Chosen","floor":18.0,"turns":3.0},{"damage":19.0,"enemies":"3 Byrds","floor":22.0,"turns":7.0},{"damage":25,"enemies":"Gremlin Leader","floor":23,"turns":6},{"damage":49,"enemies":"Book of Stabbing","floor":25,"turns":4}],"seed_played":"8978106726259168264","potions_obtained":[{"floor":1.0,"key":"DistilledChaos"},{"floor":2.0,"key":"DuplicationPotion"},{"floor":6.0,"key":"SCP261:DewritoBlazePotion"},{"floor":8.0,"key":"SCP261:GirlTearsPotion"},{"floor":11.0,"key":"SCP261:BostonMolassesPotion"},{"floor":11.0,"key":"EssenceOfSteel"},{"floor":13.0,"key":"LiquidBronze"},{"floor":16.0,"key":"PowerPotion"}],"is_trial":false,"path_per_floor":["M","M","M","?","M","E","M","E","T","E","?","?","M","?","R","B",null,"M","$","?","?","M","E","R","E"],"character_chosen":"IRONCLAD","items_purchased":["DuplicationPotion"],"campfire_rested":2,"item_purchase_floors":[19],"current_hp_per_floor":[80,80,77,77,77,48,54,44,44,25,25,25,24,24,48,9,80,79,79,79,79,66,47,71,22,22],"gold":154,"neow_bonus":"REMOVE_TWO","is_daily":false,"chose_seed":false,"campfire_upgraded":0,"win_rate":0.0,"timestamp":1614279253,"path_taken":["M","M","M","?","?","E","M","E","T","E","?","?","M","?","R","BOSS","M","$","?","?","M","E","R","E"],"items_purchased_type":["Potion"],"build_version":"2020-12-22","purchased_purges":1,"victory":false,"max_hp_per_floor":[80,80,80,80,80,80,80,80,80,80,80,80,80,80,80,80,80,80,80,80,80,80,80,80,80,80],"relic_stats":{"counters":[14,61],"obtain_stats":[{"reliquary:Sod":8,"reliquary:TridentHead":10,"reliquary:Sideboard":23,"Fusion Hammer":17,"Bottled Tornado":6,"reliquary:Vitrine":9,"Burning Blood":0},{"reliquary:Sod":7,"reliquary:TridentHead":8,"reliquary:Sideboard":13,"Fusion Hammer":10,"Bottled Tornado":5,"reliquary:Vitrine":7,"Burning Blood":0},{"reliquary:Sod":24,"reliquary:TridentHead":32,"reliquary:Sideboard":57,"Fusion Hammer":41,"Bottled Tornado":18,"reliquary:Vitrine":24,"Burning Blood":0}],"Burning Blood":70},"card_choices":[{"not_picked":["Spot Weakness","Rupture","Entrench"],"picked":"SKIP","floor":1.0},{"not_picked":["Feel No Pain","Anger","Cleave"],"picked":"SKIP","floor":2.0},{"not_picked":["Feel No Pain","Cleave"],"picked":"Anger","floor":2.0},{"not_picked":["Sword Boomerang","Spot Weakness"],"picked":"Carnage","floor":3.0},{"not_picked":["Wild Strike","Perfected Strike"],"picked":"Inflame","floor":5.0},{"not_picked":["Shrug It Off","Fire Breathing","Thunderclap"],"picked":"SKIP","floor":6.0},{"not_picked":["Cleave","Iron Wave"],"picked":"Anger","floor":7.0},{"not_picked":["Power Through","Limit Break","Thunderclap"],"picked":"SKIP","floor":8.0},{"not_picked":["Pommel Strike","Sentinel"],"picked":"Double Tap","floor":10.0},{"not_picked":["Perfected Strike","Flex","Rage"],"picked":"SKIP","floor":13.0},{"not_picked":["Limit Break","Double Tap"],"picked":"Demon Form","floor":16.0},{"not_picked":["Sever Soul","Havoc+1"],"picked":"Rage+1","floor":18.0},{"not_picked":["Thunderclap","Havoc"],"picked":"Warcry","floor":22.0},{"not_picked":["Hemokinesis","Cleave"],"picked":"Rampage","floor":23}],"player_experience":32197,"relics_obtained":[{"floor":6.0,"key":"Bottled Tornado"},{"floor":8.0,"key":"reliquary:Sod"},{"floor":9.0,"key":"reliquary:Vitrine"},{"floor":10.0,"key":"reliquary:TridentHead"},{"floor":23,"key":"reliquary:Sideboard"}],"event_choices":[{"damage_healed":0.0,"max_hp_gain":0.0,"max_hp_loss":0.0,"gold_gain":0.0,"event_name":"Accursed Blacksmith","player_choice":"Forge","floor":4.0,"gold_loss":0.0,"damage_taken":0.0,"cards_upgraded":["Anger"]},{"damage_healed":0.0,"max_hp_gain":0.0,"max_hp_loss":0.0,"gold_gain":0.0,"event_name":"betterThird:BetterSerpent","player_choice":"Ignored","floor":12.0,"gold_loss":0.0,"damage_taken":27.0},{"cards_removed":["Defend_R"],"damage_healed":0.0,"max_hp_gain":0.0,"max_hp_loss":0.0,"gold_gain":0.0,"event_name":"Living Wall","player_choice":"Forget","floor":14.0,"gold_loss":0.0,"damage_taken":0.0},{"damage_healed":0.0,"max_hp_gain":0.0,"max_hp_loss":0.0,"gold_gain":0.0,"event_name":"Upgrade Shrine","player_choice":"Upgraded","floor":20.0,"gold_loss":0.0,"damage_taken":0.0,"cards_upgraded":["Demon Form"]},{"damage_healed":0.0,"max_hp_gain":0.0,"max_hp_loss":0.0,"gold_gain":100.0,"event_name":"Golden Shrine","player_choice":"Pray","floor":21.0,"gold_loss":0.0,"damage_taken":0.0}],"is_beta":false,"boss_relics":[{"not_picked":["energizedSpire:SpiderWeb","reliquary:KinkedSpring"],"picked":"Fusion Hammer"}],"items_purged_floors":[19],"is_endless":false,"potions_floor_spawned":[1,2,6,8,13,16],"killed_by":"Book of Stabbing","ascension_level":4}}