{"host":"uyfpom4rlahfoee4","time":1614286001,"event":{"mods":["BaseMod","Downfall","Minty Spire (QoL Compilation)","StSLib"],"gold_per_floor":[99,112,127,146,158,178,178,198,198,215,215,215,232,34,44,144,194,194,211,222,234,254,154,233,333,333,358,95,95,108,108,108,108],"floor_reached":31,"language":"ENG","playtime":1927,"items_purged":[],"score":278,"play_id":"af7ad075-bdfa-4374-9534-bfe3d44e56dd","local_time":"20210225124641","is_ascension_mode":false,"campfire_choices":[{"data":"champ:Taunt","floor":1,"key":"SMITH"},{"data":"Bandage Up","floor":9,"key":"SMITH"},{"data":"champ:AdrenalArmor","floor":12,"key":"SMITH"},{"floor":18,"key":"RECALL"},{"floor":23,"key":"REST"},{"floor":29,"key":"REST"}],"circlet_count":0,"master_deck":["champ:Strike","champ:Strike","champ:Strike","champ:Strike","champ:Defend","champ:Defend","champ:Defend","champ:Defend+1","champ:Execute","champ:Taunt+1","Bandage Up+1","champ:GutPunch","champ:Shatter","champ:AdrenalArmor+1","champ:BerserkersShout","champ:EndlessRage","champ:HeartStrike","champ:StanceDance","champ:BringItOn","champ:AdrenalArmor","champ:RecklessLeap","champ:EnGarde","champ:VampiricStrike","champ:PerfectedStrike","champ:TripleStrike","champ:Endure+1","champ:CrownThrow","champ:CalledShot","champ:ShieldSigil","champ:SetATrap","champ:BladeFlurry+1","champ:AdrenalArmor","champ:BringItOn","champ:PerfectedStrike+1"],"relics":["champ:ChampionCrown","Mango","Sling","Tiny House","downfall:HeartBlessingRed","Ornamental Fan","champ:BlackKnightHelmet","downfall:RedIOU","Peace Pipe","Oddly Smooth Stone"],"acts_visited":["Exordium","TheCity"],"potions_floor_usage":[16,16,16,25,25,25,28],"damage_taken":[{"damage":10,"enemies":"Cultist","floor":2,"turns":4},{"damage":20,"enemies":"Jaw Worm","floor":3,"turns":4},{"damage":10,"enemies":"Small Slimes","floor":4,"turns":2},{"damage":36,"enemies":"Exordium Wildlife","floor":5,"turns":5},{"damage":44,"enemies":"2 Fungi Beasts","floor":6,"turns":4},{"damage":26,"enemies":"3 Louse","floor":8,"turns":4},{"damage":18,"enemies":"Red Slaver","floor":10,"turns":3},{"damage":35,"enemies":"2 Fungi Beasts","floor":13,"turns":3},{"damage":25,"enemies":"downfall:FleeingMerchant","floor":14,"turns":4},{"damage":74,"enemies":"Exordium Thugs","floor":15,"turns":6},{"damage":125,"enemies":"SI_SHIV_ARCHETYPE","floor":16,"turns":11},{"damage":59,"enemies":"Chosen","floor":19,"turns":6},{"damage":60,"enemies":"Shell Parasite","floor":20,"turns":4},{"damage":49,"enemies":"Sentry and Sphere","floor":21,"turns":4},{"damage":115,"enemies":"Shelled Parasite and Fungi","floor":22,"turns":7},{"damage":116,"enemies":"Shelled Parasite and Fungi","floor":25,"turns":8},{"damage":125,"enemies":"Slavers","floor":27,"turns":8},{"damage":28,"enemies":"downfall:FleeingMerchant","floor":28,"turns":4},{"damage":28,"enemies":"3 Cultists","floor":30,"turns":6},{"damage":0,"enemies":"Book of Stabbing","floor":31,"turns":1}],"seed_played":"-800585523518932805","potions_obtained":[{"floor":3,"key":"Strength Potion"},{"floor":4,"key":"champ:UltimateStancePotion"},{"floor":13,"key":"Strength Potion"},{"floor":16,"key":"Fruit Juice"},{"floor":17,"key":"Dexterity Potion"},{"floor":19,"key":"LiquidMemories"},{"floor":21,"key":"Energy Potion"},{"floor":27,"key":"Weak Potion"},{"floor":30,"key":"SteroidPotion"}],"is_trial":false,"path_per_floor":["R","M","M","M","M","M","T","M","R","M","?","R","M","$","M","B",null,"R","M","M","M","M","R","T","?","?","E","$","R","M","E"],"character_chosen":"THE_CHAMP","items_purchased":["champ:RecklessLeap","Sling","Oddly Smooth Stone","champ:AdrenalArmor","champ:BringItOn"],"campfire_rested":2,"item_purchase_floors":[14,14,28,28,28],"current_hp_per_floor":[90,90,84,84,82,82,96,99,99,102,87,87,93,99,91,77,114,114,95,96,93,54,88,88,78,78,18,24,58,51,51,51,51],"gold":108,"neow_bonus":"RANDOM_COLORLESS","is_daily":false,"chose_seed":false,"campfire_upgraded":3,"win_rate":0.0,"timestamp":1614286001,"path_taken":["R","M","M","M","?","M","T","M","R","M","?","R","?","$","M","BOSS","R","M","M","M","M","R","T","?","?","E","?","R","M","E"],"items_purchased_type":["Card","Relic","Relic","Card","Card"],"build_version":"2020-12-22","purchased_purges":0,"victory":false,"max_hp_per_floor":[90,90,90,90,90,90,104,104,104,104,104,104,104,104,104,109,114,114,114,114,114,114,114,114,114,114,114,114,114,114,114,114,114],"card_choices":[{"not_picked":["Blind","Trip"],"picked":"Bandage Up","floor":0},{"not_picked":["champ:IronFortress","champ:BladeFlurry"],"picked":"champ:GutPunch","floor":2},{"not_picked":["champ:GladiatorStyle","champ:TornadoPunch"],"picked":"champ:Shatter","floor":3},{"not_picked":["champ:FaceSlap","champ:FocusedDefense"],"picked":"champ:AdrenalArmor","floor":4},{"not_picked":["champ:GutPunch","champ:FlashCut"],"picked":"champ:BerserkersShout","floor":5},{"not_picked":["champ:TornadoPunch","champ:Shatter"],"picked":"champ:EndlessRage","floor":6},{"not_picked":["champ:TornadoPunch","champ:Improvising"],"picked":"champ:HeartStrike","floor":8},{"not_picked":["champ:EnragedBash","champ:CrownThrow"],"picked":"champ:StanceDance","floor":10},{"not_picked":["champ:TornadoPunch","champ:Haymaker"],"picked":"champ:BringItOn","floor":13},{"not_picked":["champ:RageSigil","champ:DefensiveShout"],"picked":"champ:AdrenalArmor","floor":14},{"not_picked":["champ:BringItOn","champ:CalledShot"],"picked":"champ:EnGarde","floor":15},{"not_picked":["champ:LastStand","champ:GladiatorForm"],"picked":"champ:VampiricStrike","floor":16},{"not_picked":["champ:IronFortress","champ:SwordSigil"],"picked":"champ:PerfectedStrike","floor":17},{"not_picked":["champ:StanceDance+1","champ:Backstep"],"picked":"champ:TripleStrike","floor":19},{"not_picked":["champ:Shatter","champ:TornadoPunch"],"picked":"champ:Endure+1","floor":20},{"not_picked":["champ:FancyFootwork","champ:BladeFlurry+1"],"picked":"champ:CrownThrow","floor":21},{"not_picked":["champ:DefensiveShout","champ:TornadoPunch"],"picked":"champ:CalledShot","floor":22},{"not_picked":["champ:FanOfKnives","champ:Backstep"],"picked":"champ:ShieldSigil","floor":25},{"not_picked":["champ:CrownThrow","champ:DefensiveStyle"],"picked":"champ:SetATrap","floor":27},{"not_picked":["champ:Parry","champ:Haymaker"],"picked":"champ:BladeFlurry+1","floor":28},{"not_picked":["champ:GutPunch","champ:AdrenalArmor"],"picked":"champ:PerfectedStrike+1","floor":30}],"player_experience":205738,"relics_obtained":[{"floor":7,"key":"Mango"},{"floor":24,"key":"Ornamental Fan"},{"floor":25,"key":"champ:BlackKnightHelmet"},{"floor":25,"key":"Frozen Egg 2"},{"floor":27,"key":"Peace Pipe"}],"event_choices":[],"is_beta":false,"boss_relics":[{"not_picked":["Snecko Eye","bronze:MakeshiftBattery"],"picked":"Tiny House"}],"items_purged_floors":[],"is_endless":false,"potions_floor_spawned":[3,4,13,16,19,21,27,30],"killed_by":"Book of Stabbing","ascension_level":0}}