{"host":"gzz35fplm60aw28t","time":1614292154,"event":{"mods":["AchievementEnabler","BaseMod","Colored Powertips","DeckTracker","Minty Spire (QoL Compilation)","SuperFastMode"],"gold_per_floor":[117,392,83,97,108,141,156,156,203,228,228,257,268,247,247,351,351,364,364,390,90,90,116,116,16,40,68,79,95,95,125,125,225,525,542,555,277,332,332,359,359,390,417,417,448,466,466,10,10,10,10,10,10,37,37,37],"floor_reached":55,"language":"ENG","playtime":3058,"items_purged":["Regret","Zap","Dualcast"],"score":943,"play_id":"ed00c0d4-1a25-49e7-9799-2610ce743171","local_time":"20210225232914","is_ascension_mode":true,"campfire_choices":[{"data":"Force Field","floor":8.0,"key":"SMITH"},{"data":"Echo Form","floor":11.0,"key":"SMITH"},{"floor":15.0,"key":"REST"},{"data":"Reprogram","floor":24.0,"key":"SMITH"},{"data":"Go for the Eyes","floor":32.0,"key":"SMITH"},{"data":"Reinforced Body","floor":41,"key":"SMITH"},{"data":"Self Repair","floor":44,"key":"SMITH"},{"floor":47,"key":"RECALL"},{"data":"All For One","floor":49,"key":"SMITH"},{"data":"Gash","floor":52,"key":"SMITH"}],"circlet_count":0,"master_deck":["Strike_B","Strike_B","Strike_B","Defend_B","Defend_B","Defend_B","Defend_B","Go for the Eyes+1","Reinforced Body+1","Force Field+1","Gash+1","Self Repair","Echo Form+1","Reprogram+1","Rebound","Heatsinks","All For One+1","Self Repair+1","CurseOfTheBell","Hologram"],"relics":["Nuclear Battery","Medical Kit","Darkstone Periapt","Tiny Chest","Lantern","Bottled Tornado","Busted Crown","White Beast Statue","Red Mask","TungstenRod","Letter Opener","Blood Vial","Mercury Hourglass","Eternal Feather","PreservedInsect","Calling Bell","Omamori","Mummified Hand","Old Coin","Juzu Bracelet","FossilizedHelix","Smiling Mask","Bird Faced Urn","Oddly Smooth Stone","Akabeko","Du-Vu Doll","Chemical X","Bag of Preparation"],"acts_visited":["Exordium","TheCity","TheBeyond","TheEnding"],"potions_floor_usage":[38,38,50,50],"damage_taken":[{"damage":9.0,"enemies":"Small Slimes","floor":1.0,"turns":4.0},{"damage":0.0,"enemies":"Cultist","floor":4.0,"turns":4.0},{"damage":0.0,"enemies":"2 Louse","floor":5.0,"turns":3.0},{"damage":34.0,"enemies":"Gremlin Nob","floor":6.0,"turns":6.0},{"damage":2.0,"enemies":"Exordium Wildlife","floor":7.0,"turns":4.0},{"damage":19.0,"enemies":"3 Sentries","floor":10.0,"turns":11.0},{"damage":31.0,"enemies":"Gremlin Nob","floor":12.0,"turns":6.0},{"damage":3.0,"enemies":"Looter","floor":13.0,"turns":4.0},{"damage":31.0,"enemies":"Hexaghost","floor":16.0,"turns":12.0},{"damage":14.0,"enemies":"Spheric Guardian","floor":18.0,"turns":6.0},{"damage":36.0,"enemies":"Masked Bandits","floor":20.0,"turns":8.0},{"damage":21.0,"enemies":"Book of Stabbing","floor":23.0,"turns":9.0},{"damage":20.0,"enemies":"Slavers","floor":27.0,"turns":6.0},{"damage":9.0,"enemies":"3 Byrds","floor":28.0,"turns":4.0},{"damage":0.0,"enemies":"Centurion and Healer","floor":29.0,"turns":7.0},{"damage":21.0,"enemies":"Book of Stabbing","floor":31.0,"turns":6.0},{"damage":56.0,"enemies":"Champ","floor":33.0,"turns":12.0},{"damage":10.0,"enemies":"Orb Walker","floor":35.0,"turns":4.0},{"damage":12.0,"enemies":"3 Darklings","floor":36.0,"turns":5.0},{"damage":56,"enemies":"2 Orb Walkers","floor":38,"turns":8},{"damage":19,"enemies":"Nemesis","floor":40,"turns":9},{"damage":0,"enemies":"Giant Head","floor":42,"turns":10},{"damage":0,"enemies":"Nemesis","floor":45,"turns":7},{"damage":10,"enemies":"4 Shapes","floor":46,"turns":5},{"damage":36,"enemies":"Awakened One","floor":50,"turns":15},{"damage":59,"enemies":"Shield and Spear","floor":54,"turns":9},{"damage":68,"enemies":"The Heart","floor":55,"turns":9}],"seed_played":"159908745592141714","potions_obtained":[{"floor":5.0,"key":"Block Potion"},{"floor":6.0,"key":"Fire Potion"},{"floor":10.0,"key":"DuplicationPotion"},{"floor":12.0,"key":"FocusPotion"},{"floor":13.0,"key":"DuplicationPotion"},{"floor":27.0,"key":"EssenceOfDarkness"},{"floor":38,"key":"Strength Potion"},{"floor":40,"key":"LiquidMemories"},{"floor":54,"key":"EssenceOfDarkness"}],"is_trial":false,"path_per_floor":["M","?","$","M","M","E","M","R","T","E","R","E","M","?","R","B",null,"M","?","?","$","T","E","R","$","T","E","M","M","T","E","R","B",null,"M","M","$","?","?","E","R","E","T","R","E","M","R","$","R","B",null,"R","$","E","B"],"character_chosen":"DEFECT","items_purchased":["Reinforced Body","Medical Kit","TungstenRod","Juzu Bracelet","Du-Vu Doll","Chemical X"],"campfire_rested":1,"item_purchase_floors":[3,3,21,37,48,48],"current_hp_per_floor":[66,66,66,66,66,32,37,37,37,32,32,15,26,26,48,31,75,75,75,53,53,53,39,39,39,39,35,42,65,65,67,75,33,81,81,81,81,46,46,50,62,81,81,81,81,81,81,81,81,81,81,81,81,57,0,0],"gold":37,"neow_bonus":"BOSS_RELIC","is_daily":false,"chose_seed":false,"campfire_upgraded":8,"win_rate":0.0,"timestamp":1614292154,"path_taken":["M","?","$","M","M","E","?","R","T","E","R","E","M","?","R","BOSS","M","?","?","$","?","E","R","?","T","E","?","?","?","E","R","BOSS","M","M","?","?","?","E","R","E","T","R","E","M","R","$","R","BOSS","R","$","E","BOSS"],"items_purchased_type":["Card","Relic","Relic","Relic","Relic","Relic"],"build_version":"2020-12-22","purchased_purges":3,"victory":false,"max_hp_per_floor":[75,75,75,75,75,75,75,75,75,75,75,75,75,75,75,75,75,75,75,75,75,75,75,75,75,75,75,75,75,75,75,75,75,81,81,81,81,81,81,81,81,81,81,81,81,81,81,81,81,81,81,81,81,81,81,81],"card_choices":[{"not_picked":["Barrage","Turbo"],"picked":"Go for the Eyes","floor":1.0},{"not_picked":["Coolheaded","Steam Power"],"picked":"Force Field","floor":4.0},{"not_picked":["Cold Snap","Redo"],"picked":"Gash","floor":5.0},{"not_picked":["Hologram","Tempest"],"picked":"Self Repair","floor":6.0},{"not_picked":["Self Repair","Cold Snap"],"picked":"Echo Form","floor":7.0},{"not_picked":["Leap","Conserve Battery"],"picked":"Reprogram","floor":10.0},{"not_picked":["Chill","Streamline"],"picked":"Rebound","floor":12.0},{"not_picked":["Doom and Gloom","Conserve Battery"],"picked":"Heatsinks","floor":13.0},{"not_picked":["Seek","Rainbow"],"picked":"All For One","floor":16.0},{"not_picked":["Leap"],"picked":"SKIP","floor":18.0},{"not_picked":["Barrage"],"picked":"SKIP","floor":23.0},{"not_picked":[],"picked":"Self Repair","floor":27.0},{"not_picked":["Ball Lightning"],"picked":"SKIP","floor":28.0},{"not_picked":["FTL+1"],"picked":"SKIP","floor":29.0},{"not_picked":["Lockon"],"picked":"SKIP","floor":31.0},{"not_picked":["Auto Shields+1"],"picked":"SKIP","floor":35.0},{"not_picked":["Conserve Battery+1"],"picked":"SKIP","floor":36.0},{"not_picked":[],"picked":"Hologram","floor":40},{"not_picked":["Coolheaded"],"picked":"SKIP","floor":42},{"not_picked":["Cold Snap"],"picked":"SKIP","floor":45},{"not_picked":["Leap"],"picked":"SKIP","floor":46},{"not_picked":["FTL"],"picked":"SKIP","floor":54}],"player_experience":77895,"relics_obtained":[{"floor":6.0,"key":"Darkstone Periapt"},{"floor":9.0,"key":"Tiny Chest"},{"floor":10.0,"key":"Lantern"},{"floor":12.0,"key":"Bottled Tornado"},{"floor":20.0,"key":"Red Mask"},{"floor":22.0,"key":"Letter Opener"},{"floor":23.0,"key":"Blood Vial"},{"floor":27.0,"key":"Mercury Hourglass"},{"floor":30.0,"key":"Eternal Feather"},{"floor":31.0,"key":"PreservedInsect"},{"floor":34.0,"key":"Omamori"},{"floor":34.0,"key":"Mummified Hand"},{"floor":34.0,"key":"Old Coin"},{"floor":38,"key":"FossilizedHelix"},{"floor":40,"key":"Smiling Mask"},{"floor":42,"key":"Bird Faced Urn"},{"floor":43,"key":"Oddly Smooth Stone"},{"floor":45,"key":"Akabeko"},{"floor":54,"key":"Bag of Preparation"}],"event_choices":[{"damage_healed":0.0,"max_hp_gain":0.0,"max_hp_loss":0.0,"gold_gain":275.0,"event_name":"Golden Shrine","player_choice":"Desecrate","floor":2.0,"gold_loss":0.0,"damage_taken":0.0,"cards_obtained":["Regret"]},{"damage_healed":0.0,"max_hp_gain":0.0,"max_hp_loss":0.0,"gold_gain":0.0,"event_name":"World of Goop","player_choice":"Left Gold","floor":14.0,"gold_loss":21.0,"damage_taken":0.0},{"damage_healed":0.0,"max_hp_gain":0.0,"max_hp_loss":0.0,"gold_gain":0.0,"event_name":"The Mausoleum","player_choice":"Opened","floor":19.0,"gold_loss":0.0,"damage_taken":0.0,"relics_obtained":["White Beast Statue"]},{"damage_healed":0.0,"max_hp_gain":0.0,"max_hp_loss":0.0,"gold_gain":0.0,"event_name":"Masked Bandits","player_choice":"Fought Bandits","floor":20.0,"gold_loss":0.0,"damage_taken":0.0},{"damage_healed":0,"gold_gain":0,"player_choice":"Fight","damage_taken":0,"max_hp_gain":0,"max_hp_loss":0,"event_name":"Mysterious Sphere","floor":38,"gold_loss":0},{"cards_removed":["Strike_B"],"damage_healed":0,"gold_gain":0,"player_choice":"Offered Basic","damage_taken":0,"max_hp_gain":0,"max_hp_loss":0,"event_name":"Bonfire Elementals","floor":39,"gold_loss":0}],"is_beta":false,"boss_relics":[{"not_picked":["Velvet Choker","Inserter"],"picked":"Busted Crown"},{"not_picked":["Runic Pyramid","Empty Cage"],"picked":"Calling Bell"}],"items_purged_floors":[3,25,37],"is_endless":false,"potions_floor_spawned":[5,6,10,12,13,20,23,27,28,29,31,33,35,36,38,40,42,45,46,54],"killed_by":"The Heart","ascension_level":1}}