{"host":"9oysz4knkucnjyyz","time":1614296814,"event":{"mods":["100% Spire Juice","2.2 Compatiblity","A Penny For Your Troubles","Act Like it!","BaseMod","Better Altar","Better Match","Better Note","Better Sensory Stone","Better Skull","Better Third Choice","BetterRewards","Displayed Cursed Tome","Downfall","Friendly Minions","Googly Eyes","GungeonMod","Hallownest","Hermit","Library of Ruina","Library of Ruina Extra","Lobotomy","LobotomyExtend","Minty Spire (QoL Compilation)","Reliquary","Spicy Shops","Spire Arcade","Spire Birthday Party","StSLib","The Bug Knight","Wide Potions","everything is the same but u backflip on backflip","slay the spire mod where everything is the same but ironclad has a cowboy hat"],"gold_per_floor":[277,289,306,326,341,376,376,434,486,486,497,497,524,536,536,635,635,651,661,127,145,163,198,211,211,211,211,263,15,45,45,45,170,170,210,227,241,273,23,23,123,123,150,181,211,171,171,190,190,251,251,251,251,251,12,43,93],"floor_reached":58,"language":"ENG","playtime":4021,"items_purged":[],"score":1459,"play_id":"1f6a82b2-6a40-43b9-9586-eb8e72b25184","local_time":"20210225184654","is_ascension_mode":false,"campfire_choices":[{"floor":7,"key":"REST"},{"data":"Faith","floor":12,"key":"SMITH"},{"floor":15,"key":"REST"},{"data":"TendonChords","floor":25,"key":"SMITH"},{"data":"Eject","floor":32,"key":"SMITH"},{"data":"SuanNi","floor":40,"key":"SMITH"},{"floor":42,"key":"RECALL"},{"data":"TieShanKao","floor":49,"key":"SMITH"},{"data":"WillProduceFineSilk","floor":54,"key":"SMITH"}],"circlet_count":0,"master_deck":["ApocalypseBird","PunishingBird","LongBird","BigBird","Dodge","LightDefense","LightAttack","LightAttack","LightAttack","LightDefense","LightDefense","LightDefense","ChargeAndCover","FocusedStrikes","Scorched","BindingArms","QueenBee","PreemptiveStrike","OSAHOGD","WallGazer","Faith+1","RedShoes","TendonChords+1","BindingArms","WillBeTasty","Wellcheers","Eject+1","Bloodbath","Unlock1","MHz","BoundaryOfDeath","FrontalAssault+1","BigBadWolf","WillProduceFineSilk+1","LaLuna","PreemptiveStrike","BodiesMountain","Faith+1","SenseQuarry+1","NothingThere","MultiHit+1","QueenOfHatred","Unlock1","SuanNi+1","BlueStar","FleetFootsteps+1","JiaoTu+1","BlackArmy","TieShanKao+1","DestructiveImpact+1","Parry","CENSORED","ScatteringSlash+1","GreedKing"],"relics":["PageOfLibrarian","CogitoBucket","RabbitCall","LetterFromLob","StoneCalendar","PageOfGreed","PageOfTheQueenOfHatred","MagicBullet_r","LuminousBracelet","PageOfTheKnightOfDespair","reliquary:RedCape","ChangeAnything","PageOfWrath","PageOfSnowWhitesApple","PageOfNihil","reliquary:PartyBalloon","Potion Belt","Pen Nib","PageOfJudgementBird","PageOfScarecrow","PageOfBlackSwan","Twilight","HellTrain","PageOfForsakenMurderer","Bag of Preparation","Gambling Chip","PageOfBigBadWolf","reliquary:NewFriend"],"acts_visited":["Exordium","TheCity","TheBeyond","TheEnding"],"potions_floor_usage":[8,8,11,19,35,50,50,50,50],"damage_taken":[{"damage":5,"enemies":"Small Slimes","floor":1,"turns":3},{"damage":0,"enemies":"Cultist","floor":2,"turns":3},{"damage":0,"enemies":"2 Louse","floor":3,"turns":1},{"damage":1,"enemies":"Blue Slaver","floor":4,"turns":3},{"damage":11,"enemies":"Red Slaver","floor":5,"turns":2},{"damage":35,"enemies":"3 Sentries","floor":6,"turns":4},{"damage":3,"enemies":"3 Sentries","floor":8,"turns":4},{"damage":27,"enemies":"3 Louse","floor":11,"turns":5},{"damage":2,"enemies":"HollowMod:MossKnight","floor":13,"turns":2},{"damage":1,"enemies":"2 Fungi Beasts","floor":14,"turns":1},{"damage":7,"enemies":"Hexaghost","floor":16,"turns":6},{"damage":0,"enemies":"3 Byrds","floor":18,"turns":2},{"damage":51,"enemies":"Spheric Guardian","floor":19,"turns":9},{"damage":161,"enemies":"Chosen and Byrds","floor":21,"turns":10},{"damage":22,"enemies":"Snake Plant","floor":22,"turns":2},{"damage":29,"enemies":"HollowMod:Nosk","floor":23,"turns":3},{"damage":0,"enemies":"3 Cultists","floor":24,"turns":1},{"damage":37,"enemies":"Slavers","floor":28,"turns":3},{"damage":40,"enemies":"Book of Stabbing","floor":30,"turns":3},{"damage":2,"enemies":"Collector","floor":33,"turns":3},{"damage":51,"enemies":"Orb Walker","floor":35,"turns":5},{"damage":165,"enemies":"Orb Walker","floor":36,"turns":6},{"damage":4,"enemies":"3 Shapes","floor":37,"turns":2},{"damage":38,"enemies":"Spire Growth","floor":38,"turns":3},{"damage":37,"enemies":"Nemesis","floor":44,"turns":5},{"damage":21,"enemies":"Sphere and 2 Shapes","floor":45,"turns":3},{"damage":7,"enemies":"Writhing Mass","floor":48,"turns":2},{"damage":295,"enemies":"FixerMidnight","floor":50,"turns":6},{"damage":35,"enemies":"Shield and Spear","floor":56,"turns":3},{"damage":113,"enemies":"The Heart","floor":57,"turns":5}],"seed_played":"4406291551718658765","potions_obtained":[{"floor":2,"key":"EssenceOfSteel"},{"floor":5,"key":"LiquidMemories"},{"floor":8,"key":"Weak Potion"},{"floor":13,"key":"SteroidPotion"},{"floor":14,"key":"Swift Potion"},{"floor":22,"key":"Dexterity Potion"},{"floor":30,"key":"sneckomod:MuddlingPotion"},{"floor":37,"key":"Weak Potion"},{"floor":38,"key":"FearPotion"},{"floor":45,"key":"AttackPotion"}],"is_trial":false,"path_per_floor":["M","M","M","M","M","E","R","?","T","M","M","R","E","M","R","B",null,"M","M","$","M","M","E","M","R","T","?","E","$","E","?","R","B",null,"M","M","M","M","$","R","?","R","T","E","M","$","?","M","R","B",null,null,null,"R","$","E","B",null],"character_chosen":"Librarian","items_purchased":["PageOfWrath","PageOfSnowWhitesApple","WillProduceFineSilk","PageOfJudgementBird","PageOfForsakenMurderer","Parry","PageOfBigBadWolf"],"campfire_rested":2,"item_purchase_floors":[20,20,20,29,39,46,55],"current_hp_per_floor":[55,55,57,56,45,13,36,36,36,36,34,34,38,38,66,88,94,94,72,72,82,75,60,62,62,62,62,42,42,61,61,61,108,108,108,101,108,108,108,108,108,108,108,82,101,101,101,101,101,5,5,5,101,101,101,101,76],"gold":93,"neow_bonus":"","is_daily":false,"chose_seed":false,"campfire_upgraded":6,"win_rate":0.0,"timestamp":1614296814,"path_taken":["M","M","M","M","M","E","R","?","T","M","M","R","E","M","R","BOSS","M","M","$","M","M","E","M","R","T","?","E","$","E","?","R","BOSS","M","M","M","M","$","R","?","R","T","E","M","?","?","M","R","BOSS","R","$","E","BOSS"],"items_purchased_type":["Relic","Relic","Card","Relic","Relic","Card","Relic"],"build_version":"2020-12-22","purchased_purges":0,"victory":true,"max_hp_per_floor":[62,67,79,79,79,79,79,79,79,79,94,94,94,94,94,94,94,94,94,94,94,108,108,108,108,108,108,108,108,108,108,108,108,108,108,108,108,108,108,108,108,108,108,101,101,101,101,101,101,101,101,101,101,101,101,101,101],"card_choices":[{"not_picked":["FairyFestival","CherryBlossoms","Freischutz"],"picked":"Singing Bowl","floor":1},{"not_picked":["SnowQueen","NakedNest"],"picked":"Scorched","floor":1},{"not_picked":["FeelinGood","TendonChords","ViolentFlame","Tailoring","ClassAndRespect","BoundaryOfDeath","Rampage_lor","Pound"],"picked":"BindingArms","floor":1},{"not_picked":["CherryBlossoms","LittlePrince","SpiderBud"],"picked":"Singing Bowl","floor":2},{"not_picked":["WhitesApple","HeroicMonk"],"picked":"QueenBee","floor":2},{"not_picked":["SharpSwipe","Standoff","GuardingStance","Gigigig","FormingStorm","CombatPreparation","PinpointShot","EnergyCycle"],"picked":"PreemptiveStrike","floor":2},{"not_picked":["Bloodbath","Wellcheers"],"picked":"OSAHOGD","floor":3},{"not_picked":["Thrust","FaintMemories","EnergyCycle","EnergyStrike","Crush","FierceCharge","PinpointShot","Rampage_lor","NightInTheBackstreets"],"picked":"SKIP","floor":3},{"not_picked":["Woodsman","LittlePrince","Scarecrow"],"picked":"Singing Bowl","floor":4},{"not_picked":["OldLady","BigBadWolf"],"picked":"WallGazer","floor":4},{"not_picked":["Wallop_lor","ViolentFlame","HighKick","AsThePrescriptOrders","PinpointShot","SpearedSweep","HiddenBlade","SearingSword"],"picked":"Faith","floor":4},{"not_picked":["FairyFestival","Laetitia"],"picked":"RedShoes","floor":5},{"not_picked":["BayonetCombat","Bvapour","CombatPreparation","IllEndYou","SerpentSwordTechnique","StructuralAnalysis","BulkyImpact","SparkingSpear"],"picked":"TendonChords","floor":5},{"not_picked":["UniverseFragment","CrumblingArmor","BeautyBeast"],"picked":"Singing Bowl","floor":6},{"not_picked":["UpbeatPerformance","EndlessBattle","UnforgettableMelody","GreatSerpentsImpact","KeepItFresh","Wallop_lor","PreemptiveStrike","Eliminate"],"picked":"BindingArms","floor":6},{"not_picked":["MHz","Alriune","Funeral"],"picked":"Singing Bowl","floor":8},{"not_picked":["HighKick","Reload","AsThePrescriptOrders","MindPrepared","Parry","YoureTooSlow","CoordinatedAssault","MindWhip"],"picked":"WillBeTasty","floor":8},{"not_picked":["BigBadWolf","SpiderBud"],"picked":"Wellcheers","floor":11},{"not_picked":["CoordinatedAssault","GuardingStance","MultiHit","NightInTheBackstreets","FlowOfTheSword","FierceOnslaught","BackAttack","HighKick"],"picked":"Eject","floor":11},{"not_picked":["SilentOrchestra","FairyFestival","CrumblingArmor"],"picked":"Singing Bowl","floor":13},{"not_picked":["MeatLantern","CrumblingArmor"],"picked":"Bloodbath","floor":13},{"not_picked":["ShockingBlow","VenomousFangs","SnakesPrey","DriedUp","CoordinatedAssault","BiteOff","EnergyStrike","EnergyCycle","FleetEdge"],"picked":"SKIP","floor":13},{"not_picked":["UniverseFragment","CherryBlossoms","HappyTeddy"],"picked":"Singing Bowl","floor":14},{"not_picked":["VoidDream","HappyTeddy"],"picked":"PunishingBird","floor":14},{"not_picked":["UncannyStrike","Diversion","Overpower","Faith","Pound","IllEndYou","Wallop_lor","Quickness"],"picked":"Unlock1","floor":14},{"not_picked":["HappyTeddy","Murderer"],"picked":"MHz","floor":16},{"not_picked":["SavageMode","Disposal"],"picked":"BoundaryOfDeath","floor":16},{"not_picked":["BeautyBeast","VoidDream"],"picked":"BigBird","floor":18},{"not_picked":["GuardingStance","Quickness","Pound","Collision","BackAttack","Feast+1","UnavoidableGaze+1","TendonChords"],"picked":"FrontalAssault+1","floor":18},{"not_picked":["VoidDream","BeautyBeast","OldLady"],"picked":"Singing Bowl","floor":19},{"not_picked":["UniverseFragment","ShyLook"],"picked":"BigBadWolf","floor":19},{"not_picked":["Transpierce","LoosenUp","Wallop_lor+1","CoordinatedAssault","StrikeDown","Thirst+1","EnergyCycle","EndlessBattle","FleetEdge+1"],"picked":"SKIP","floor":19},{"not_picked":["SpiderBud","Porccubus","WhitesApple"],"picked":"Singing Bowl","floor":21},{"not_picked":["FendThisOffIfYouCan","BurningFlash","HighKick","SinglePointStab","Wallop_lor","Laceration","Standoff","VenomousFangs","PinpointShot+1"],"picked":"SKIP","floor":21},{"not_picked":["Scarecrow","Murderer","LittlePrince"],"picked":"Singing Bowl","floor":22},{"not_picked":["Scarecrow","LittleHelper"],"picked":"LaLuna","floor":22},{"not_picked":["Quickness","WaitUp+1","UnavoidableGaze+1","GuidanceOfTheGears","FlyingSword","YourShield","FendThisOffIfYouCan+1","QuickSuppression"],"picked":"PreemptiveStrike","floor":22},{"not_picked":["SingingMachine","Porccubus","CrumblingArmor"],"picked":"Singing Bowl","floor":23},{"not_picked":["TraceOfFumes","ICanCookAnything","BiAn","StrongStrike","BizarreAttack","PreemptiveStrike","AsThePrescriptOrders","FervidEmotions","ShockingBlow"],"picked":"SKIP","floor":23},{"not_picked":["MeltingLove","Murderer","SingingMachine"],"picked":"Singing Bowl","floor":24},{"not_picked":["Alriune","HappyTeddy"],"picked":"BodiesMountain","floor":24},{"not_picked":["SkyClearingCut+1","LoosenUp","ClassAndRespect+1","FocusFire","NightInTheBackstreets","UpbeatPerformance","FlyingSword","Struggle"],"picked":"Faith+1","floor":24},{"not_picked":["FieryBird","GreedKing"],"picked":"NothingThere","floor":28},{"not_picked":["MirageStorm","DarkCloud","GuardingStance","SunsetBlade","GatherIntel","LawAndOrder+1","SpearedSweep+1","SummaryJudgment"],"picked":"MultiHit+1","floor":28},{"not_picked":["Scarecrow","Porccubus"],"picked":"QueenOfHatred","floor":30},{"not_picked":["UnavoidableGaze","BiteOff","Punishment","BackstreetsDash","YouOnlyLiveOnce+1","EndlessBattle+1","DarkCloud+1","PreparedMind"],"picked":"Unlock1","floor":30},{"not_picked":["Yin","VoidDream"],"picked":"LongBird","floor":33},{"not_picked":["GroundSmash","Disposal"],"picked":"SuanNi","floor":33},{"not_picked":["Laetitia","LittlePrince","GalaxyChild"],"picked":"Singing Bowl","floor":35},{"not_picked":["LittlePrince","DreamingCurrent","HeroicMonk"],"picked":"Singing Bowl","floor":36},{"not_picked":["FocusFire+1","ClassAndRespect","Cruelty","TendonChords+1","QuickSuppression+1","Thrust+1","SearingSword","DaringDecision","YourShield+1"],"picked":"SKIP","floor":36},{"not_picked":["BlackSwan","Rudolta"],"picked":"BlueStar","floor":37},{"not_picked":["NightInTheBackstreets","SkitterAway","Rewind","QuickSuppression+1","TendonChords+1","WillProduceFineSilk","SetFire","UpbeatPerformance+1"],"picked":"FleetFootsteps+1","floor":37},{"not_picked":["LittlePrince","OldLady","Laetitia"],"picked":"Singing Bowl","floor":38},{"not_picked":["Concentration","GuidanceOfTheGears","SinglePointStab+1","DefenseOrder+1","HeavyPeaks","Diversion+1","Pound+1","UpbeatPerformance"],"picked":"JiaoTu+1","floor":38},{"not_picked":["Alriune","ShyLook"],"picked":"BlackArmy","floor":44},{"not_picked":["Unlock1+1","BackAttack+1","MultiHit","WillProduceFineSilk","MirageStorm","MultiBlock","Multislash","Thrust"],"picked":"TieShanKao","floor":44},{"not_picked":["WhitesApple","SilentOrchestra","DreamingCurrent"],"picked":"Singing Bowl","floor":45},{"not_picked":["Bvapour","Quickness","FrontalAssault","Leap_lor+1","PreemptiveStrike+1","Outburst+1","FleetEdge+1","EnergyStrike+1"],"picked":"DestructiveImpact+1","floor":45},{"not_picked":["HeroicMonk","Yin","ShyLook"],"picked":"Singing Bowl","floor":48},{"not_picked":["Mercenary","OldLady"],"picked":"CENSORED","floor":48},{"not_picked":["AbsorbImpact+1","SharpSwipe+1","TendonChords+1","BlowItUp","FeelinGood+1","CookingPrep+1","SturdyDefense","FrontalAssault"],"picked":"ScatteringSlash+1","floor":48},{"not_picked":["FairyFestival","Variant"],"picked":"GreedKing","floor":50},{"not_picked":["GalaxyChild","Freischutz","SilentOrchestra"],"picked":"Singing Bowl","floor":56},{"not_picked":["Decapitation","BizarreAttack","Laceration+1","BiAn","SmokingPipe+1","BayonetCombat+1","GutHarvesting","StrongStrike+1","AsThePrescriptOrders+1"],"picked":"SKIP","floor":56}],"player_experience":387979,"relics_obtained":[{"floor":1,"key":"LetterFromLob"},{"floor":6,"key":"StoneCalendar"},{"floor":8,"key":"PageOfGreed"},{"floor":9,"key":"PageOfTheQueenOfHatred"},{"floor":13,"key":"PageOfTheKnightOfDespair"},{"floor":21,"key":"PageOfNihil"},{"floor":23,"key":"reliquary:PartyBalloon"},{"floor":26,"key":"Potion Belt"},{"floor":28,"key":"Pen Nib"},{"floor":30,"key":"PageOfScarecrow"},{"floor":35,"key":"Twilight"},{"floor":44,"key":"Bag of Preparation"},{"floor":56,"key":"reliquary:NewFriend"}],"event_choices":[{"damage_healed":0,"gold_gain":0,"player_choice":"Searched \u00271\u0027 times","damage_taken":0,"max_hp_gain":0,"max_hp_loss":0,"event_name":"Dead Adventurer","floor":8,"gold_loss":0},{"cards_removed":["Unlock1"],"damage_healed":0,"gold_gain":0,"player_choice":"Take \u0026 Give","damage_taken":0,"max_hp_gain":0,"max_hp_loss":0,"event_name":"betterNote:BetterNote","floor":27,"gold_loss":0,"cards_obtained":["SenseQuarry"]},{"damage_healed":0,"gold_gain":100,"player_choice":"Pray","damage_taken":0,"max_hp_gain":0,"max_hp_loss":0,"event_name":"Golden Shrine","floor":41,"gold_loss":0}],"is_beta":false,"boss_relics":[{"not_picked":["Snecko Eye","Philosopher\u0027s Stone"],"picked":"reliquary:RedCape"},{"not_picked":["Fusion Hammer","Astrolabe"],"picked":"PageOfBlackSwan"}],"items_purged_floors":[],"is_endless":false,"potions_floor_spawned":[2,5,8,13,14,18,21,22,24,30,37,38,45],"ascension_level":0}}