{"host":"mujoymdbv27pmqgz","time":1614228019,"event":{"mods":["BaseMod","Downfall","KinomotoSakuraMod(????)","Minty Spire (QoL Compilation)","StSLib","The Jungle"],"gold_per_floor":[114,132,207,224,242,242,242,242,268,303,303,314,348,362,362,462,462,472,472,472,472,472,499,510,510,510],"floor_reached":25,"language":"ZHS","playtime":1483,"items_purged":[],"score":346,"play_id":"0299aacb-05fb-42a1-92e3-ed09591b79bf","local_time":"20210224234019","is_ascension_mode":true,"campfire_choices":[{"data":"Mind Blast","floor":6.0,"key":"SMITH"},{"floor":8.0,"key":"RECALL"},{"floor":11.0,"key":"REST"},{"floor":15.0,"key":"REST"}],"circlet_count":0,"master_deck":["SakuraCardTheDream+","AscendersBane","ClowCardTheSword","ClowCardTheSword","ClowCardTheSword","ClowCardTheSword","ClowCardTheShield","ClowCardTheShield","ClowCardTheShield","ClowCardTheShield","SpellCardSeal","SpellCardRelease","Mind Blast+1","ClowCardTheStorm","ClowCardTheLibra","ClowCardTheShot","ClowCardTheWave","ClowCardTheFreeze","ClowCardTheFly","ClowCardTheSong","ClowCardTheTime","ClowCardTheGlow","ClowCardTheSand","ClowCardTheFly+1"],"relics":["KSMOD_SealedBook","KSMOD_StarWand","Tiny Chest","Pocketwatch","Sundial","Spirit Poop","Mummified Hand","KSMOD_RollerSkates"],"acts_visited":["Exordium","TheCity"],"potions_floor_usage":[],"damage_taken":[{"damage":1.0,"enemies":"2 Louse","floor":1.0,"turns":2.0},{"damage":0.0,"enemies":"Small Slimes","floor":2.0,"turns":3.0},{"damage":2.0,"enemies":"Jaw Worm","floor":4.0,"turns":4.0},{"damage":1.0,"enemies":"2 Fungi Beasts","floor":5.0,"turns":3.0},{"damage":9.0,"enemies":"Gremlin Nob","floor":10.0,"turns":3.0},{"damage":7.0,"enemies":"Lots of Slimes","floor":12.0,"turns":4.0},{"damage":32.0,"enemies":"Lagavulin","floor":13.0,"turns":4.0},{"damage":0.0,"enemies":"Large Slime","floor":14.0,"turns":2.0},{"damage":13.0,"enemies":"Slime Boss","floor":16.0,"turns":5.0},{"damage":11.0,"enemies":"Shell Parasite","floor":18.0,"turns":6.0},{"damage":13.0,"enemies":"Gremlin Leader","floor":23.0,"turns":5.0},{"damage":0.0,"enemies":"Spheric Guardian","floor":24.0,"turns":2.0},{"damage":35,"enemies":"Slavers","floor":25,"turns":3}],"seed_played":"1893276656066821562","potions_obtained":[{"floor":2.0,"key":"SteroidPotion"},{"floor":4.0,"key":"BlessingOfTheForge"},{"floor":13.0,"key":"bronze:BurnAndBuffPotion"},{"floor":14.0,"key":"Ancient Potion"},{"floor":18.0,"key":"AttackPotion"}],"is_trial":false,"path_per_floor":["M","M","?","M","M","R","?","R","T","E","R","M","E","M","R","B",null,"M","?","?","?","T","E","M","E"],"character_chosen":"KINOMOTOSAKURA","items_purchased":[],"campfire_rested":2,"item_purchase_floors":[],"current_hp_per_floor":[62,62,51,49,48,48,45,45,45,36,57,50,18,18,39,26,59,48,48,48,48,48,35,35,0,0],"gold":510,"neow_bonus":"RANDOM_COLORLESS","is_daily":false,"chose_seed":false,"campfire_upgraded":1,"win_rate":0.0,"timestamp":1614228019,"path_taken":["M","M","?","M","M","R","?","R","T","E","R","M","E","M","R","BOSS","M","?","?","?","?","E","M","E"],"items_purchased_type":[],"build_version":"2020-12-22","purchased_purges":0,"victory":false,"max_hp_per_floor":[70,70,70,70,70,70,70,70,70,70,70,70,70,70,70,70,70,70,70,70,70,70,70,70,70,70],"card_choices":[{"not_picked":["Deep Breath","Finesse"],"picked":"Mind Blast","floor":0.0},{"not_picked":["ClowCardTheRain","ClowCardThePower"],"picked":"ClowCardTheStorm","floor":1.0},{"not_picked":["ClowCardTheChange","ClowCardTheShadow"],"picked":"ClowCardTheLibra","floor":2.0},{"not_picked":["ClowCardTheErase","ClowCardTheSilent"],"picked":"ClowCardTheShot","floor":4.0},{"not_picked":["ClowCardTheSilent","ClowCardTheRain"],"picked":"ClowCardTheWave","floor":5.0},{"not_picked":["ClowCardTheErase","ClowCardTheWave"],"picked":"ClowCardTheFreeze","floor":10.0},{"not_picked":["ClowCardTheArrow","ClowCardTheErase"],"picked":"ClowCardTheDream","floor":12.0},{"not_picked":["ClowCardTheStorm","ClowCardTheThrough"],"picked":"ClowCardTheFly","floor":13.0},{"not_picked":["ClowCardTheVoice","ClowCardTheLittle"],"picked":"ClowCardTheSong","floor":14.0},{"not_picked":["ClowCardTheDash","ClowCardTheTwin"],"picked":"ClowCardTheTime","floor":16.0},{"not_picked":["ClowCardTheRain","ClowCardTheShot"],"picked":"ClowCardTheGlow","floor":18.0},{"not_picked":["ClowCardTheShadow","ClowCardTheSong+1"],"picked":"ClowCardTheSand","floor":23.0},{"not_picked":["ClowCardTheIllusion","ClowCardTheWatery"],"picked":"ClowCardTheFly+1","floor":24.0}],"player_experience":526001,"relics_obtained":[{"floor":10.0,"key":"Pocketwatch"},{"floor":13.0,"key":"Sundial"},{"floor":22.0,"key":"Mummified Hand"},{"floor":23.0,"key":"KSMOD_RollerSkates"}],"event_choices":[{"damage_healed":0.0,"max_hp_gain":0.0,"max_hp_loss":0.0,"gold_gain":75.0,"event_name":"World of Goop","player_choice":"Gather Gold","floor":3.0,"gold_loss":0.0,"damage_taken":11.0},{"damage_healed":0.0,"max_hp_gain":0.0,"max_hp_loss":0.0,"gold_gain":0.0,"event_name":"Scrap Ooze","player_choice":"Success","floor":7.0,"gold_loss":0.0,"damage_taken":3.0,"relics_obtained":["Tiny Chest"]},{"damage_healed":0.0,"max_hp_gain":0.0,"max_hp_loss":0.0,"gold_gain":0.0,"event_name":"Forgotten Altar","player_choice":"Smashed Altar","floor":19.0,"gold_loss":0.0,"damage_taken":0.0,"cards_obtained":["Decay"]},{"damage_healed":0.0,"max_hp_gain":0.0,"max_hp_loss":0.0,"gold_gain":0.0,"event_name":"Ghosts","player_choice":"Ignored","floor":20.0,"gold_loss":0.0,"damage_taken":0.0},{"cards_removed":["Decay"],"damage_healed":0.0,"max_hp_gain":0.0,"max_hp_loss":0.0,"gold_gain":0.0,"event_name":"Bonfire Elementals","player_choice":"Offered Curse","floor":21.0,"gold_loss":0.0,"damage_taken":0.0,"relics_obtained":["Spirit Poop"]}],"is_beta":false,"boss_relics":[{"not_picked":["bronze:MakeshiftBattery","Runic Pyramid"],"picked":"KSMOD_StarWand"}],"items_purged_floors":[],"is_endless":false,"potions_floor_spawned":[2,4,13,14,18],"killed_by":"Slavers","ascension_level":10}}