{"host":"0tl58ol8nhobbddc","time":1614274028,"event":{"mods":["AchievementEnabler","BaseMod","Bestiary","Block Reminder","Colored Map","Colored Powertips","Highlight Path","Minty Spire (QoL Compilation)"],"gold_per_floor":[114,189,189,208,218,253,253,315,315,315,331,331,350,52,52,172,172,182,182,197,197,211,241,261,261,261,271,121,139,36,50,50,153,153,167,187,199,217,33,52,69,100,100,118,118,128,128,128,128,128],"floor_reached":51,"language":"ENG","playtime":8648,"items_purged":["Strike_P","Defend_P+1","Strike_P+1"],"score":705,"play_id":"5a29ed42-52c3-43f1-8db8-5870ec85f811","local_time":"20210225092708","is_ascension_mode":false,"campfire_choices":[{"data":"Eruption","floor":7.0,"key":"SMITH"},{"data":"ThirdEye","floor":10.0,"key":"SMITH"},{"floor":15.0,"key":"REST"},{"floor":25.0,"key":"REST"},{"data":"ClearTheMind","floor":32,"key":"SMITH"},{"data":"Establishment","floor":45,"key":"SMITH"},{"data":"BattleHymn","floor":49,"key":"SMITH"}],"circlet_count":0,"master_deck":["Defend_P+1","Defend_P+1","Defend_P+1","Eruption+1","Vigilance","Consecrate","FollowUp","SashWhip","ThirdEye+1","EmptyFist","PathToVictory","Swivel","Tantrum","Establishment+1","WindmillStrike","Evaluate","Protect+1","Wallop+1","Halt","SandsOfTime","ClearTheMind+1","Pray+1","JustLucky","DeusExMachina","Judgement","BattleHymn+1","Perseverance+1","Halt"],"relics":["PureWater","InkBottle","Omamori","Gremlin Horn","Pear","Membership Card","Oddly Smooth Stone","Calling Bell","Pen Nib","Shuriken","Girya","Nunchaku","Calipers","Bottled Flame","Anchor","Lantern","Busted Crown","Meat on the Bone","Centennial Puzzle","Potion Belt"],"acts_visited":["Exordium","TheCity","TheBeyond"],"potions_floor_usage":[33,33,37,42,46,50,50,50],"damage_taken":[{"damage":0.0,"enemies":"2 Louse","floor":1.0,"turns":3.0},{"damage":0.0,"enemies":"Jaw Worm","floor":4.0,"turns":4.0},{"damage":0.0,"enemies":"Small Slimes","floor":5.0,"turns":3.0},{"damage":13.0,"enemies":"Lagavulin","floor":6.0,"turns":5.0},{"damage":36.0,"enemies":"3 Sentries","floor":8.0,"turns":11.0},{"damage":10.0,"enemies":"Looter","floor":11.0,"turns":2.0},{"damage":0.0,"enemies":"3 Louse","floor":13.0,"turns":2.0},{"damage":1.0,"enemies":"Slime Boss","floor":16.0,"turns":8.0},{"damage":0.0,"enemies":"Chosen","floor":18.0,"turns":3.0},{"damage":0.0,"enemies":"3 Byrds","floor":20.0,"turns":2.0},{"damage":15.0,"enemies":"3 Cultists","floor":22.0,"turns":3.0},{"damage":50.0,"enemies":"Slavers","floor":23.0,"turns":7.0},{"damage":18.0,"enemies":"Snecko","floor":24.0,"turns":4.0},{"damage":0,"enemies":"Sentry and Sphere","floor":27,"turns":2},{"damage":0,"enemies":"Shelled Parasite and Fungi","floor":29,"turns":5},{"damage":9,"enemies":"Snecko","floor":31,"turns":3},{"damage":8,"enemies":"Champ","floor":33,"turns":7},{"damage":3,"enemies":"3 Shapes","floor":35,"turns":2},{"damage":0,"enemies":"Orb Walker","floor":36,"turns":2},{"damage":6,"enemies":"Jaw Worm Horde","floor":37,"turns":4},{"damage":0,"enemies":"Sphere and 2 Shapes","floor":38,"turns":2},{"damage":9,"enemies":"Spire Growth","floor":40,"turns":7},{"damage":0,"enemies":"4 Shapes","floor":41,"turns":4},{"damage":10,"enemies":"Nemesis","floor":42,"turns":3},{"damage":8,"enemies":"Jaw Worm Horde","floor":44,"turns":3},{"damage":9,"enemies":"Maw","floor":46,"turns":7},{"damage":35,"enemies":"Awakened One","floor":50,"turns":9}],"seed_played":"4930191599915904692","potions_obtained":[{"floor":5.0,"key":"Ancient Potion"},{"floor":6.0,"key":"CultistPotion"},{"floor":13.0,"key":"ColorlessPotion"},{"floor":27,"key":"SteroidPotion"},{"floor":31,"key":"Ambrosia"},{"floor":33,"key":"Weak Potion"},{"floor":38,"key":"LiquidMemories"},{"floor":40,"key":"Ancient Potion"},{"floor":41,"key":"BlessingOfTheForge"},{"floor":42,"key":"SpeedPotion"},{"floor":44,"key":"Weak Potion"},{"floor":46,"key":"Regen Potion"}],"is_trial":false,"path_per_floor":["M","?","?","M","M","E","R","?","T","R","M","?","M","$","R","B",null,"M","?","M","?","M","E","M","R","T","M","$","M","$","M","R","B",null,"M","M","M","M","$","M","M","E","T","M","R","M","?","?","R","B",null],"character_chosen":"WATCHER","items_purchased":["Membership Card","Tantrum","Oddly Smooth Stone","Anchor","ClearTheMind","Lantern","JustLucky","Meat on the Bone"],"campfire_rested":2,"item_purchase_floors":[14,14,14,28,28,30,30,39],"current_hp_per_floor":[79,68,56,56,56,43,43,7,17,17,7,7,7,7,33,32,89,89,89,89,89,74,24,6,32,32,32,32,32,32,23,23,15,89,86,86,80,80,80,71,71,61,61,53,53,56,56,56,56,48],"gold":128,"neow_bonus":"TEN_PERCENT_HP_BONUS","is_daily":false,"chose_seed":false,"campfire_upgraded":5,"win_rate":0.0,"timestamp":1614274028,"path_taken":["M","?","?","M","M","E","R","?","T","R","M","?","M","$","R","BOSS","M","?","M","?","M","E","M","R","T","M","?","M","$","?","R","BOSS","M","M","M","M","$","M","?","E","T","M","R","M","?","?","R","BOSS"],"items_purchased_type":["Relic","Card","Relic","Relic","Card","Relic","Card","Relic"],"build_version":"2020-12-22","purchased_purges":3,"victory":true,"max_hp_per_floor":[79,79,79,79,79,79,79,79,89,89,89,89,89,89,89,89,89,89,89,89,89,89,89,89,89,89,89,89,89,89,89,89,89,89,89,89,89,89,89,89,89,89,89,89,89,89,89,89,89,89],"card_choices":[{"not_picked":["Crescendo","CrushJoints"],"picked":"Consecrate","floor":1.0},{"not_picked":["WaveOfTheHand","Evaluate"],"picked":"FollowUp","floor":4.0},{"not_picked":["TalkToTheHand","ThirdEye"],"picked":"SashWhip","floor":5.0},{"not_picked":["FlurryOfBlows","Sanctity"],"picked":"ThirdEye","floor":6.0},{"not_picked":["Conclude","FollowUp"],"picked":"EmptyFist","floor":8.0},{"not_picked":["JustLucky","CutThroughFate"],"picked":"PathToVictory","floor":11.0},{"not_picked":["Scrawl","PathToVictory"],"picked":"Swivel","floor":13.0},{"not_picked":["Omniscience","Brilliance"],"picked":"Establishment","floor":16.0},{"not_picked":["ClearTheMind","Meditate"],"picked":"WindmillStrike","floor":18.0},{"not_picked":["SashWhip","FlurryOfBlows"],"picked":"Evaluate","floor":20.0},{"not_picked":["WaveOfTheHand+1","Adaptation"],"picked":"Protect+1","floor":22.0},{"not_picked":["PathToVictory+1","JustLucky+1"],"picked":"Wallop+1","floor":23.0},{"not_picked":["BowlingBash","ThirdEye"],"picked":"Halt","floor":24.0},{"not_picked":["EmptyBody","Conclude"],"picked":"SandsOfTime","floor":27},{"not_picked":["BowlingBash+1","Evaluate"],"picked":"Pray+1","floor":29},{"not_picked":["Crescendo+1","Wallop"],"picked":"DeusExMachina","floor":31},{"not_picked":["MasterReality","DeusExMachina"],"picked":"Judgement","floor":33},{"not_picked":[],"picked":"BattleHymn","floor":35},{"not_picked":[],"picked":"Perseverance+1","floor":36},{"not_picked":["CrushJoints"],"picked":"SKIP","floor":37},{"not_picked":["JustLucky"],"picked":"SKIP","floor":38},{"not_picked":["CarveReality"],"picked":"SKIP","floor":40},{"not_picked":[],"picked":"Halt","floor":41},{"not_picked":["Consecrate+1"],"picked":"SKIP","floor":42},{"not_picked":["Evaluate+1"],"picked":"SKIP","floor":44},{"not_picked":["PathToVictory+1"],"picked":"SKIP","floor":46}],"player_experience":77889,"relics_obtained":[{"floor":6.0,"key":"Omamori"},{"floor":8.0,"key":"Gremlin Horn"},{"floor":9.0,"key":"Pear"},{"floor":17.0,"key":"Pen Nib"},{"floor":17.0,"key":"Shuriken"},{"floor":17.0,"key":"Girya"},{"floor":23.0,"key":"Calipers"},{"floor":26.0,"key":"Bottled Flame"},{"floor":42,"key":"Centennial Puzzle"},{"floor":43,"key":"Potion Belt"}],"event_choices":[{"damage_healed":0.0,"max_hp_gain":0.0,"max_hp_loss":0.0,"gold_gain":75.0,"event_name":"World of Goop","player_choice":"Gather Gold","floor":2.0,"gold_loss":0.0,"damage_taken":11.0},{"damage_healed":0.0,"max_hp_gain":0.0,"max_hp_loss":0.0,"gold_gain":0.0,"event_name":"Scrap Ooze","player_choice":"Success","floor":3.0,"gold_loss":0.0,"damage_taken":12.0,"relics_obtained":["InkBottle"]},{"damage_healed":0.0,"max_hp_gain":0.0,"max_hp_loss":0.0,"gold_gain":30.0,"event_name":"Dead Adventurer","player_choice":"Searched \u00272\u0027 times","floor":8.0,"gold_loss":0.0,"damage_taken":0.0},{"cards_removed":["Strike_P"],"damage_healed":0.0,"max_hp_gain":0.0,"max_hp_loss":0.0,"gold_gain":0.0,"event_name":"Living Wall","player_choice":"Forget","floor":12.0,"gold_loss":0.0,"damage_taken":0.0},{"damage_healed":0.0,"max_hp_gain":0.0,"max_hp_loss":0.0,"gold_gain":0.0,"event_name":"Back to Basics","player_choice":"Simplicity","floor":19.0,"gold_loss":0.0,"damage_taken":0.0,"cards_upgraded":["Strike_P","Strike_P","Defend_P","Defend_P","Defend_P","Defend_P"]},{"damage_healed":0.0,"max_hp_gain":0.0,"max_hp_loss":0.0,"gold_gain":0.0,"event_name":"The Mausoleum","player_choice":"Opened","floor":21.0,"gold_loss":0.0,"damage_taken":0.0,"relics_obtained":["Nunchaku"]},{"cards_removed":["Strike_P"],"damage_healed":0,"gold_gain":0,"player_choice":"Removed Attack","damage_taken":0,"max_hp_gain":0,"max_hp_loss":0,"event_name":"Falling","floor":47,"gold_loss":0},{"damage_healed":0,"gold_gain":0,"player_choice":"Ignored","damage_taken":0,"max_hp_gain":0,"max_hp_loss":0,"event_name":"NoteForYourself","floor":48,"gold_loss":0}],"is_beta":false,"boss_relics":[{"not_picked":["Black Star","Snecko Eye"],"picked":"Calling Bell"},{"not_picked":["Cursed Key","HolyWater"],"picked":"Busted Crown"}],"items_purged_floors":[14,28,39],"is_endless":false,"potions_floor_spawned":[5,6,13,27,31,33,38,40,41,42,44,46],"ascension_level":0}}