{"host":"xr2w6q7a088fu8w2","time":1614224970,"event":{"mods":["AchievementEnabler","BaseMod","Koishi","Minty Spire (QoL Compilation)","StSLib","UnlockEverythingMod"],"gold_per_floor":[110,129,129,129,4,4,40,40,65,85,99,99,99,115,115,240,240,254,254,154,169,184,86,86,109,134,134,159,174,99,117,117,236,236,249,582,1581,588,588,588,602,602,628,644,659,265,265,277,277,277],"floor_reached":51,"language":"ZHS","playtime":3451,"items_purged":["Koishi:BasicDefend","Koishi:BasicStrike","Normality","Normality"],"score":849,"play_id":"be23aaf5-7cc0-43db-a90b-5b606623ab3e","local_time":"20210225114930","is_ascension_mode":false,"campfire_choices":[{"floor":6,"key":"REST"},{"data":"Koishi:Possession","floor":12,"key":"SMITH"},{"data":"Koishi:MentalBreakdown","floor":15,"key":"SMITH"},{"data":"Koishi:PhantomBarrier","floor":24,"key":"SMITH"},{"data":"Koishi:ParalyzingFear","floor":27,"key":"SMITH"},{"data":"Jack Of All Trades","floor":32,"key":"SMITH"},{"data":"Koishi:TraumaticStroke","floor":40,"key":"SMITH"},{"data":"Koishi:ReleaseOfTheId","floor":49,"key":"SMITH"}],"circlet_count":0,"master_deck":["Koishi:BasicStrike","Koishi:BasicStrike","Koishi:BasicDefend","Koishi:BasicDefend","Koishi:BasicDefend","Koishi:Provoke","Koishi:HauntingSlash","Koishi:PhantomBarrier+1","Koishi:Jaunt","Koishi:ParalyzingFear+1","Koishi:StrangeCloudFist","Koishi:Possession+1","Koishi:MentalBreakdown+1","Koishi:ReleaseOfTheId+1","Jack Of All Trades+1","Koishi:SubconsciousSweep","Koishi:PhantomStrike+1","Koishi:TraumaticStroke+1","Writhe","Koishi:JumpScare+1"],"relics":["Koishi:ImaginaryFriend","Koishi:BloodstainedWhiteRose","Thread and Needle","Vajra","Coffee Dripper","Smiling Mask","Busted Crown","Lizard Tail","StoneCalendar","Strange Spoon","Koishi:AHoleWhereASisterShouldBe","Medical Kit","CeramicFish"],"acts_visited":["Exordium","TheCity","TheBeyond"],"potions_floor_usage":[7,16,16,18,25,33,33,38,50,50,50],"damage_taken":[{"damage":0,"enemies":"Jaw Worm","floor":1,"turns":6},{"damage":0,"enemies":"2 Louse","floor":2,"turns":4},{"damage":10,"enemies":"Gremlin Nob","floor":7,"turns":5},{"damage":0,"enemies":"Cultist","floor":10,"turns":3},{"damage":0,"enemies":"Blue Slaver","floor":11,"turns":4},{"damage":0,"enemies":"Exordium Thugs","floor":14,"turns":4},{"damage":14,"enemies":"Hexaghost","floor":16,"turns":12},{"damage":0,"enemies":"Spheric Guardian","floor":18,"turns":3},{"damage":8,"enemies":"2 Thieves","floor":21,"turns":4},{"damage":9,"enemies":"Chosen and Byrds","floor":22,"turns":6},{"damage":0,"enemies":"Sentry and Sphere","floor":25,"turns":4},{"damage":0,"enemies":"Snecko","floor":28,"turns":6},{"damage":25,"enemies":"Shelled Parasite and Fungi","floor":29,"turns":4},{"damage":13,"enemies":"Snake Plant","floor":31,"turns":3},{"damage":67,"enemies":"Collector","floor":33,"turns":9},{"damage":41,"enemies":"3 Shapes","floor":35,"turns":3},{"damage":0,"enemies":"Orb Walker","floor":41,"turns":3},{"damage":2,"enemies":"Maw","floor":44,"turns":7},{"damage":24,"enemies":"4 Shapes","floor":45,"turns":5},{"damage":6,"enemies":"Spire Growth","floor":48,"turns":5},{"damage":0,"enemies":"Donu and Deca","floor":50,"turns":10}],"seed_played":"3896257631170096922","potions_obtained":[{"floor":2,"key":"AttackPotion"},{"floor":10,"key":"SpeedPotion"},{"floor":11,"key":"Explosive Potion"},{"floor":14,"key":"Strength Potion"},{"floor":18,"key":"Energy Potion"},{"floor":22,"key":"Regen Potion"},{"floor":29,"key":"EssenceOfSteel"},{"floor":44,"key":"EssenceOfSteel"}],"is_trial":false,"path_per_floor":["M","M","?","?","$","R","E","?","T","M","M","R","$","M","R","B",null,"M","?","$","M","M","$","R","M","T","R","M","M","?","M","R","B",null,"M","?","?","$","?","R","M","?","T","M","M","$","?","M","R","B",null],"character_chosen":"KOISHI","items_purchased":["Koishi:ParalyzingFear","FairyPotion","Lizard Tail","StoneCalendar","Strange Spoon","Fruit Juice","Regen Potion","Koishi:TraumaticStroke","Medical Kit","CeramicFish","Block Potion"],"campfire_rested":1,"item_purchase_floors":[5,23,38,38,38,38,38,38,46,46,46],"current_hp_per_floor":[66,66,59,43,43,62,57,62,62,66,69,69,69,71,71,63,71,71,59,59,55,50,50,50,50,50,50,54,33,33,24,24,7,71,33,33,33,38,38,38,41,60,60,61,45,45,45,51,51,72],"gold":277,"neow_bonus":"TEN_PERCENT_HP_BONUS","is_daily":false,"chose_seed":false,"campfire_upgraded":7,"win_rate":0.0,"timestamp":1614224970,"path_taken":["M","M","?","?","$","R","E","?","T","M","M","R","$","M","R","BOSS","M","?","$","M","M","?","R","M","T","R","M","M","?","?","R","BOSS","M","?","?","$","?","R","M","?","T","M","M","$","?","M","R","BOSS"],"items_purchased_type":["Card","Potion","Relic","Relic","Relic","Potion","Potion","Card","Relic","Relic","Potion"],"build_version":"2020-12-22","purchased_purges":4,"victory":true,"max_hp_per_floor":[66,66,66,66,66,66,66,71,71,71,71,71,71,71,71,71,71,71,71,71,71,71,71,71,71,71,71,71,71,71,71,71,71,71,71,71,71,76,76,76,76,76,76,76,76,76,76,76,76,76],"card_choices":[{"not_picked":["Koishi:HeartfeltFancy","Koishi:Untouchable"],"picked":"Koishi:PhantomBarrier","floor":1},{"not_picked":["Koishi:Whimsy","Koishi:HeartfeltFancy"],"picked":"Koishi:Jaunt","floor":2},{"not_picked":["Koishi:MassHysteria","Koishi:EmbryosDream","Koishi:UnconsciousUprising"],"picked":"SKIP","floor":7},{"not_picked":["Koishi:UnconsciousUprising","Koishi:EmbryosDream"],"picked":"Koishi:StrangeCloudFist","floor":10},{"not_picked":["Koishi:FleetingPhantom","Koishi:PhantomStrike"],"picked":"Koishi:Possession","floor":11},{"not_picked":["Koishi:StingingMind","Koishi:ParalyzingFear"],"picked":"Koishi:MentalBreakdown","floor":14},{"not_picked":["Koishi:Jaunt","Koishi:FreudianInstinct"],"picked":"Koishi:ReleaseOfTheId","floor":18},{"not_picked":["Koishi:Bloodlust","Koishi:Untouchable","Koishi:BloodcurdlingScream"],"picked":"SKIP","floor":21},{"not_picked":["Koishi:StrangeCloudFist+1","Koishi:RacingHeart"],"picked":"Koishi:SubconsciousSweep","floor":22},{"not_picked":["Koishi:GhostParty","Koishi:JumpScare","Koishi:PredatoryInstincts"],"picked":"SKIP","floor":25},{"not_picked":["Koishi:FleetingPhantom+1","Koishi:PhantomBarrier+1"],"picked":"Koishi:PhantomStrike+1","floor":28},{"not_picked":["Koishi:MindNumbingTerror","Koishi:Jaunt","Koishi:UnconsciousUprising+1"],"picked":"SKIP","floor":29},{"not_picked":["Koishi:SubterraneanRose","Koishi:ReflexRadar","Koishi:EmbryosDream"],"picked":"SKIP","floor":31},{"not_picked":["Koishi:BloodcurdlingScream"],"picked":"SKIP","floor":35},{"not_picked":["Koishi:FleetingPhantom+1"],"picked":"SKIP","floor":41},{"not_picked":[],"picked":"Koishi:JumpScare+1","floor":44},{"not_picked":["Koishi:HeartfeltFancy"],"picked":"SKIP","floor":45},{"not_picked":["Koishi:PredatoryInstincts"],"picked":"SKIP","floor":48}],"player_experience":150512,"relics_obtained":[{"floor":7,"key":"Thread and Needle"},{"floor":9,"key":"Vajra"},{"floor":26,"key":"Smiling Mask"},{"floor":43,"key":"Koishi:AHoleWhereASisterShouldBe"}],"event_choices":[{"damage_healed":0,"gold_gain":0,"player_choice":"Success","damage_taken":7,"relics_obtained":["Koishi:BloodstainedWhiteRose"],"max_hp_gain":0,"max_hp_loss":0,"event_name":"Scrap Ooze","floor":3,"gold_loss":0},{"damage_healed":0,"gold_gain":0,"player_choice":"Take Damage","damage_taken":16,"relics_obtained":["Golden Idol"],"max_hp_gain":0,"max_hp_loss":0,"event_name":"Golden Idol","floor":4,"gold_loss":0},{"damage_healed":0,"gold_gain":0,"player_choice":"Donut","damage_taken":0,"max_hp_gain":5,"max_hp_loss":0,"event_name":"Big Fish","floor":8,"gold_loss":0},{"damage_healed":0,"gold_gain":0,"player_choice":"CARD ","damage_taken":12,"max_hp_gain":0,"max_hp_loss":0,"event_name":"Knowing Skull","floor":19,"potions_obtained":[],"gold_loss":0,"cards_obtained":["Jack Of All Trades"]},{"damage_healed":0,"gold_gain":0,"player_choice":"CARD ","damage_taken":12,"max_hp_gain":0,"max_hp_loss":0,"event_name":"Knowing Skull","floor":19,"potions_obtained":[],"gold_loss":0,"cards_obtained":["Jack Of All Trades"]},{"cards_removed":["Koishi:BasicStrike"],"damage_healed":0,"gold_gain":0,"player_choice":"Gave Gold","damage_taken":0,"max_hp_gain":0,"max_hp_loss":0,"event_name":"Beggar","floor":30,"gold_loss":75},{"damage_healed":0,"gold_gain":333,"player_choice":"Gave Idol","damage_taken":0,"max_hp_gain":0,"max_hp_loss":0,"event_name":"The Moai Head","floor":36,"relics_lost":["Golden Idol"],"gold_loss":0},{"damage_healed":0,"gold_gain":999,"player_choice":"Gold","damage_taken":0,"max_hp_gain":0,"max_hp_loss":0,"event_name":"MindBloom","floor":37,"gold_loss":0,"cards_obtained":["Normality","Normality"]},{"damage_healed":0,"gold_gain":0,"player_choice":"Ignored","damage_taken":0,"max_hp_gain":0,"max_hp_loss":0,"event_name":"Tomb of Lord Red Mask","floor":39,"gold_loss":0},{"damage_healed":19,"gold_gain":0,"player_choice":"Writhe","damage_taken":0,"max_hp_gain":0,"max_hp_loss":0,"event_name":"Winding Halls","floor":42,"gold_loss":0,"cards_obtained":["Writhe"]},{"damage_healed":0,"gold_gain":0,"player_choice":"Memory 1","damage_taken":0,"max_hp_gain":0,"max_hp_loss":0,"event_name":"SensoryStone","floor":47,"gold_loss":0}],"is_beta":false,"boss_relics":[{"not_picked":["Empty Cage","Calling Bell"],"picked":"Coffee Dripper"},{"not_picked":["Astrolabe","Cursed Key"],"picked":"Busted Crown"}],"items_purged_floors":[5,20,38,46],"is_endless":false,"potions_floor_spawned":[2,10,11,14,18,22,29,44],"ascension_level":0}}