{"host":"8is2j71l4wmybkoi","time":1614265377,"event":{"mods":["AchievementEnabler","BaseMod","Colored Map","DeckTracker","Minty Spire (QoL Compilation)","Rare Cards Sparkle","Relic Stats","StSLib","SuperFastMode"],"gold_per_floor":[114,125,125,141,160,160,195,195,222,255,180,180,105,124,124,198,198,210,54,34,115,15,43,43,62,62,62,62,76,90,100,100,177,177,191,191,491,507,561,561,561],"floor_reached":40,"language":"KOR","playtime":3567,"items_purged":["Strike_G","Defend_G"],"score":725,"play_id":"657ba477-4161-4894-9fbe-72ab11e686c2","local_time":"20210226000257","is_ascension_mode":true,"campfire_choices":[{"data":"Well Laid Plans","floor":6.0,"key":"SMITH"},{"data":"Concentrate","floor":8.0,"key":"SMITH"},{"floor":12.0,"key":"REST"},{"data":"Phantasmal Killer","floor":15.0,"key":"SMITH"},{"floor":24.0,"key":"REST"},{"data":"Venomology","floor":28.0,"key":"SMITH"},{"floor":32,"key":"REST"}],"circlet_count":0,"master_deck":["AscendersBane","Strike_G","Strike_G","Defend_G","Defend_G","Survivor","Neutralize","Backflip","Endless Agony","Bouncing Flask","Well Laid Plans+1","Quick Slash","Concentrate+1","Phantasmal Killer+1","Venomology+1","Acrobatics","Sucker Punch+1","Backflip","Dagger Throw","Prepared+1","Doppelganger+1","Acrobatics+1"],"relics":["Ring of the Snake","Tiny Chest","Pen Nib","Oddly Smooth Stone","HoveringKite","Omamori","Mummified Hand","StrikeDummy","Bronze Scales","Toxic Egg 2","Fusion Hammer"],"acts_visited":["Exordium","TheCity","TheBeyond"],"potions_floor_usage":[31,33,33,35,40],"damage_taken":[{"damage":1.0,"enemies":"Cultist","floor":1.0,"turns":4.0},{"damage":0.0,"enemies":"Small Slimes","floor":2.0,"turns":3.0},{"damage":0.0,"enemies":"2 Louse","floor":4.0,"turns":2.0},{"damage":0.0,"enemies":"Exordium Wildlife","floor":5.0,"turns":4.0},{"damage":20.0,"enemies":"Lagavulin","floor":7.0,"turns":6.0},{"damage":16.0,"enemies":"3 Sentries","floor":10.0,"turns":8.0},{"damage":9.0,"enemies":"Large Slime","floor":14.0,"turns":7.0},{"damage":3.0,"enemies":"Hexaghost","floor":16.0,"turns":7.0},{"damage":17.0,"enemies":"2 Thieves","floor":18.0,"turns":4.0},{"damage":35.0,"enemies":"Slavers","floor":23.0,"turns":4.0},{"damage":0.0,"enemies":"Chosen","floor":25.0,"turns":3.0},{"damage":12.0,"enemies":"Snake Plant","floor":29.0,"turns":4.0},{"damage":0.0,"enemies":"Cultist and Chosen","floor":30.0,"turns":3.0},{"damage":0,"enemies":"Cultist and Chosen","floor":31,"turns":6},{"damage":40,"enemies":"Automaton","floor":33,"turns":8},{"damage":2,"enemies":"3 Darklings","floor":35,"turns":4},{"damage":20,"enemies":"3 Shapes","floor":38,"turns":3},{"damage":41,"enemies":"Reptomancer","floor":40,"turns":5}],"seed_played":"8850078178526690772","potions_obtained":[{"floor":2.0,"key":"Swift Potion"},{"floor":5.0,"key":"PowerPotion"},{"floor":7.0,"key":"Block Potion"},{"floor":10.0,"key":"DistilledChaos"},{"floor":18.0,"key":"BlessingOfTheForge"},{"floor":20.0,"key":"LiquidBronze"},{"floor":23.0,"key":"Dexterity Potion"},{"floor":27.0,"key":"SpeedPotion"},{"floor":30,"key":"Regen Potion"},{"floor":38,"key":"SkillPotion"}],"is_trial":false,"path_per_floor":["M","M","?","M","M","R","E","R","T","E","?","R","$","M","R","B",null,"M","$","?","T","$","E","R","M","T","?","R","M","M","M","R","B",null,"M","?","?","M","T","E"],"character_chosen":"THE_SILENT","items_purchased":["Omamori"],"campfire_rested":3,"item_purchase_floors":[19],"current_hp_per_floor":[43,43,43,43,43,43,23,23,23,7,7,26,26,17,17,14,53,36,36,36,36,36,1,20,20,20,20,20,8,8,23,42,2,50,48,48,48,28,28,0,0],"gold":561,"neow_bonus":"TRANSFORM_TWO_CARDS","is_daily":false,"chose_seed":false,"campfire_upgraded":4,"win_rate":0.0,"timestamp":1614265377,"path_taken":["M","?","?","M","M","R","E","R","T","E","?","R","?","M","R","BOSS","M","$","?","?","?","E","R","M","T","?","R","M","?","M","R","BOSS","M","?","?","?","?","E"],"items_purchased_type":["Relic"],"build_version":"2020-12-22","purchased_purges":2,"victory":false,"max_hp_per_floor":[66,66,66,66,66,66,66,66,66,66,66,66,66,66,66,66,66,66,66,66,66,66,66,66,66,66,66,66,66,66,66,66,66,66,66,66,66,66,66,66,66],"relic_stats":{"counters":[18,85],"Mummified Hand":[9],"Bronze Scales":[84],"HoveringKite":[32],"Tiny Chest":3,"Pen Nib":[17],"obtain_stats":[{"Mummified Hand":21,"Bronze Scales":26,"Oddly Smooth Stone":10,"HoveringKite":17,"Tiny Chest":7,"Pen Nib":9,"Fusion Hammer":34,"Omamori":19,"Toxic Egg 2":30,"StrikeDummy":23,"Ring of the Snake":0},{"Mummified Hand":9,"Bronze Scales":11,"Oddly Smooth Stone":6,"HoveringKite":8,"Tiny Chest":5,"Pen Nib":5,"Fusion Hammer":15,"Omamori":9,"Toxic Egg 2":13,"StrikeDummy":10,"Ring of the Snake":0},{"Mummified Hand":45,"Bronze Scales":52,"Oddly Smooth Stone":27,"HoveringKite":41,"Tiny Chest":19,"Pen Nib":19,"Fusion Hammer":73,"Omamori":45,"Toxic Egg 2":59,"StrikeDummy":49,"Ring of the Snake":0}],"Ring of the Snake":[38]},"card_choices":[{"not_picked":["Outmaneuver","Dagger Throw"],"picked":"Endless Agony","floor":1.0},{"not_picked":["Bane","Dagger Spray"],"picked":"Bouncing Flask","floor":2.0},{"not_picked":["Dagger Spray","Underhanded Strike"],"picked":"Well Laid Plans","floor":4.0},{"not_picked":["Endless Agony","Slice"],"picked":"Quick Slash","floor":5.0},{"not_picked":["Underhanded Strike","Expertise"],"picked":"Concentrate","floor":7.0},{"not_picked":["Finisher","Underhanded Strike"],"picked":"Phantasmal Killer","floor":10.0},{"not_picked":["Prepared","Heel Hook","Well Laid Plans"],"picked":"SKIP","floor":14.0},{"not_picked":["Wraith Form v2","Doppelganger"],"picked":"Venomology","floor":16.0},{"not_picked":["Dodge and Roll","Predator"],"picked":"Acrobatics","floor":18.0},{"not_picked":["Deadly Poison","Well Laid Plans"],"picked":"Sucker Punch+1","floor":23.0},{"not_picked":["Finisher","Bane"],"picked":"Backflip","floor":25.0},{"not_picked":["Dodge and Roll","Predator"],"picked":"Dagger Throw","floor":29.0},{"not_picked":["Blade Dance+1","Outmaneuver+1"],"picked":"Prepared+1","floor":31},{"not_picked":["Envenom","Wraith Form v2"],"picked":"Doppelganger+1","floor":33},{"not_picked":["Underhanded Strike+1","Distraction+1"],"picked":"Acrobatics+1","floor":35},{"not_picked":["Dagger Spray","Acrobatics+1","Deflect+1"],"picked":"SKIP","floor":38}],"player_experience":1340182,"relics_obtained":[{"floor":7.0,"key":"Tiny Chest"},{"floor":9.0,"key":"Pen Nib"},{"floor":10.0,"key":"Oddly Smooth Stone"},{"floor":21.0,"key":"Mummified Hand"},{"floor":23.0,"key":"StrikeDummy"},{"floor":26.0,"key":"Bronze Scales"},{"floor":30,"key":"Toxic Egg 2"}],"event_choices":[{"cards_removed":["Strike_G"],"damage_healed":0.0,"max_hp_gain":0.0,"max_hp_loss":0.0,"gold_gain":0.0,"event_name":"Living Wall","player_choice":"Forget","floor":3.0,"gold_loss":0.0,"damage_taken":0.0},{"cards_removed":["Defend_G"],"damage_healed":0.0,"max_hp_gain":0.0,"max_hp_loss":0.0,"gold_gain":0.0,"event_name":"The Cleric","player_choice":"Card Removal","floor":11.0,"gold_loss":75.0,"damage_taken":0.0},{"damage_healed":0.0,"max_hp_gain":0.0,"max_hp_loss":0.0,"gold_gain":0.0,"event_name":"The Woman in Blue","player_choice":"Bought 1 Potion","floor":20.0,"gold_loss":0.0,"damage_taken":0.0},{"damage_healed":0.0,"max_hp_gain":0.0,"max_hp_loss":0.0,"gold_gain":0.0,"event_name":"Lab","player_choice":"Got Potions","floor":27.0,"gold_loss":0.0,"damage_taken":0.0},{"cards_removed":["Dagger Spray"],"damage_healed":0,"gold_gain":0,"player_choice":"Removed Attack","damage_taken":0,"max_hp_gain":0,"max_hp_loss":0,"event_name":"Falling","floor":36,"gold_loss":0},{"damage_healed":0,"gold_gain":300,"player_choice":"Gold","damage_taken":0,"max_hp_gain":0,"max_hp_loss":0,"event_name":"Wheel of Change","floor":37,"gold_loss":0}],"is_beta":false,"boss_relics":[{"not_picked":["Calling Bell","Sozu"],"picked":"HoveringKite"},{"not_picked":["Ring of the Serpent","Cursed Key"],"picked":"Fusion Hammer"}],"items_purged_floors":[13,22],"is_endless":false,"potions_floor_spawned":[2,5,7,10,18,23,29,30,38],"killed_by":"Reptomancer","ascension_level":15}}