{"host":"mp4nw1ahnxiisuiw","time":1614218159,"event":{"mods":["AchievementEnabler","BaseMod","Better Note","Block Reminder","Colored Map","Colored Powertips","Curses Come First","DeckTracker","Dio Mod","Downfall","Hero for Fun","Highlight Path","HololiveMod","Koishi","Marisa????????","Minty Spire (QoL Compilation)","Permanent Neow","Quick Restart","Rare Cards Sparkle","Relic Sorter","Relic Stats","Remilia??????","Replay The Spire","Small Relic Pack","Spikes Relics","StSLib","Td1madao Mod","The Animator","The Bug Knight","The Senshi","Waifu the Spire","Wandering Minibosses"],"gold_per_floor":[115,133,233,81,93,124,124,157,157,157,172,172,186,186,186,186,186],"floor_reached":16,"language":"ENG","playtime":774,"items_purged":[],"score":160,"play_id":"5fb71f2c-6342-403c-8909-88ded281a1f1","local_time":"20210225025559","is_ascension_mode":false,"campfire_choices":[{"data":"DemonKingCradle","floor":10,"key":"SMITH"},{"data":"ChaoticDestiny","floor":12,"key":"SMITH"},{"data":"Ultimatum","floor":15,"key":"SMITH"}],"circlet_count":0,"master_deck":["Strike_RM","Defend_RM","Defend_RM","Defend_RM","Defend_RM","ScarletShoot","VampireKiss","DiffusionOfMisfortune","Septette","EndlessAdversity","CharismaGuard","ChaoticDestiny+1","Stigmanizer","ChainGang","DemonKingCradle+1","GlobalNightmare+1","BlasphemousPunishment+1","Ultimatum+1","relicPack:TruthCard","ReplayTheSpireMod:Necrosis+1","bronze:Assembly+1","BloodyHallows+1"],"relics":["ScarletHat","Orrery","Toxic Egg 2","FairyMaid","relicPack:EdsArm"],"acts_visited":["Exordium"],"potions_floor_usage":[6],"damage_taken":[{"damage":0.0,"enemies":"Cultist","floor":1.0,"turns":5.0},{"damage":0.0,"enemies":"Small Slimes","floor":2.0,"turns":5.0},{"damage":6.0,"enemies":"Jaw Worm","floor":5.0,"turns":3.0},{"damage":0,"enemies":"Gremlin Nob","floor":6,"turns":5},{"damage":0,"enemies":"Lagavulin","floor":8,"turns":6},{"damage":3,"enemies":"Looter","floor":11,"turns":4},{"damage":20,"enemies":"2 Fungi Beasts","floor":13,"turns":2},{"damage":61,"enemies":"The Guardian","floor":16,"turns":6}],"seed_played":"6165575922254766847","potions_obtained":[{"floor":5.0,"key":"Weak Potion"},{"floor":6,"key":"champ:CounterPotion"}],"is_trial":false,"path_per_floor":["M","M","?","$","M","E","$","E","T","R","M","R","M","?","R","B"],"character_chosen":"REMILIA","items_purchased":["Orrery"],"campfire_rested":0,"item_purchase_floors":[4],"current_hp_per_floor":[75,75,75,75,69,69,69,75,75,75,72,72,52,52,52,0,0],"gold":186,"neow_bonus":"THREE_CARDS","is_daily":false,"chose_seed":false,"campfire_upgraded":3,"win_rate":0.0,"timestamp":1614218159,"path_taken":["M","?","?","$","M","E","$","E","T","R","M","R","?","?","R","BOSS"],"items_purchased_type":["Relic"],"build_version":"2020-12-22","purchased_purges":0,"victory":false,"max_hp_per_floor":[75,75,75,75,75,75,75,75,75,75,75,75,75,70,70,70,70],"relic_stats":{"counters":[8,36],"obtain_stats":[{"relicPack:EdsArm":14,"Orrery":4,"FairyMaid":8,"Toxic Egg 2":6,"ScarletHat":0},{"relicPack:EdsArm":7,"Orrery":2,"FairyMaid":5,"Toxic Egg 2":4,"ScarletHat":0},{"relicPack:EdsArm":30,"Orrery":10,"FairyMaid":24,"Toxic Egg 2":18,"ScarletHat":0}]},"card_choices":[{"not_picked":["BloodHunter","UnderTheZenith"],"picked":"VampireKiss","floor":0.0},{"not_picked":["NightDance","SuperhumanBloodyKnife"],"picked":"DiffusionOfMisfortune","floor":1.0},{"not_picked":["VampireKiss","BombardNight"],"picked":"Septette","floor":2.0},{"not_picked":["Septette","VampirishNight"],"picked":"EndlessAdversity","floor":4.0},{"not_picked":["DevilSight","ScarletNetherworld"],"picked":"BadLadyScramble","floor":4.0},{"not_picked":["BloodHunter","ScarletDevil"],"picked":"RedRainbow","floor":4.0},{"not_picked":["Stigmanizer","UnderTheZenith"],"picked":"CharismaGuard","floor":4.0},{"not_picked":["BloodyTrap","VampirishNight"],"picked":"ChaoticDestiny","floor":4.0},{"not_picked":["FavorOfDestiny","UnstableMagic"],"picked":"Stigmanizer","floor":5.0},{"not_picked":["NightDance","StarOfDavid"],"picked":"ChainGang","floor":6},{"not_picked":["BombardNight","BloodHunter+1"],"picked":"DemonKingCradle","floor":6},{"not_picked":["LeisurelyOfLord","BloodHunter+1"],"picked":"GlobalNightmare+1","floor":8},{"not_picked":["DiffusionOfMisfortune","VampireKiss"],"picked":"BlasphemousPunishment+1","floor":11},{"not_picked":["VampireFantasy+1","RedRainbow"],"picked":"Ultimatum","floor":13}],"player_experience":137265,"relics_obtained":[{"floor":6,"key":"Toxic Egg 2"},{"floor":8,"key":"FairyMaid"}],"event_choices":[{"damage_healed":0.0,"max_hp_gain":0.0,"max_hp_loss":0.0,"gold_gain":100.0,"event_name":"Golden Shrine","player_choice":"Pray","floor":3.0,"gold_loss":0.0,"damage_taken":0.0}],"is_beta":false,"boss_relics":[],"items_purged_floors":[],"is_endless":false,"potions_floor_spawned":[5,6],"killed_by":"The Guardian","ascension_level":0}}