{"host":"ur8591ivwt16uwtw","time":1614292000,"event":{"mods":["BaseMod","Hubris","Minty Spire (QoL Compilation)","Rare Cards Sparkle","Replay The Spire","StSLib","The Disciple","The Necromancer","The Runesmith","The Servant 0.9.4"],"gold_per_floor":[113,128,146,146,146,182,18,18,18,57,109,109,164,164,164,305,305,338,397,78,3,3,3,68,108,131,131,177,231,302,343,343,514,514,565,565,656,111,151,151,201,260,287,287,352,404,404,450,450,484],"floor_reached":51,"language":"ENG","playtime":5183,"items_purged":["Strike_S"],"score":1090,"play_id":"784f432f-1d92-4088-89af-56d342935f3b","local_time":"20210225232640","is_ascension_mode":false,"campfire_choices":[{"data":"TheWorld","floor":8.0,"key":"SMITH"},{"data":"InstantArmor","floor":12.0,"key":"SMITH"},{"data":"FloweringNight","floor":23.0,"key":"SMITH"},{"data":"Pot Of Greed","floor":32.0,"key":"SMITH"},{"data":"ReturningBlade","floor":40,"key":"SMITH"},{"data":"Duplication","floor":44,"key":"SMITH"},{"data":"SoulSculpture","floor":49,"key":"SMITH"}],"circlet_count":0,"master_deck":["Strike_S+1","Defend_S","Defend_S+1","KidneyShot","Exchange","InstantArmor+1","DoubleEdge+1","FastForward+1","Dilation+1","TheWorld+1","Ricochet+1","Pot Of Greed+1","Pot Of Greed","FloweringNight+1","FastForward+1","BestPractice+1","BottledTime","Duplication+1","Madness","Madness","ReturningBlade+1","Luminosity+1","Pot Of Greed","SoulSculpture+1","StarChef","SurpressingFire+1","Dilation+1"],"relics":["Uniform","Golden Idol","hubris:DeckOfHolding","Replay:Bandana","Ice Cream","Grinning Jar","hubris:RunicObelisk","hubris:EmptyBottle","Snack Pack","Replay:Rubber Ducky","Empty Cage","Thread and Needle","War Paint","ClockworkSouvenir","Letter Opener","The Courier","Smiling Mask","Dream Catcher"],"acts_visited":["Exordium","TheCity","TheBeyond"],"potions_floor_usage":[33,33,33,37,37,37,37,50,50,50,50],"damage_taken":[{"damage":1.0,"enemies":"Cultist","floor":1.0,"turns":4.0},{"damage":0.0,"enemies":"2 Louse","floor":2.0,"turns":2.0},{"damage":1.0,"enemies":"Small Slimes","floor":3.0,"turns":3.0},{"damage":5.0,"enemies":"3 Sentries","floor":6.0,"turns":10.0},{"damage":0.0,"enemies":"Exordium Wildlife","floor":10.0,"turns":2.0},{"damage":0.0,"enemies":"Lagavulin","floor":11.0,"turns":7.0},{"damage":0.0,"enemies":"Gremlin Nob","floor":13.0,"turns":2.0},{"damage":0.0,"enemies":"The Guardian","floor":16.0,"turns":13.0},{"damage":0.0,"enemies":"Chosen","floor":18.0,"turns":3.0},{"damage":0.0,"enemies":"3 Byrds","floor":19.0,"turns":3.0},{"damage":0.0,"enemies":"Book of Stabbing","floor":24.0,"turns":5.0},{"damage":0.0,"enemies":"Snecko","floor":25.0,"turns":6.0},{"damage":0.0,"enemies":"Centurion and Healer","floor":28.0,"turns":4.0},{"damage":0.0,"enemies":"Chosen and Byrds","floor":29.0,"turns":3.0},{"damage":0.0,"enemies":"Gremlin Leader","floor":30.0,"turns":7.0},{"damage":0.0,"enemies":"Sentry and Sphere","floor":31.0,"turns":3.0},{"damage":0,"enemies":"Pondfish","floor":33,"turns":5},{"damage":15,"enemies":"3 Shapes","floor":35,"turns":4},{"damage":15,"enemies":"2 Orb Walkers","floor":37,"turns":3},{"damage":0,"enemies":"Orb Walker","floor":39,"turns":3},{"damage":0,"enemies":"Giant Head","floor":41,"turns":8},{"damage":19,"enemies":"Jaw Worm Horde","floor":42,"turns":3},{"damage":1,"enemies":"Nemesis","floor":45,"turns":6},{"damage":0,"enemies":"Sphere and 2 Shapes","floor":46,"turns":3},{"damage":0,"enemies":"3 Darklings","floor":48,"turns":4},{"damage":0,"enemies":"Donu and Deca","floor":50,"turns":8}],"seed_played":"-1484154274569761814","potions_obtained":[{"floor":1.0,"key":"Swift Potion"},{"floor":10.0,"key":"Strength Potion"},{"floor":18.0,"key":"AttackPotion"},{"floor":24.0,"key":"Strength Potion"},{"floor":29.0,"key":"PowerPotion"},{"floor":33,"key":"Energy Potion"},{"floor":41,"key":"EssenceOfSteel"},{"floor":46,"key":"FearPotion"}],"is_trial":false,"path_per_floor":["M","M","M","?","?","E","$","R","T","M","E","R","E","?","R","B",null,"M","M","$","?","?","R","E","M","T","?","M","M","E","M","R","B",null,"M","?","?","$","M","R","E","M","T","R","E","M","?","M","R","B",null],"character_chosen":"THE_SERVANT","items_purchased":["TheWorld","hubris:EmptyBottle","Fruit Juice","War Paint","ClockworkSouvenir","Letter Opener"],"campfire_rested":0,"item_purchase_floors":[7,20,20,38,38,38],"current_hp_per_floor":[70,70,69,69,52,47,47,47,47,47,47,47,47,47,33,33,71,71,71,71,71,71,71,71,71,71,71,71,81,81,81,81,81,81,68,58,49,49,51,51,61,44,44,44,53,55,55,59,59,69],"gold":484,"neow_bonus":"TEN_PERCENT_HP_BONUS","is_daily":false,"chose_seed":false,"campfire_upgraded":7,"win_rate":0.0,"timestamp":1614292000,"path_taken":["M","M","?","?","?","E","?","R","T","M","E","R","E","?","R","BOSS","M","M","$","?","?","R","E","M","T","?","M","M","E","?","R","BOSS","M","?","?","$","M","R","E","M","T","R","E","M","?","M","R","BOSS"],"items_purchased_type":["Card","Relic","Potion","Relic","Relic","Relic"],"build_version":"2020-12-22","purchased_purges":1,"victory":true,"max_hp_per_floor":[71,71,71,71,71,71,71,71,71,71,71,71,71,71,71,71,71,71,71,71,71,71,71,71,71,71,71,71,81,81,81,81,81,81,81,81,81,81,81,81,81,81,81,81,81,81,81,81,81,81],"card_choices":[{"not_picked":["MoonPhase","Starlight"],"picked":"InstantArmor","floor":1.0},{"not_picked":["Potential","Shuttle"],"picked":"DoubleEdge","floor":2.0},{"not_picked":["TimeWarp","Revamp"],"picked":"FastForward","floor":3.0},{"not_picked":["Unruled","ShatteredReality","Potential"],"picked":"SKIP","floor":6.0},{"not_picked":["DoubleEdge","ShatteredReality"],"picked":"Ricochet","floor":10.0},{"not_picked":["Ricochet","Potential","Revamp"],"picked":"SKIP","floor":11.0},{"not_picked":["Rewind","Gouge","Replace"],"picked":"SKIP","floor":13.0},{"not_picked":["Solidify","MurderousAura"],"picked":"FloweringNight","floor":16.0},{"not_picked":["Replace","Rearm","Starlight"],"picked":"SKIP","floor":18.0},{"not_picked":["ShatteredReality","Rearm","Replace"],"picked":"SKIP","floor":19.0},{"not_picked":["ReturningBlade","ShiftingGears","Read"],"picked":"SKIP","floor":24.0},{"not_picked":["Potential","Revamp"],"picked":"FastForward+1","floor":25.0},{"not_picked":["RealityMarble+1","Rearm"],"picked":"BestPractice+1","floor":28.0},{"not_picked":["Replace","Comet","Unruled"],"picked":"SKIP","floor":29.0},{"not_picked":["Unruled+1","StarChef","Deny"],"picked":"SKIP","floor":30.0},{"not_picked":["Comet+1","MoonPhase+1"],"picked":"BottledTime","floor":31.0},{"not_picked":["Solidify","FlawlessForm"],"picked":"Duplication","floor":33},{"not_picked":["Replace","BottledTime+1","ShatteredReality+1"],"picked":"SKIP","floor":35},{"not_picked":["Unruled+1","Alleviate+1"],"picked":"ReturningBlade","floor":37},{"not_picked":["FastForward","ShiftingGears+1"],"picked":"Luminosity+1","floor":39},{"not_picked":["Rewind","DoubleEdge"],"picked":"SoulSculpture","floor":41},{"not_picked":["Ricochet","Replace+1","Defy"],"picked":"SKIP","floor":42},{"not_picked":["Replace+1","Alleviate"],"picked":"StarChef","floor":45},{"not_picked":["DoubleEdge+1","PendulumOfEternity"],"picked":"SurpressingFire+1","floor":46},{"not_picked":["FanOfKnives","DualDimension","Potential"],"picked":"SKIP","floor":48}],"player_experience":2344441,"relics_obtained":[{"floor":6.0,"key":"hubris:DeckOfHolding"},{"floor":9.0,"key":"Replay:Bandana"},{"floor":11.0,"key":"Ice Cream"},{"floor":13.0,"key":"Grinning Jar"},{"floor":24.0,"key":"Snack Pack"},{"floor":30.0,"key":"Replay:Rubber Ducky"},{"floor":37,"key":"Thread and Needle"},{"floor":41,"key":"The Courier"},{"floor":43,"key":"Smiling Mask"},{"floor":45,"key":"Dream Catcher"}],"event_choices":[{"damage_healed":0.0,"max_hp_gain":0.0,"max_hp_loss":0.0,"gold_gain":0.0,"event_name":"Golden Idol","player_choice":"Take Damage","floor":5.0,"gold_loss":0.0,"damage_taken":17.0,"relics_obtained":["Golden Idol"]},{"damage_healed":0.0,"max_hp_gain":0.0,"max_hp_loss":0.0,"gold_gain":0.0,"event_name":"Living Wall","player_choice":"Grow","floor":14.0,"gold_loss":0.0,"damage_taken":0.0,"cards_upgraded":["DoubleEdge"]},{"damage_healed":0.0,"max_hp_gain":0.0,"max_hp_loss":0.0,"gold_gain":0.0,"event_name":"Shining Light","player_choice":"Entered Light","floor":15.0,"gold_loss":0.0,"damage_taken":14.0,"cards_upgraded":["Ricochet","Strike_S"]},{"cards_removed":["Strike_S"],"damage_healed":0.0,"max_hp_gain":0.0,"max_hp_loss":0.0,"gold_gain":0.0,"event_name":"Beggar","player_choice":"Gave Gold","floor":21.0,"gold_loss":75.0,"damage_taken":0.0},{"damage_healed":0.0,"max_hp_gain":0.0,"max_hp_loss":0.0,"gold_gain":0.0,"event_name":"Vampires","player_choice":"Ignored","floor":22.0,"gold_loss":0.0,"damage_taken":0.0},{"damage_healed":0.0,"max_hp_gain":0.0,"max_hp_loss":0.0,"gold_gain":0.0,"event_name":"The Woman in Blue","player_choice":"Bought 0 Potions","floor":27.0,"gold_loss":0.0,"damage_taken":0.0},{"damage_healed":0,"gold_gain":0,"player_choice":"Embrace Madness","damage_taken":10,"max_hp_gain":0,"max_hp_loss":0,"event_name":"Winding Halls","floor":36,"gold_loss":0,"cards_obtained":["Madness","Madness"]},{"damage_healed":0,"gold_gain":0,"player_choice":"Fight","damage_taken":0,"max_hp_gain":0,"max_hp_loss":0,"event_name":"Mysterious Sphere","floor":37,"gold_loss":0},{"damage_healed":0,"gold_gain":0,"player_choice":"Copied","damage_taken":0,"max_hp_gain":0,"max_hp_loss":0,"event_name":"Duplicator","floor":47,"gold_loss":0,"cards_obtained":["Dilation"]}],"is_beta":false,"boss_relics":[{"not_picked":["ChewingGum","Ectoplasm"],"picked":"hubris:RunicObelisk"},{"not_picked":["Snecko Heart","Runic Pyramid"],"picked":"Empty Cage"}],"items_purged_floors":[20],"is_endless":false,"potions_floor_spawned":[1,10,18,24,29,33,41,46],"ascension_level":0}}