{"host":"2162l6swvnky91ct","time":1614293885,"event":{"mods":["AchievementEnabler","BaseMod","Downfall","Hermit","Marisa????????","Minty Spire (QoL Compilation)","Replay The Spire","StSLib","The Cursed","The Servant 0.9.4"],"gold_per_floor":[99,99,99,99,99,111,111,111,129,162,173,190,190,12,28,125,125,125,136,146,162,180,200,200,214,25,25,25,10,22,22,22,22],"floor_reached":31,"language":"ENG","playtime":2570,"items_purged":[],"score":239,"play_id":"c875610f-ee06-4c9e-890a-8815403f3e63","local_time":"20210225235805","is_ascension_mode":false,"campfire_choices":[{"floor":13.0,"key":"REST"},{"floor":18.0,"key":"DIG"},{"floor":28,"key":"REST"}],"circlet_count":0,"master_deck":["sneckomod:Strike","sneckomod:Strike","sneckomod:Strike","sneckomod:Defend","sneckomod:TailWhip","sneckomod:SnekBite","Unload+1","sneckomod:Nope","sneckomod:ImprovisedAttack","sneckomod:ImprovisedAttack","sneckomod:SnakeSap","Underhanded Strike","sneckomod:Unknown1Cost","sneckomod:UnknownUncommonSkill","sneckomod:UnknownRarePower","sneckomod:Unknown1Cost","sneckomod:Unknown2Cost","expansioncontent:DashGenerateEvil","sneckomod:CheapStock","sneckomod:Restock","sneckomod:SnakeSap+1","sneckomod:Unknown2Cost","sneckomod:UnendingSupply+1","sneckomod:ImprovisedGuard+1","sneckomod:Restock+1","ReplayTheSpireMod:Brewmster+1","sneckomod:Unknown1Cost","sneckomod:SerpentIdol"],"relics":["sneckomod:SneckoSoul","downfall:HeartsMalice","Singing Bowl","Replay:PocketPolymizer","bronze:MakeshiftBattery","Bag of Preparation","Golden Egg"],"acts_visited":["Exordium","TheCity"],"potions_floor_usage":[],"damage_taken":[{"damage":0.0,"enemies":"2 Louse","floor":3.0,"turns":1.0},{"damage":0.0,"enemies":"Cultist","floor":4.0,"turns":1.0},{"damage":0.0,"enemies":"Jaw Worm","floor":5.0,"turns":1.0},{"damage":8.0,"enemies":"Lots of Slimes","floor":6.0,"turns":3.0},{"damage":21.0,"enemies":"Exordium Thugs","floor":9.0,"turns":4.0},{"damage":54.0,"enemies":"Lagavulin","floor":10.0,"turns":6.0},{"damage":1.0,"enemies":"Exordium Wildlife","floor":11.0,"turns":2.0},{"damage":0.0,"enemies":"Blue Slaver","floor":12.0,"turns":1.0},{"damage":5.0,"enemies":"downfall:FleeingMerchant","floor":14.0,"turns":4.0},{"damage":1.0,"enemies":"Large Slime","floor":15.0,"turns":4.0},{"damage":22.0,"enemies":"SI_SHIV_ARCHETYPE","floor":16.0,"turns":6.0},{"damage":6.0,"enemies":"3 Byrds","floor":19.0,"turns":5.0},{"damage":14.0,"enemies":"Shell Parasite","floor":20.0,"turns":5.0},{"damage":10.0,"enemies":"Centurion and Healer","floor":21.0,"turns":4.0},{"damage":27.0,"enemies":"Snake Plant","floor":22.0,"turns":4.0},{"damage":22.0,"enemies":"Snecko","floor":23.0,"turns":5.0},{"damage":12,"enemies":"Sentry and Sphere","floor":25,"turns":6},{"damage":5,"enemies":"downfall:FleeingMerchant","floor":26,"turns":4},{"damage":10,"enemies":"downfall:FleeingMerchant","floor":29,"turns":4},{"damage":0,"enemies":"Centurion and Healer","floor":30,"turns":5},{"damage":35,"enemies":"Book of Stabbing","floor":31,"turns":3}],"seed_played":"-40901286351266114","potions_obtained":[{"floor":6.0,"key":"ColorlessPotion"},{"floor":9.0,"key":"FearPotion"},{"floor":10.0,"key":"FearPotion"},{"floor":12.0,"key":"sneckomod:OffclassReductionPotion"},{"floor":16.0,"key":"Explosive Potion"},{"floor":19.0,"key":"Death Potion"},{"floor":25,"key":"champ:CounterPotion"}],"is_trial":false,"path_per_floor":["R","?","M","M","M","M","T","R","M","E","M","M","R","$","M","B",null,"R","M","M","M","M","M","T","M","$","?","R","$","M","E"],"character_chosen":"THE_SNECKO","items_purchased":["expansioncontent:DashGenerateEvil","ReplayTheSpireMod:Brewmster"],"campfire_rested":2,"item_purchase_floors":[14,26],"current_hp_per_floor":[90,90,90,90,90,82,82,82,61,9,8,8,35,30,29,7,92,92,90,76,66,39,19,19,7,4,4,34,26,26,0,0,0],"gold":22,"neow_bonus":"THREE_ENEMY_KILL","is_daily":false,"chose_seed":false,"campfire_upgraded":0,"win_rate":0.0,"timestamp":1614293885,"path_taken":["R","?","M","M","M","M","T","R","M","E","M","?","R","$","M","BOSS","R","M","M","M","M","M","T","M","$","?","R","$","M","E"],"items_purchased_type":["Card","Card"],"build_version":"2020-12-22","purchased_purges":0,"victory":false,"max_hp_per_floor":[90,90,90,90,90,90,90,90,90,92,92,92,92,92,92,92,92,92,96,96,96,96,98,98,98,100,100,100,102,102,102,102,102],"card_choices":[{"not_picked":["sneckomod:QuickBite","sneckomod:RainOfDice"],"picked":"sneckomod:Nope","floor":3.0},{"not_picked":["sneckomod:RainOfDice","sneckomod:Nope"],"picked":"sneckomod:ImprovisedAttack","floor":4.0},{"not_picked":["sneckomod:QuickMove","sneckomod:DiceCrush"],"picked":"sneckomod:ImprovisedAttack","floor":5.0},{"not_picked":["sneckomod:WideSting","sneckomod:QuickMove"],"picked":"sneckomod:SnakeSap","floor":6.0},{"not_picked":["sneckomod:UnknownWeak","sneckomod:Nope"],"picked":"sneckomod:Unknown1Cost","floor":9.0},{"not_picked":["sneckomod:UnknownDraw","sneckomod:SoulDraw","sneckomod:QuickMove"],"picked":"Singing Bowl","floor":10.0},{"not_picked":["sneckomod:UnknownBlock","sneckomod:WideSting"],"picked":"sneckomod:UnknownUncommonSkill","floor":11.0},{"not_picked":["sneckomod:SoulRoll","sneckomod:DefensiveFlair"],"picked":"sneckomod:UnknownRarePower","floor":12.0},{"not_picked":["sneckomod:SoulRoll","sneckomod:WideSting"],"picked":"sneckomod:Unknown2Cost","floor":14.0},{"not_picked":["sneckomod:UnknownBlock","sneckomod:TrashToTreasure"],"picked":"sneckomod:CheapStock","floor":15.0},{"not_picked":["sneckomod:DangerNoodle","sneckomod:SerpentMind"],"picked":"sneckomod:Restock","floor":16.0},{"not_picked":["Guardian:Gem_Cyan","Guardian:Gem_Lightblue","Guardian:Gem_Red"],"picked":"Singing Bowl","floor":19.0},{"not_picked":["sneckomod:QuickMove","sneckomod:UnknownCommonAttack","sneckomod:SnekBeam"],"picked":"Singing Bowl","floor":19.0},{"not_picked":["sneckomod:UnknownBlock","sneckomod:UnknownWeak"],"picked":"sneckomod:SnakeSap+1","floor":20.0},{"not_picked":["sneckomod:RainOfDice","sneckomod:UnknownCommonAttack"],"picked":"sneckomod:Unknown2Cost","floor":21.0},{"not_picked":["sneckomod:DiceCrush","sneckomod:UnknownUncommonPower"],"picked":"sneckomod:UnendingSupply+1","floor":22.0},{"not_picked":["Guardian:Gem_Cyan","Guardian:Gem_Green","Guardian:Gem_Red"],"picked":"Singing Bowl","floor":23.0},{"not_picked":["sneckomod:QuickMove","sneckomod:DefensiveFlair"],"picked":"sneckomod:ImprovisedGuard+1","floor":23.0},{"not_picked":["sneckomod:ImprovisedAttack","sneckomod:UnknownUncommonAttack"],"picked":"sneckomod:Restock","floor":25},{"not_picked":["sneckomod:UnknownCommonAttack","sneckomod:UnknownStrike","sneckomod:UnknownBlock+1"],"picked":"Singing Bowl","floor":26},{"not_picked":["sneckomod:SoulDraw+1","sneckomod:Unknown1Cost","sneckomod:UnknownStrike"],"picked":"Singing Bowl","floor":29},{"not_picked":["sneckomod:UnknownDraw","sneckomod:UnknownVulnerable"],"picked":"sneckomod:SerpentIdol","floor":30}],"player_experience":152551,"relics_obtained":[{"floor":7.0,"key":"Singing Bowl"},{"floor":10.0,"key":"Replay:PocketPolymizer"},{"floor":18.0,"key":"Bag of Preparation"},{"floor":24.0,"key":"Golden Egg"}],"event_choices":[{"damage_healed":0,"gold_gain":0,"player_choice":"Ignored","damage_taken":0,"max_hp_gain":0,"max_hp_loss":0,"event_name":"Vampires","floor":27,"gold_loss":0}],"is_beta":false,"boss_relics":[{"not_picked":["Coffee Dripper","ChewingGum"],"picked":"bronze:MakeshiftBattery"}],"items_purged_floors":[],"is_endless":false,"potions_floor_spawned":[6,9,10,12,16,19,21,25],"killed_by":"Book of Stabbing","ascension_level":0}}