{"host":"ywbnizr8eejrotct","time":1614238970,"event":{"mods":["BaseMod","Bestiary","Card Forge","Colored Map","Colored Powertips","Highlight Path","Minty Spire (QoL Compilation)","Permanent Neow","Quick Restart","Rare Cards Sparkle","Relic Stats","Shop Mod","StSLib","The Servant 0.9.4","The Vixen"],"gold_per_floor":[115,115,115,126,126,126,160,160,160,186,65,74,84,100,100,202,252,270,289,308,39,57,88,99,99],"floor_reached":24,"language":"ENG","playtime":1628,"items_purged":[],"score":305,"play_id":"ae146526-8cca-44ab-bc4d-f18e968490a7","local_time":"20210224234250","is_ascension_mode":false,"campfire_choices":[{"floor":6,"key":"RECALL"},{"floor":15,"key":"REST"}],"circlet_count":0,"master_deck":["Storm+1","Enlightenment+1","Turbo+1","Omega+1","Reboot+1","White Noise+1"],"relics":["Cracked Core","Hammer of Thor","Seething Fire","Anvil of the Gods","MerchantsRug","Anchor","TheAbacus","War Paint"],"acts_visited":["Exordium","TheCity"],"potions_floor_usage":[7,11,11,16,20,23,23],"damage_taken":[{"damage":11,"enemies":"Jaw Worm","floor":1,"turns":2},{"damage":0,"enemies":"Cultist","floor":3,"turns":2},{"damage":6,"enemies":"2 Louse","floor":4,"turns":2},{"damage":0,"enemies":"3 Sentries","floor":7,"turns":1},{"damage":0,"enemies":"Lagavulin","floor":10,"turns":2},{"damage":0,"enemies":"Red Slaver","floor":13,"turns":1},{"damage":0,"enemies":"Looter","floor":14,"turns":1},{"damage":9,"enemies":"The Guardian","floor":16,"turns":3},{"damage":0,"enemies":"Spheric Guardian","floor":18,"turns":1},{"damage":12,"enemies":"Shell Parasite","floor":19,"turns":2},{"damage":14,"enemies":"Snake Plant","floor":20,"turns":1},{"damage":0,"enemies":"Snecko","floor":22,"turns":2},{"damage":12,"enemies":"Book of Stabbing","floor":23,"turns":3},{"damage":0,"enemies":"Centurion and Healer","floor":24,"turns":2}],"seed_played":"280886185342129817","potions_obtained":[{"floor":4,"key":"DistilledChaos"},{"floor":11,"key":"Fruit Juice"},{"floor":11,"key":"Fruit Juice"},{"floor":11,"key":"EssenceOfDarkness"},{"floor":11,"key":"SkillPotion"},{"floor":11,"key":"FearPotion"},{"floor":13,"key":"FearPotion"},{"floor":16,"key":"Swift Potion"},{"floor":17,"key":"GamblersBrew"},{"floor":20,"key":"FairyPotion"},{"floor":23,"key":"Fire Potion"}],"is_trial":false,"path_per_floor":["M","$","M","M","?","R","E","?","T","E","$","$","M","M","R","B",null,"M","M","M","$","M","E","M"],"character_chosen":"DEFECT","items_purchased":["MerchantsRug","Cauldron","Anchor","TheAbacus"],"campfire_rested":1,"item_purchase_floors":[11,11,21,21],"current_hp_per_floor":[74,74,74,68,68,68,68,68,68,75,85,85,85,85,85,76,90,90,88,84,84,84,72,72,72],"gold":99,"neow_bonus":"RANDOM_COMMON_RELIC","is_daily":false,"chose_seed":false,"campfire_upgraded":0,"win_rate":0.0,"timestamp":1614238970,"path_taken":["M","$","M","M","?","R","E","?","T","E","?","$","M","M","R","BOSS","M","?","M","$","M","E","M"],"items_purchased_type":["Relic","Relic","Relic","Relic"],"build_version":"2020-12-22","purchased_purges":0,"victory":false,"max_hp_per_floor":[75,75,75,75,75,75,75,75,75,75,85,85,85,85,85,85,90,90,90,90,90,90,90,90,90],"relic_stats":{"TheAbacus":[54],"counters":[14,25],"War Paint":[],"obtain_stats":[{"MerchantsRug":11,"Tiny House":17,"Hammer of Thor":0,"Seething Fire":0,"War Paint":23,"Cauldron":11,"Dream Catcher":0,"Anchor":21,"TheAbacus":21,"Anvil of the Gods":0,"Art of War":7,"Cracked Core":0,"Meat on the Bone":10},{"MerchantsRug":5,"Tiny House":8,"Hammer of Thor":0,"Seething Fire":0,"War Paint":13,"Cauldron":5,"Dream Catcher":0,"Anchor":11,"TheAbacus":11,"Anvil of the Gods":0,"Art of War":4,"Cracked Core":0,"Meat on the Bone":5},{"MerchantsRug":9,"Tiny House":14,"Hammer of Thor":0,"Seething Fire":0,"War Paint":23,"Cauldron":9,"Dream Catcher":0,"Anchor":18,"TheAbacus":18,"Anvil of the Gods":0,"Art of War":7,"Cracked Core":0,"Meat on the Bone":9}]},"card_choices":[{"not_picked":["Beam Cell","Leap","Rebound"],"picked":"SKIP","floor":1},{"not_picked":["Cold Snap","Skim","Barrage"],"picked":"SKIP","floor":3},{"not_picked":["Stack","Genetic Algorithm","Chaos"],"picked":"SKIP","floor":4},{"not_picked":["Sweeping Beam","Scrape","Leap"],"picked":"SKIP","floor":7},{"not_picked":["Stack","Coolheaded","Steam"],"picked":"SKIP","floor":10},{"not_picked":["Hologram","Conserve Battery","Coolheaded"],"picked":"SKIP","floor":13},{"not_picked":["Skim","Double Energy","Auto Shields"],"picked":"SKIP","floor":14},{"not_picked":["Amplify","Machine Learning"],"picked":"Thunder Strike","floor":16},{"not_picked":["Sunder","Auto Shields","Force Field"],"picked":"SKIP","floor":18},{"not_picked":["Reinforced Body+1","Force Field"],"picked":"Turbo","floor":19},{"not_picked":["Barrage","Coolheaded+1","Rebound+1"],"picked":"SKIP","floor":20},{"not_picked":["Barrage","Redo+1"],"picked":"Turbo","floor":22},{"not_picked":["Leap","Aggregate","Gash"],"picked":"SKIP","floor":23},{"not_picked":["Rebound","Reboot"],"picked":"Hologram+1","floor":24}],"player_experience":14447,"relics_obtained":[{"floor":7,"key":"Art of War"},{"floor":10,"key":"Meat on the Bone"},{"floor":23,"key":"War Paint"}],"event_choices":[{"cards_removed":["Machine Learning"],"damage_healed":0,"gold_gain":0,"player_choice":"Forget","damage_taken":0,"max_hp_gain":0,"max_hp_loss":0,"event_name":"Living Wall","floor":5,"gold_loss":0},{"damage_healed":0,"gold_gain":0,"player_choice":"Ignored","damage_taken":0,"max_hp_gain":0,"max_hp_loss":0,"event_name":"Shining Light","floor":8,"gold_loss":0}],"is_beta":false,"boss_relics":[{"not_picked":["Busted Crown","Philosopher\u0027s Stone"],"picked":"Tiny House"}],"items_purged_floors":[],"is_endless":false,"potions_floor_spawned":[3,4,13,16,20,22,23],"killed_by":"Centurion and Healer","ascension_level":0}}