{"host":"lgow17wc5wawziz1","time":1614227281,"event":{"mods":["AchievementEnabler","Act Like it!","Aspiration","BaseMod","Better Third Choice","Colored Map","Friendly Minions","Gensokyo","Hubris","Kiyohime£¨?ýï£©","Minty Spire (QoL Compilation)","MostiFishMod","Permanent Neow","Quick Restart","Replay The Spire","StSLib","SuperFastMode","¡¼?Úª?ø«¡½REMEMod"],"gold_per_floor":[118,128,148,167,167,192,206,235,260,279,9,9,20,46,46,318,318,328,348,348,448,458,458,231,264,291,318,318,243,292,302,302,374,374,389,403,333,357,129,129,158,172,247,259,278,289,289,302,302,302],"floor_reached":51,"language":"KOR","playtime":2836,"items_purged":["Decay"],"score":1397,"play_id":"0ee89636-c853-4f33-bf20-e44cb6a2f6e9","local_time":"20210225132801","is_ascension_mode":true,"campfire_choices":[{"data":"Feel No Pain","floor":15,"key":"SMITH"},{"data":"Body Slam","floor":23,"key":"SMITH"},{"data":"Burning Pact","floor":28,"key":"SMITH"},{"floor":32,"key":"DIG"},{"data":"True Grit","floor":40,"key":"SMITH"},{"floor":49,"key":"DIG"}],"circlet_count":0,"master_deck":["AscendersBane","Strike_R","Defend_R","Defend_R","Defend_R","Bash","REME_HeartOfCthun+1","ReplayTheSpireMod:LeadingStrike","Shockwave","ReplayTheSpireMod:Strike From Hell","Perfected Strike","Clumsy","Feel No Pain+1","Wild Strike","Burning Pact+1","Gensokyo:Kunekune","Evolve","MostiFishMod:ChineseTea+1","Decay","Shrug It Off","Body Slam+1","Power Through","Gensokyo:Kunekune","Impervious+1","True Grit+1","True Grit+1","Gensokyo:FourOfAKind","Gensokyo:FourOfAKind","Gensokyo:FourOfAKind","Gensokyo:FourOfAKind","MostiFishMod:ChineseTea","Burning Pact","Impervious","Feel No Pain+1","Body Slam","Body Slam+1","ReplayTheSpireMod:Strike From Hell"],"relics":["Burning Blood","REME_ComplimentaryCards","DaveBox","Gensokyo:OccultBall","ChiXiaoBlade","SynthV:TestCard","Gensokyo:NagashiBinaDoll","Potion Belt","Nunchaku","Orichalcum","MealTicket","ReplayTheSpireMod:Lightbulb","Kintsugi","Gensokyo:MosesMiracle","Replay:Kaleidoscope","Incense Burner","DollysMirror","Gremlin Horn","Strawberry","Bronze Scales","Lantern","HereWithMe","Guide Book","Blue Doll","Singing Bowl","Ginger","SentryEyes"],"acts_visited":["Gensokyo:Gensokyo","Gensokyo:Gensokyoer","Gensokyo:Gensokyoest"],"potions_floor_usage":[3,6,13,21,21,30,33,50,50,50,50,50,50],"damage_taken":[{"damage":0,"enemies":"Gensokyo:Python","floor":1,"turns":3},{"damage":3,"enemies":"Gensokyo:Gryphon","floor":2,"turns":2},{"damage":5,"enemies":"Gensokyo:3_Fairies","floor":3,"turns":4},{"damage":5,"enemies":"Gensokyo:VengefulSpirit","floor":4,"turns":2},{"damage":21,"enemies":"Gensokyo:Mamizou","floor":6,"turns":8},{"damage":0,"enemies":"Gensokyo:Python_and_Kodama","floor":7,"turns":2},{"damage":9,"enemies":"Gensokyo:Cirno","floor":8,"turns":6},{"damage":2,"enemies":"Gensokyo:3_Kodama","floor":10,"turns":4},{"damage":18,"enemies":"Gensokyo:5_Fairies","floor":13,"turns":4},{"damage":2,"enemies":"Gensokyo:Aya","floor":14,"turns":6},{"damage":32,"enemies":"Gensokyo:Kokoro","floor":16,"turns":14},{"damage":0,"enemies":"Gensokyo:AngelMirror","floor":18,"turns":4},{"damage":0,"enemies":"Gensokyo:Chomper","floor":19,"turns":4},{"damage":27,"enemies":"Gensokyo:Chomper","floor":21,"turns":10},{"damage":11,"enemies":"Gensokyo:Slime_Group","floor":22,"turns":4},{"damage":1,"enemies":"Gensokyo:Koishi","floor":25,"turns":6},{"damage":16,"enemies":"Gensokyo:Tenshi","floor":27,"turns":5},{"damage":10,"enemies":"Gensokyo:Mirror_and_Dog","floor":30,"turns":3},{"damage":0,"enemies":"Gensokyo:Wraith","floor":31,"turns":4},{"damage":20,"enemies":"Gensokyo:Eternal_Rivals","floor":33,"turns":9},{"damage":5,"enemies":"Gensokyo:AncientGuardian","floor":35,"turns":3},{"damage":0,"enemies":"Gensokyo:3_Bats","floor":36,"turns":1},{"damage":1,"enemies":"Gensokyo:Dusk_and_Dawn","floor":38,"turns":3},{"damage":0,"enemies":"Gensokyo:Marisa","floor":41,"turns":6},{"damage":1,"enemies":"Gensokyo:Marisa","floor":42,"turns":7},{"damage":0,"enemies":"Gensokyo:AtlasGolem","floor":44,"turns":5},{"damage":0,"enemies":"Gensokyo:4_Bats","floor":45,"turns":1},{"damage":0,"enemies":"Gensokyo:Dusk_and_Dawn","floor":46,"turns":4},{"damage":0,"enemies":"Gensokyo:Rafflesia","floor":48,"turns":4},{"damage":0,"enemies":"Gensokyo:Scarlet_Devils","floor":50,"turns":10}],"seed_played":"-4726995311069724922","potions_obtained":[{"floor":3,"key":"BlessingOfTheForge"},{"floor":4,"key":"Weak Potion"},{"floor":7,"key":"Dexterity Potion"},{"floor":8,"key":"GamblersBrew"},{"floor":10,"key":"Energy Potion"},{"floor":16,"key":"Strength Potion"},{"floor":22,"key":"REME_GoldPotion"},{"floor":25,"key":"PowerPotion"},{"floor":33,"key":"SkillPotion"},{"floor":35,"key":"Explosive Potion"},{"floor":46,"key":"Elixir"},{"floor":48,"key":"EntropicBrew"}],"is_trial":false,"path_per_floor":["M","M","M","M","?","E","M","E","T","M","COS","?","M","E","R","B",null,"M","M","?","?","M","R","COS","E","T","E","R","$","M","M","R_BF","B",null,"M","M","$","M","COS","R","E","R","T","M","M","M","?","M","R_BF","B",null],"character_chosen":"IRONCLAD","items_purchased":["Burning Pact"],"campfire_rested":0,"item_purchase_floors":[37],"current_hp_per_floor":[78,80,80,80,80,65,71,68,68,72,72,72,60,64,64,38,70,80,80,80,59,62,62,62,75,82,80,80,87,83,87,61,53,59,61,61,61,61,61,61,61,61,61,61,63,63,63,65,65,65],"gold":302,"neow_bonus":"UPGRADE_CARD","is_daily":false,"chose_seed":false,"campfire_upgraded":4,"win_rate":0.0,"timestamp":1614227281,"path_taken":["M","M","M","M","?","E","M","E","T","M","COS","?","M","E","R","BOSS","M","M","?","?","M","R","COS","E","T","E","R","$","M","M","R_BF","BOSS","M","M","$","M","COS","R","E","R","T","M","M","M","?","M","R_BF","BOSS"],"items_purchased_type":["Card"],"build_version":"2020-12-22","purchased_purges":1,"victory":true,"max_hp_per_floor":[80,80,80,80,80,80,80,80,80,80,80,80,80,80,80,80,80,80,80,80,80,80,80,80,80,87,87,87,87,87,87,61,61,61,61,61,61,61,61,61,61,61,61,61,63,63,63,65,65,65],"card_choices":[{"not_picked":["Replay:Undeath\u0027s Touch","ReplayTheSpireMod:Muscle Training"],"picked":"ReplayTheSpireMod:LeadingStrike","floor":1},{"not_picked":["Flex","Iron Wave","Intimidate","Thunderclap"],"picked":"Shockwave","floor":2},{"not_picked":["Run Through","Entrench","Thunderclap","hubris:SharpeningStone"],"picked":"ReplayTheSpireMod:Strike From Hell","floor":3},{"not_picked":["Combust","Wild Strike","Sentinel","Seeing Red"],"picked":"Perfected Strike","floor":4},{"not_picked":["Power Through","Armaments","Flex","REME_Fury"],"picked":"Feel No Pain","floor":6},{"not_picked":["Power Through","Cleave","Blood for Blood","Reckless Charge"],"picked":"Wild Strike","floor":7},{"not_picked":["Sever Soul","Rupture","Massacre","hubris:CleavingFinish"],"picked":"Burning Pact","floor":8},{"not_picked":["Clothesline","ReplayTheSpireMod:Strike From Hell","Clash","Flex","Replay:Undeath\u0027s Touch"],"picked":"SKIP","floor":10},{"not_picked":["Havoc","Wild Strike","Fire Breathing","Run Through"],"picked":"Evolve","floor":13},{"not_picked":["Clothesline","Pommel Strike","MostiFishMod:TemporaryOutbreak","Replay:Undeath\u0027s Touch","Life Link"],"picked":"SKIP","floor":14},{"not_picked":["Barricade","MostiFishMod:FlyOverUtopia","Demon Form","Hemogenesis"],"picked":"MostiFishMod:ChineseTea","floor":16},{"not_picked":["Clothesline","ReplayTheSpireMod:Strike From Hell","Body Slam","Pommel Strike","Massacre"],"picked":"SKIP","floor":18},{"not_picked":["Armaments","Iron Wave","Metallicize","Thunderclap"],"picked":"Shrug It Off","floor":19},{"not_picked":["Twin Strike","Anger","Heavy Blade","Sword Boomerang"],"picked":"Body Slam","floor":21},{"not_picked":["Body Slam","Anger+1","Hemogenesis","Wild Strike"],"picked":"Power Through","floor":22},{"not_picked":["Intimidate","Rampage+1","Replay:Undeath\u0027s Touch+1","hubris:SharpeningStone","Hemogenesis"],"picked":"SKIP","floor":25},{"not_picked":["MostiFishMod:HellRitual","MostiFishMod:OrdinaryWorld","Immolate","MostiFishMod:WingOfPhoenix"],"picked":"Impervious","floor":27},{"not_picked":["Replay:Undeath\u0027s Touch","Life Link","Whirlwind","Evolve"],"picked":"True Grit+1","floor":27},{"not_picked":["Shockwave","Defy Death","Warcry","Infernal Blade"],"picked":"True Grit","floor":30},{"not_picked":["Clash","ReplayTheSpireMod:Limb From Limb","REME_Scribble","Rupture","Fire Breathing"],"picked":"SKIP","floor":31},{"not_picked":["Clash","ReplayTheSpireMod:Limb From Limb","REME_Scribble","Rupture","Fire Breathing"],"picked":"SKIP","floor":31},{"not_picked":["Demon Form","Corruption","MostiFishMod:DarkDeal","Brutality"],"picked":"MostiFishMod:ChineseTea","floor":33},{"not_picked":["Iron Wave+1","Wild Strike","hubris:SharpeningStone+1","Defy Death"],"picked":"True Grit","floor":35},{"not_picked":["Rage","Blood for Blood","Heavy Blade","Rupture+1","MostiFishMod:#F4004"],"picked":"SKIP","floor":36},{"not_picked":["hubris:CleavingFinish","Flex+1","Inflame","Armaments"],"picked":"Impervious","floor":38},{"not_picked":["Havoc+1","ReplayTheSpireMod:Strike From Hell+1","Sword Boomerang","Double Tap"],"picked":"Feel No Pain+1","floor":41},{"not_picked":["Armaments","Iron Wave","Run Through","Sword Boomerang"],"picked":"Body Slam","floor":42},{"not_picked":["Pommel Strike+1","Havoc+1","Clash","Cleave"],"picked":"Body Slam+1","floor":44},{"not_picked":["Hemokinesis","Clothesline","Metallicize+1","Rupture","Wild Strike"],"picked":"Singing Bowl","floor":45},{"not_picked":["Thunderclap","Sentinel+1","Warcry","Twin Strike"],"picked":"ReplayTheSpireMod:Strike From Hell","floor":46},{"not_picked":["Run Through","Bludgeon","Wild Strike","Perfected Strike","Rupture"],"picked":"Singing Bowl","floor":48}],"player_experience":369488,"relics_obtained":[{"floor":1,"key":"Gensokyo:OccultBall"},{"floor":1,"key":"SynthV:TestCard"},{"floor":6,"key":"Potion Belt"},{"floor":8,"key":"Gensokyo:OccultBall"},{"floor":8,"key":"Nunchaku"},{"floor":9,"key":"Orichalcum"},{"floor":14,"key":"ReplayTheSpireMod:Lightbulb"},{"floor":16,"key":"Gensokyo:OccultBall"},{"floor":19,"key":"Gensokyo:OccultBall"},{"floor":21,"key":"Replay:Kaleidoscope"},{"floor":21,"key":"Incense Burner"},{"floor":25,"key":"Gensokyo:MosesMiracle"},{"floor":25,"key":"Gremlin Horn"},{"floor":26,"key":"Strawberry"},{"floor":27,"key":"Bronze Scales"},{"floor":31,"key":"Gensokyo:OccultBall"},{"floor":33,"key":"Gensokyo:OccultBall"},{"floor":41,"key":"Blue Doll"},{"floor":42,"key":"Gensokyo:OccultBall"},{"floor":43,"key":"Singing Bowl"},{"floor":49,"key":"Ginger"}],"event_choices":[],"is_beta":false,"boss_relics":[{"not_picked":["Fusion Hammer","SacredBark"],"picked":"Kintsugi"},{"not_picked":["Velvet Choker","Snecko Eye"],"picked":"HereWithMe"}],"items_purged_floors":[29],"is_endless":false,"potions_floor_spawned":[3,4,7,8,10,16,19,22,25,33,35,46,48],"ascension_level":13}}