{"host":"njcl8kinlkfw245p","time":1614238625,"event":{"mods":["BaseMod","Block Reminder","Colored Map","Googly Eyes","KinomotoSakuraMod(????)","Minty Spire (QoL Compilation)","StSLib","The Senshi","Unceasing Turn Reminder","everything is the same but u backflip on backflip"],"gold_per_floor":[118,16,31,42,42,71,102,114,126,138,150,197,220,259,271,283,283],"floor_reached":16,"language":"ENG","playtime":2603,"items_purged":[],"score":276,"play_id":"2884d505-e7df-4158-b2d3-cdd720580d5c","local_time":"20210224233705","is_ascension_mode":true,"campfire_choices":[{"data":"theSenshi:MoonTiaraMagic","floor":8.0,"key":"SMITH"},{"data":"theSenshi:MoonPrismPowerMakeUp","floor":11,"key":"SMITH"},{"floor":15,"key":"REST"}],"circlet_count":0,"master_deck":["AscendersBane","theSenshi:SailorKick","theSenshi:SailorKick","theSenshi:SailorKick","theSenshi:SailorKick","theSenshi:SailorBlock","theSenshi:SailorBlock","theSenshi:SailorBlock","theSenshi:SailorBlock","theSenshi:RoseThrow","theSenshi:MoonPrismPowerMakeUp+1","theSenshi:SailorMercuryAssists","theSenshi:SailorJupiterAssists","theSenshi:SailorVenusAssists","theSenshi:TallSilhouette","theSenshi:MoonTiaraMagic+1","theSenshi:InTheNameOfTheMoon","theSenshi:SailorVenusAssists","theSenshi:UranusStrength","theSenshi:SailorJupiterAssists","theSenshi:MoonEternalMakeUp"],"relics":["theSenshi:TransformationBroochRelic","NeowsBlessing","MawBank","Mercury Hourglass","Pen Nib","Ginger","Vajra"],"acts_visited":["Exordium"],"potions_floor_usage":[12,14,14],"damage_taken":[{"damage":0.0,"enemies":"Cultist","floor":1.0,"turns":1.0},{"damage":0.0,"enemies":"Jaw Worm","floor":3.0,"turns":1.0},{"damage":0.0,"enemies":"Small Slimes","floor":4.0,"turns":2.0},{"damage":19.0,"enemies":"3 Sentries","floor":6.0,"turns":10.0},{"damage":9.0,"enemies":"Exordium Wildlife","floor":7.0,"turns":5.0},{"damage":29,"enemies":"Gremlin Nob","floor":12,"turns":5},{"damage":14,"enemies":"Exordium Thugs","floor":13,"turns":4},{"damage":0,"enemies":"3 Sentries","floor":14,"turns":4},{"damage":27,"enemies":"Slime Boss","floor":16,"turns":3}],"seed_played":"-4564364996458329368","potions_obtained":[{"floor":5.0,"key":"Fruit Juice"},{"floor":5.0,"key":"Fire Potion"},{"floor":6.0,"key":"Block Potion"},{"floor":7.0,"key":"Dexterity Potion"},{"floor":12,"key":"Energy Potion"},{"floor":14,"key":"LiquidBronze"}],"is_trial":false,"path_per_floor":["M","$","M","M","?","E","M","R","T","T","R","E","M","E","R","B"],"character_chosen":"THE_SENSHI","items_purchased":["theSenshi:SailorJupiterAssists","theSenshi:SailorVenusAssists"],"campfire_rested":1,"item_purchase_floors":[2,2],"current_hp_per_floor":[68,68,68,68,68,54,45,45,45,45,45,16,2,2,26,0,0],"gold":283,"neow_bonus":"THREE_ENEMY_KILL","is_daily":false,"chose_seed":false,"campfire_upgraded":2,"win_rate":0.0,"timestamp":1614238625,"path_taken":["M","?","?","M","?","E","?","R","T","?","R","E","?","E","R","BOSS"],"items_purchased_type":["Card","Card"],"build_version":"2020-12-22","purchased_purges":0,"victory":false,"max_hp_per_floor":[75,75,75,75,75,80,80,80,80,80,80,80,80,80,80,80,80],"card_choices":[{"not_picked":["theSenshi:MoonPower","theSenshi:MoonPunch"],"picked":"theSenshi:SailorMercuryAssists","floor":1.0},{"not_picked":["theSenshi:LateForSchool","theSenshi:MoonPower"],"picked":"theSenshi:TallSilhouette","floor":3.0},{"not_picked":["theSenshi:Sidestep","theSenshi:SailorVenusAssists"],"picked":"theSenshi:MoonTiaraMagic","floor":4.0},{"not_picked":["theSenshi:SailorChibiMoonAssists","theSenshi:MoonPunch"],"picked":"theSenshi:InTheNameOfTheMoon","floor":6.0},{"not_picked":["theSenshi:GatheringStrength","theSenshi:MoonsReflection"],"picked":"theSenshi:SailorVenusAssists","floor":7.0},{"not_picked":["theSenshi:OdangoHead","theSenshi:PlutosSolemnity"],"picked":"theSenshi:UranusStrength","floor":12},{"not_picked":["theSenshi:MercurysCunning","theSenshi:EncouragingSpeech"],"picked":"theSenshi:SailorJupiterAssists","floor":13},{"not_picked":["theSenshi:MoonTiaraMagic","theSenshi:SupersonicWaves"],"picked":"theSenshi:MoonEternalMakeUp","floor":14}],"player_experience":970476,"relics_obtained":[{"floor":6.0,"key":"MawBank"},{"floor":9,"key":"Mercury Hourglass"},{"floor":10,"key":"Pen Nib"},{"floor":12,"key":"Ginger"},{"floor":14,"key":"Vajra"}],"event_choices":[{"damage_healed":0.0,"max_hp_gain":0.0,"max_hp_loss":0.0,"gold_gain":0.0,"event_name":"Lab","player_choice":"Got Potions","floor":5.0,"gold_loss":0.0,"damage_taken":0.0}],"is_beta":false,"boss_relics":[],"items_purged_floors":[],"is_endless":false,"potions_floor_spawned":[6,7,12,14],"killed_by":"Slime Boss","ascension_level":18}}