{"host":"28p8ce41sjwa6lzf","time":1614266340,"event":{"mods":["BaseMod","Bestiary","Colored Map","Colored Powertips","Dark Map","Highlight Path","Minty Spire (QoL Compilation)","Permanent Neow","Quick Restart","Random Character Button","Rare Cards Sparkle","Relic Stats","StSLib","Unceasing Turn Reminder","ojb\u0027s Info Mod: The sequel"],"gold_per_floor":[114,125,141,159,174,174,206,206,206,206,229,261,261,291,291,370,370,381,381,9,9,9,9,40,40,63,21,49,59,78,105,105,176,176,187,187,43,58,58,58,89,100,123,123,142,142,7,19,19,19,19,19],"floor_reached":51,"language":"ENG","playtime":3895,"items_purged":["Decay"],"score":1527,"play_id":"9daa87a1-7281-4169-8fa0-64cda853245d","local_time":"20210225091900","is_ascension_mode":true,"campfire_choices":[{"floor":6.0,"key":"REST"},{"floor":8.0,"key":"REST"},{"data":"Ball Lightning","floor":15.0,"key":"SMITH"},{"floor":23.0,"key":"REST"},{"data":"Turbo","floor":25.0,"key":"SMITH"},{"data":"Capacitor","floor":32.0,"key":"SMITH"},{"floor":40.0,"key":"REST"},{"floor":44.0,"key":"REST"},{"floor":49,"key":"RECALL"}],"circlet_count":0,"master_deck":["AscendersBane","Strike_B+1","Strike_B+1","Strike_B+1","Defend_B+1","Defend_B+1","Zap","Dualcast+1","Compile Driver","Hologram","Ball Lightning+1","Leap","Leap","Go for the Eyes","Ball Lightning","Hologram","Reboot","White Noise+1","Turbo+1","Ball Lightning","Double Energy","Capacitor+1","Glacier","Biased Cognition","Rebound+1","Doom and Gloom+1","Undo+1","Hyperbeam","Loop","Capacitor","Skim+1","Skim","Compile Driver+1"],"relics":["Runic Pyramid","Shuriken","Pantograph","Lantern","Odd Mushroom","Letter Opener","Kunai","SlaversCollar","PreservedInsect","Strawberry","Singing Bowl","Akabeko","Astrolabe","Shovel","War Paint","Dream Catcher"],"acts_visited":["Exordium","TheCity","TheBeyond"],"potions_floor_usage":[48,50],"damage_taken":[{"damage":2.0,"enemies":"Cultist","floor":1.0,"turns":4.0},{"damage":4.0,"enemies":"Jaw Worm","floor":2.0,"turns":7.0},{"damage":1.0,"enemies":"2 Louse","floor":3.0,"turns":3.0},{"damage":11.0,"enemies":"Red Slaver","floor":4.0,"turns":3.0},{"damage":36.0,"enemies":"Exordium Thugs","floor":5.0,"turns":5.0},{"damage":2.0,"enemies":"3 Sentries","floor":7.0,"turns":8.0},{"damage":16.0,"enemies":"The Mushroom Lair","floor":11.0,"turns":5.0},{"damage":6.0,"enemies":"Lagavulin","floor":12.0,"turns":6.0},{"damage":18.0,"enemies":"3 Sentries","floor":14.0,"turns":6.0},{"damage":13.0,"enemies":"Slime Boss","floor":16.0,"turns":8.0},{"damage":24.0,"enemies":"2 Thieves","floor":18.0,"turns":5.0},{"damage":0.0,"enemies":"Slavers","floor":24.0,"turns":5.0},{"damage":6.0,"enemies":"Gremlin Leader","floor":28.0,"turns":7.0},{"damage":3.0,"enemies":"Chosen","floor":29.0,"turns":5.0},{"damage":6.0,"enemies":"Snake Plant","floor":30.0,"turns":4.0},{"damage":2.0,"enemies":"Book of Stabbing","floor":31.0,"turns":3.0},{"damage":47.0,"enemies":"Collector","floor":33.0,"turns":11.0},{"damage":41.0,"enemies":"3 Darklings","floor":35.0,"turns":4.0},{"damage":0.0,"enemies":"3 Shapes","floor":38.0,"turns":6.0},{"damage":20.0,"enemies":"Reptomancer","floor":41.0,"turns":5.0},{"damage":45.0,"enemies":"Spire Growth","floor":42.0,"turns":5.0},{"damage":0.0,"enemies":"Jaw Worm Horde","floor":45.0,"turns":4.0},{"damage":21,"enemies":"Writhing Mass","floor":48,"turns":7},{"damage":45,"enemies":"Donu and Deca","floor":50,"turns":9},{"damage":51,"enemies":"Awakened One","floor":51,"turns":5}],"seed_played":"-5807069705701047133","potions_obtained":[{"floor":2.0,"key":"SteroidPotion"},{"floor":5.0,"key":"Fire Potion"},{"floor":11.0,"key":"EntropicBrew"},{"floor":12.0,"key":"Swift Potion"},{"floor":14.0,"key":"AttackPotion"},{"floor":28.0,"key":"Weak Potion"},{"floor":29.0,"key":"AttackPotion"},{"floor":31.0,"key":"EntropicBrew"},{"floor":38.0,"key":"GamblersBrew"},{"floor":42.0,"key":"Block Potion"}],"is_trial":false,"path_per_floor":["M","M","M","M","M","R","E","R","T","T","?","E","?","E","R","B",null,"M","?","$","?","?","R","E","R","T","$","E","M","M","E","R","B",null,"M","?","$","M","?","R","E","M","T","R","M","T","$","M","R","B","B"],"character_chosen":"DEFECT","items_purchased":["PreservedInsect","Turbo","Regen Potion","Double Energy","Capacitor","PowerPotion","Regen Potion","FocusPotion"],"campfire_rested":5,"item_purchase_floors":[20,20,20,27,37,37,47,47],"current_hp_per_floor":[62,58,57,46,10,31,29,50,50,50,34,28,81,63,63,68,78,54,54,54,54,31,56,77,77,77,77,73,70,66,64,64,42,83,44,44,44,44,44,73,55,10,10,40,40,40,40,36,36,16,0,0],"gold":19,"neow_bonus":"BOSS_RELIC","is_daily":false,"chose_seed":false,"campfire_upgraded":3,"win_rate":0.0,"timestamp":1614266340,"path_taken":["M","M","M","M","M","R","E","R","T","?","?","E","?","E","R","BOSS","M","?","?","?","?","R","E","R","T","?","E","M","M","E","R","BOSS","M","?","$","?","?","R","E","M","T","R","M","?","$","M","R","BOSS","BOSS"],"items_purchased_type":["Relic","Card","Potion","Card","Card","Potion","Potion","Potion"],"build_version":"2020-12-22","purchased_purges":1,"victory":false,"max_hp_per_floor":[71,71,71,71,71,71,71,71,71,71,71,71,81,81,81,81,81,81,81,81,81,86,86,93,93,93,93,95,95,97,97,97,97,97,99,99,99,99,99,99,101,101,101,101,101,101,101,103,103,103,103,103],"relic_stats":{"Dream Catcher":0,"Shovel":0,"Singing Bowl":10,"counters":[25,138],"Shuriken":[46],"Pantograph":93,"Astrolabe":["Rebound","Doom and Gloom","Undo"],"PreservedInsect":195,"Letter Opener":[251],"Kunai":[41],"War Paint":["White Noise","Dualcast"],"obtain_stats":[{"Lantern":10,"Singing Bowl":28,"Astrolabe":34,"PreservedInsect":20,"Letter Opener":12,"Odd Mushroom":11,"War Paint":43,"Akabeko":31,"SlaversCollar":17,"Dream Catcher":46,"Shovel":41,"Shuriken":7,"Pantograph":9,"Strawberry":24,"Kunai":14,"Cracked Core":0,"Runic Pyramid":0},{"Lantern":6,"Singing Bowl":13,"Astrolabe":17,"PreservedInsect":11,"Letter Opener":8,"Odd Mushroom":7,"War Paint":21,"Akabeko":16,"SlaversCollar":10,"Dream Catcher":22,"Shovel":20,"Shuriken":6,"Pantograph":6,"Strawberry":12,"Kunai":9,"Cracked Core":0,"Runic Pyramid":0},{"Lantern":30,"Singing Bowl":72,"Astrolabe":95,"PreservedInsect":60,"Letter Opener":41,"Odd Mushroom":35,"War Paint":113,"Akabeko":84,"SlaversCollar":55,"Dream Catcher":117,"Shovel":109,"Shuriken":30,"Pantograph":30,"Strawberry":65,"Kunai":47,"Cracked Core":0,"Runic Pyramid":0}]},"card_choices":[{"not_picked":["Tempest","Coolheaded"],"picked":"Compile Driver","floor":1.0},{"not_picked":["Barrage","Sweeping Beam"],"picked":"Hologram","floor":2.0},{"not_picked":["Rebound","Leap"],"picked":"Ball Lightning","floor":3.0},{"not_picked":["FTL","Thunder Strike"],"picked":"Leap","floor":4.0},{"not_picked":["Compile Driver","Go for the Eyes"],"picked":"Leap","floor":5.0},{"not_picked":["Leap","Force Field"],"picked":"Go for the Eyes","floor":7.0},{"not_picked":["Streamline","Compile Driver"],"picked":"Ball Lightning","floor":11.0},{"not_picked":["Go for the Eyes","Cold Snap"],"picked":"Electrodynamics","floor":12.0},{"not_picked":["Aggregate","Stack"],"picked":"Hologram","floor":14.0},{"not_picked":["Machine Learning","Thunder Strike"],"picked":"Reboot","floor":16.0},{"not_picked":["Hologram","Force Field"],"picked":"White Noise","floor":18.0},{"not_picked":["Reprogram","Gash"],"picked":"Ball Lightning","floor":24.0},{"not_picked":["Hologram","Barrage","Redo"],"picked":"Singing Bowl","floor":28.0},{"not_picked":["Barrage","Conserve Battery"],"picked":"Capacitor","floor":29.0},{"not_picked":["Steam","Turbo","Ball Lightning"],"picked":"Singing Bowl","floor":30.0},{"not_picked":["Gash+1","Streamline"],"picked":"Glacier","floor":31.0},{"not_picked":["Rainbow","Amplify"],"picked":"Biased Cognition","floor":33.0},{"not_picked":["Reprogram","Rebound+1","Coolheaded"],"picked":"Singing Bowl","floor":35.0},{"not_picked":["Go for the Eyes","Gash"],"picked":"Skim+1","floor":38.0},{"not_picked":["Barrage+1","Double Energy+1","Rip and Tear"],"picked":"Singing Bowl","floor":41.0},{"not_picked":["Ball Lightning+1","Blizzard"],"picked":"Skim","floor":42.0},{"not_picked":["Aggregate","Coolheaded"],"picked":"Compile Driver+1","floor":45.0},{"not_picked":["Genetic Algorithm","Loop","Melter"],"picked":"Singing Bowl","floor":48}],"player_experience":1397308,"relics_obtained":[{"floor":7.0,"key":"Shuriken"},{"floor":9.0,"key":"Pantograph"},{"floor":10.0,"key":"Lantern"},{"floor":11.0,"key":"Odd Mushroom"},{"floor":12.0,"key":"Letter Opener"},{"floor":14.0,"key":"Kunai"},{"floor":24.0,"key":"Strawberry"},{"floor":28.0,"key":"Singing Bowl"},{"floor":31.0,"key":"Akabeko"},{"floor":41.0,"key":"Shovel"},{"floor":43.0,"key":"War Paint"},{"floor":46.0,"key":"Dream Catcher"}],"event_choices":[{"damage_healed":0.0,"max_hp_gain":0.0,"max_hp_loss":0.0,"gold_gain":0.0,"event_name":"Mushrooms","player_choice":"Fought Mushrooms","floor":11.0,"gold_loss":0.0,"damage_taken":0.0},{"cards_removed":["Electrodynamics"],"damage_healed":43.0,"max_hp_gain":10.0,"max_hp_loss":0.0,"gold_gain":0.0,"event_name":"Bonfire Elementals","player_choice":"Offered Rare","floor":13.0,"gold_loss":0.0,"damage_taken":0.0},{"damage_healed":0.0,"max_hp_gain":0.0,"max_hp_loss":0.0,"gold_gain":0.0,"event_name":"Wheel of Change","player_choice":"Cursed","floor":19.0,"gold_loss":0.0,"damage_taken":0.0,"cards_obtained":["Decay"]},{"damage_healed":0.0,"max_hp_gain":0.0,"max_hp_loss":0.0,"gold_gain":0.0,"event_name":"Back to Basics","player_choice":"Simplicity","floor":21.0,"gold_loss":0.0,"damage_taken":0.0,"cards_upgraded":["Strike_B","Strike_B","Strike_B","Strike_B","Defend_B","Defend_B","Defend_B","Defend_B"]},{"damage_healed":0.0,"max_hp_gain":5.0,"max_hp_loss":0.0,"gold_gain":0.0,"event_name":"Forgotten Altar","player_choice":"Shed Blood","floor":22.0,"gold_loss":0.0,"damage_taken":28.0},{"damage_healed":0.0,"max_hp_gain":0.0,"max_hp_loss":0.0,"gold_gain":0.0,"event_name":"Match and Keep!","player_choice":"2 cards matched","floor":36.0,"gold_loss":0.0,"damage_taken":0.0,"cards_obtained":["Hyperbeam","Loop"]},{"damage_healed":0.0,"max_hp_gain":0.0,"max_hp_loss":0.0,"gold_gain":0.0,"event_name":"Mysterious Sphere","player_choice":"Ignored","floor":39.0,"gold_loss":0.0,"damage_taken":0.0}],"is_beta":false,"boss_relics":[{"not_picked":["Pandora\u0027s Box","Empty Cage"],"picked":"SlaversCollar"},{"not_picked":["Calling Bell","Tiny House"],"picked":"Astrolabe"}],"items_purged_floors":[20],"is_endless":false,"potions_floor_spawned":[2,5,11,12,14,28,29,31,38,42],"killed_by":"Awakened One","ascension_level":20}}