{"host":"z37g2hkgkh2zjyzk","time":1614213380,"event":{"mods":["2.2 Compatiblity","AchievementEnabler","BaseMod","Bestiary","Colored Map","Colored Powertips","Curses Come First","Highlight Path","Keyboard Shortcuts","Minty Spire (QoL Compilation)","Relic Stats","StSLib","SuperFastMode"],"gold_per_floor":[111,121,121,132,132,132,164,175,200,200,213,213,241,263,263,366,366,383,401,341,361,361,361],"floor_reached":22,"language":"ENG","playtime":868,"items_purged":[],"score":274,"play_id":"99227c30-a9f9-400b-963f-12a794ea0a12","local_time":"20210225013620","is_ascension_mode":true,"campfire_choices":[{"data":"Defragment","floor":6,"key":"SMITH"},{"floor":10,"key":"REST"},{"data":"Chill","floor":12,"key":"SMITH"},{"floor":15,"key":"REST"}],"circlet_count":0,"master_deck":["Strike_B","Strike_B","Defend_B","Defend_B","Defend_B","Defend_B","Zap","Dualcast","Defragment+1","Beam Cell","Chill+1","Ball Lightning","Gash","Reboot","Conserve Battery","Coolheaded+1","Scrape"],"relics":["Cracked Core","NeowsBlessing","Nunchaku","Toy Ornithopter","Art of War","Odd Mushroom","Black Star"],"acts_visited":["Exordium","TheCity"],"potions_floor_usage":[11,16,21],"damage_taken":[{"damage":0,"enemies":"Small Slimes","floor":1,"turns":1},{"damage":0,"enemies":"Cultist","floor":2,"turns":1},{"damage":0,"enemies":"Jaw Worm","floor":4,"turns":1},{"damage":26,"enemies":"3 Sentries","floor":7,"turns":11},{"damage":6,"enemies":"Looter","floor":8,"turns":4},{"damage":2,"enemies":"Large Slime","floor":11,"turns":4},{"damage":17,"enemies":"Lagavulin","floor":13,"turns":7},{"damage":0,"enemies":"The Mushroom Lair","floor":14,"turns":5},{"damage":29,"enemies":"Hexaghost","floor":16,"turns":8},{"damage":7,"enemies":"3 Byrds","floor":18,"turns":5},{"damage":17,"enemies":"2 Thieves","floor":19,"turns":4},{"damage":13,"enemies":"Centurion and Healer","floor":21,"turns":8},{"damage":41,"enemies":"3 Cultists","floor":22,"turns":5}],"seed_played":"-6136983758507415740","potions_obtained":[{"floor":3,"key":"AttackPotion"},{"floor":3,"key":"Fire Potion"},{"floor":3,"key":"AttackPotion"},{"floor":4,"key":"Block Potion"},{"floor":13,"key":"Swift Potion"},{"floor":18,"key":"Strength Potion"}],"is_trial":false,"path_per_floor":["M","M","?","M","?","R","E","M","T","R","M","R","E","?","R","B",null,"M","M","?","M","M"],"character_chosen":"DEFECT","items_purchased":[],"campfire_rested":2,"item_purchase_floors":[],"current_hp_per_floor":[68,68,68,68,61,61,35,29,29,51,54,54,37,37,59,35,65,58,41,41,33,0,0],"gold":361,"neow_bonus":"THREE_ENEMY_KILL","is_daily":false,"chose_seed":false,"campfire_upgraded":2,"win_rate":0.0,"timestamp":1614213380,"path_taken":["M","M","?","?","?","R","E","M","T","R","M","R","E","?","R","BOSS","M","M","?","?","M"],"items_purchased_type":[],"build_version":"2020-12-22","purchased_purges":0,"victory":false,"max_hp_per_floor":[75,75,75,75,75,75,75,75,75,75,75,75,75,75,75,75,75,75,75,75,75,75,75],"relic_stats":{"Nunchaku":[8],"counters":[13,64],"Art of War":[2],"Black Star":0,"obtain_stats":[{"Nunchaku":7,"NeowsBlessing":0,"Art of War":13,"Black Star":17,"Odd Mushroom":14,"Cracked Core":0,"Toy Ornithopter":9},{"Nunchaku":4,"NeowsBlessing":0,"Art of War":7,"Black Star":9,"Odd Mushroom":8,"Cracked Core":0,"Toy Ornithopter":5},{"Nunchaku":14,"NeowsBlessing":0,"Art of War":29,"Black Star":42,"Odd Mushroom":34,"Cracked Core":0,"Toy Ornithopter":18}],"Toy Ornithopter":15},"card_choices":[{"not_picked":["Redo","Rebound"],"picked":"Defragment","floor":1},{"not_picked":["Cold Snap","Steam"],"picked":"Beam Cell","floor":2},{"not_picked":["Recycle","Go for the Eyes"],"picked":"Chill","floor":4},{"not_picked":["Machine Learning","Leap","Steam"],"picked":"SKIP","floor":7},{"not_picked":["Genetic Algorithm","Cold Snap"],"picked":"Ball Lightning","floor":8},{"not_picked":["Reprogram","Leap","Streamline"],"picked":"SKIP","floor":11},{"not_picked":["Leap","Cold Snap","Thunder Strike"],"picked":"SKIP","floor":13},{"not_picked":["Rebound","Leap"],"picked":"Gash","floor":14},{"not_picked":["Rainbow","Machine Learning"],"picked":"Reboot","floor":16},{"not_picked":["Streamline","Darkness"],"picked":"Conserve Battery","floor":18},{"not_picked":["Sweeping Beam","Conserve Battery+1"],"picked":"Coolheaded+1","floor":19},{"not_picked":["Chill","Compile Driver"],"picked":"Scrape","floor":21}],"player_experience":266275,"relics_obtained":[{"floor":7,"key":"Nunchaku"},{"floor":9,"key":"Toy Ornithopter"},{"floor":13,"key":"Art of War"},{"floor":14,"key":"Odd Mushroom"}],"event_choices":[{"damage_healed":0,"gold_gain":0,"player_choice":"Got Potions","damage_taken":0,"max_hp_gain":0,"max_hp_loss":0,"event_name":"Lab","floor":3,"gold_loss":0},{"cards_removed":["Strike_B"],"damage_healed":0,"gold_gain":0,"player_choice":"Card Removal","damage_taken":7,"max_hp_gain":0,"max_hp_loss":0,"event_name":"Golden Wing","floor":5,"gold_loss":0},{"damage_healed":0,"gold_gain":0,"player_choice":"Fought Mushrooms","damage_taken":0,"max_hp_gain":0,"max_hp_loss":0,"event_name":"Mushrooms","floor":14,"gold_loss":0},{"cards_removed":["Strike_B"],"damage_healed":0,"gold_gain":0,"player_choice":"Single Remove","damage_taken":0,"max_hp_gain":0,"max_hp_loss":0,"event_name":"Designer","floor":20,"gold_loss":60}],"is_beta":false,"boss_relics":[{"not_picked":["Cursed Key","SacredBark"],"picked":"Black Star"}],"items_purged_floors":[],"is_endless":false,"potions_floor_spawned":[4,8,13,18],"killed_by":"3 Cultists","ascension_level":8}}