{"host":"egwexuw5uvnxf11j","time":1614294569,"event":{"mods":["2.2 Compatiblity","Aspiration","BaseMod","Better Note","Better Sensory Stone","Better Third Choice","Displayed Cursed Tome","Downfall","Hermit","Key Reminder","Koishi","Marisa????????","Minty Spire (QoL Compilation)","Quick Restart","Shade Mod","Spicy Shops","StSLib","The Construct","The Cursed","The Runesmith","The Senshi","The Servant 0.9.4","Transform Curses"],"gold_per_floor":[112,112,125,39,39,72,92,92,92,119,183,183,196,237,237,346,346,369,110,135,135,170,170,170,170,170,196,215,240,240,340,340,340,340],"floor_reached":33,"language":"ENG","playtime":1345,"items_purged":[],"score":302,"play_id":"2de351f7-799a-4583-81be-a021e27b31b4","local_time":"20210225180929","is_ascension_mode":true,"campfire_choices":[{"floor":8,"key":"REST"},{"data":"Runesmith:Grindstone","floor":12,"key":"SMITH"},{"floor":15,"key":"REST"},{"floor":23,"key":"REST"},{"floor":25,"key":"REST"},{"floor":30,"key":"REST"},{"floor":32,"key":"REST"}],"circlet_count":0,"master_deck":["Runesmith:Strike_RS+1","Runesmith:Strike_RS+1","Runesmith:Strike_RS+1","Runesmith:Strike_RS+1","Runesmith:Defend_RS+1","Runesmith:Defend_RS+1","Runesmith:Defend_RS+1","Runesmith:Defend_RS+1","Runesmith:CraftFirestone","Runesmith:Fortify+1","Runesmith:ChargedHammer","Runesmith:BackupBattery","Runesmith:StaticCage","Runesmith:ChiselStab","Runesmith:UnstableHammer","Runesmith:Grindstone+1","Runesmith:CraftProtectio","Runesmith:StaticCage","Runesmith:CraftMagma","Runesmith:UnlimitedPower","Runesmith:HammerThrow+1","Runesmith:Electrocute","Runesmith:Firewall","Runesmith:Superposition","Runesmith:FrozenChisel","Runesmith:Retool"],"relics":["Runesmith:BrokenRuby","War Paint","Blue Candle","MealTicket","Lantern","Juzu Bracelet","CeramicFish","Black Star","Letter Opener","Red Mask","Shuriken"],"acts_visited":["Exordium","TheCity"],"potions_floor_usage":[6,10,29],"damage_taken":[{"damage":0,"enemies":"Jaw Worm","floor":1,"turns":3},{"damage":1,"enemies":"Cultist","floor":3,"turns":3},{"damage":14,"enemies":"3 Sentries","floor":6,"turns":8},{"damage":1,"enemies":"Small Slimes","floor":7,"turns":4},{"damage":11,"enemies":"Lagavulin","floor":10,"turns":5},{"damage":0,"enemies":"Exordium Wildlife","floor":13,"turns":2},{"damage":15,"enemies":"3 Sentries","floor":14,"turns":8},{"damage":15,"enemies":"The Guardian","floor":16,"turns":10},{"damage":25,"enemies":"Spheric Guardian","floor":18,"turns":5},{"damage":22,"enemies":"3 Byrds","floor":20,"turns":5},{"damage":53,"enemies":"Masked Bandits","floor":22,"turns":6},{"damage":22,"enemies":"Snake Plant","floor":27,"turns":5},{"damage":8,"enemies":"Snecko","floor":28,"turns":6},{"damage":13,"enemies":"Centurion and Healer","floor":29,"turns":5},{"damage":72,"enemies":"Collector","floor":33,"turns":7}],"seed_played":"2837182603603574211","potions_obtained":[{"floor":1,"key":"hexamod:SoulburnPotion"},{"floor":5,"key":"SneckoOil"},{"floor":5,"key":"Fire Potion"},{"floor":5,"key":"hexamod:SoulburnPotion"},{"floor":7,"key":"Guardian:BlockOnCardUsePotion"},{"floor":10,"key":"EntropicBrew"},{"floor":18,"key":"FairyPotion"},{"floor":28,"key":"Explosive Potion"}],"is_trial":false,"path_per_floor":["M","?","M","$","?","E","M","R","T","E","?","R","M","E","R","B",null,"M","$","M","?","?","R","?","R","T","M","M","M","R","?","R","B"],"character_chosen":"RUNESMITH_CLASS","items_purchased":["Runesmith:StaticCage","Runesmith:ChiselStab","Letter Opener"],"campfire_rested":6,"item_purchase_floors":[4,4,19],"current_hp_per_floor":[70,70,69,69,69,55,54,70,70,59,59,59,59,44,65,50,70,45,60,38,38,8,29,29,50,50,28,20,7,28,28,49,0,0],"gold":340,"neow_bonus":"RANDOM_COMMON_RELIC","is_daily":false,"chose_seed":false,"campfire_upgraded":1,"win_rate":0.0,"timestamp":1614294569,"path_taken":["M","?","?","$","?","E","M","R","T","E","?","R","M","E","R","BOSS","M","$","M","?","?","R","?","R","T","M","M","M","R","?","R","BOSS"],"items_purchased_type":["Card","Card","Relic"],"build_version":"2020-12-22","purchased_purges":0,"victory":false,"max_hp_per_floor":[70,70,70,70,70,70,70,70,70,70,70,70,70,70,70,70,70,70,70,70,70,70,70,70,70,70,70,70,70,70,70,70,70,70],"card_choices":[{"not_picked":["Runesmith:UnstableHammer","Runesmith:HammerTime"],"picked":"Runesmith:ChargedHammer","floor":1},{"not_picked":["Runesmith:Malloc","Runesmith:Attraction"],"picked":"Runesmith:BackupBattery","floor":3},{"not_picked":["Runesmith:Attraction","Runesmith:Superposition"],"picked":"Runesmith:UnstableHammer","floor":6},{"not_picked":["Runesmith:BackupBattery","Runesmith:StaticCage"],"picked":"Runesmith:Grindstone","floor":7},{"not_picked":["Runesmith:HammerAndChisel","Runesmith:Overpower"],"picked":"Runesmith:CraftProtectio","floor":10},{"not_picked":["Runesmith:Overpower","Runesmith:Empowerment"],"picked":"Runesmith:StaticCage","floor":13},{"not_picked":["Runesmith:StaticCage","Runesmith:ReplicatingBarrier"],"picked":"Runesmith:CraftMagma","floor":14},{"not_picked":["Runesmith:LastStand","Runesmith:GenerateForcefield"],"picked":"Runesmith:UnlimitedPower","floor":16},{"not_picked":["Runesmith:Augment+1","Runesmith:CraftProtectio"],"picked":"Runesmith:HammerThrow+1","floor":18},{"not_picked":["Runesmith:HeatedChisel","Runesmith:EnergizedChisel+1"],"picked":"Runesmith:Electrocute","floor":20},{"not_picked":["Runesmith:EnergizedChisel","Runesmith:CraftMagma"],"picked":"Runesmith:Firewall","floor":22},{"not_picked":["Runesmith:EnergizedChisel+1","Runesmith:HammerThrow"],"picked":"Runesmith:Superposition","floor":27},{"not_picked":["Runesmith:Repurpose","Runesmith:StaticCage"],"picked":"Runesmith:FrozenChisel","floor":28},{"not_picked":["Runesmith:HeatedChisel+1","Runesmith:BackupBattery"],"picked":"Runesmith:Retool","floor":29}],"player_experience":2144983,"relics_obtained":[{"floor":6,"key":"MealTicket"},{"floor":9,"key":"Lantern"},{"floor":10,"key":"Juzu Bracelet"},{"floor":14,"key":"CeramicFish"},{"floor":22,"key":"Red Mask"},{"floor":26,"key":"Shuriken"}],"event_choices":[{"damage_healed":0,"gold_gain":0,"player_choice":"Gave Potion","damage_taken":0,"relics_obtained":["Blue Candle"],"max_hp_gain":0,"max_hp_loss":0,"event_name":"WeMeetAgain","floor":2,"gold_loss":0},{"damage_healed":0,"gold_gain":0,"player_choice":"Got Potions","damage_taken":0,"max_hp_gain":0,"max_hp_loss":0,"event_name":"Lab","floor":5,"gold_loss":0},{"damage_healed":0,"gold_gain":64,"player_choice":"Gained Gold","damage_taken":0,"max_hp_gain":0,"max_hp_loss":0,"event_name":"Golden Wing","floor":11,"gold_loss":0},{"damage_healed":0,"gold_gain":0,"player_choice":"Simplicity","damage_taken":0,"max_hp_gain":0,"max_hp_loss":7,"event_name":"betterThird:BetterWriting","floor":21,"gold_loss":0},{"damage_healed":0,"gold_gain":0,"player_choice":"Fought Bandits","damage_taken":0,"max_hp_gain":0,"max_hp_loss":0,"event_name":"Masked Bandits","floor":22,"gold_loss":0},{"damage_healed":0,"gold_gain":0,"player_choice":"Ignored","damage_taken":0,"max_hp_gain":0,"max_hp_loss":0,"event_name":"Ghosts","floor":24,"gold_loss":0},{"damage_healed":0,"gold_gain":100,"player_choice":"Pray","damage_taken":0,"max_hp_gain":0,"max_hp_loss":0,"event_name":"Golden Shrine","floor":31,"gold_loss":0}],"is_beta":false,"boss_relics":[{"not_picked":["Runesmith:CoreCrystal","Busted Crown"],"picked":"Black Star"}],"items_purged_floors":[],"is_endless":false,"potions_floor_spawned":[1,7,10,14,18,28],"killed_by":"Collector","ascension_level":3}}