{"host":"0utx1lcxgx5vu4k0","time":1614273010,"event":{"mods":["BaseMod","Colored Powertips","Minty Spire (QoL Compilation)","Permanent Neow","Relic Stats","StSLib"],"gold_per_floor":[117,117,117,42,42,42,76,76,127,159,182,211,238,269,281,393,405,429,441,453,465,44,72,72,107,186,196,111,111,122,156,156,253,253,271,271,271,281,295,328,328,354,381,400,430,443,470,497,497,497,497,497,12,40,40],"floor_reached":56,"language":"ENG","playtime":3064,"items_purged":["Strike_R","Strike_R+1"],"score":1780,"play_id":"2b1a0efc-0cfc-44bd-8f73-1c95645a2012","local_time":"20210225121010","is_ascension_mode":true,"campfire_choices":[{"data":"Bash","floor":6,"key":"SMITH"},{"data":"Cleave","floor":15,"key":"SMITH"},{"data":"Dark Embrace","floor":24,"key":"SMITH"},{"data":"Shockwave","floor":32,"key":"SMITH"},{"floor":41,"key":"RECALL"},{"floor":49,"key":"REST"},{"floor":52,"key":"REST"}],"circlet_count":0,"master_deck":["Strike_R+1","Strike_R+1","Defend_R+1","Defend_R+1","Defend_R+1","Defend_R+1","Bash+1","Battle Trance","Pummel+1","Cleave+1","Armaments","Fire Breathing","Shrug It Off","Corruption","Sword Boomerang+1","Shrug It Off","Shockwave+1","Dark Embrace+1","Dropkick+1","Clash+1","Burning Pact","Demon Form","Entrench+1","Madness","Madness","Sentinel","Warcry+1","Shrug It Off+1","Parasite","Intimidate+1","Demon Form","Shrug It Off","Dark Embrace+1"],"relics":["Burning Blood","NeowsBlessing","The Courier","Oddly Smooth Stone","Toy Ornithopter","MawBank","Black Star","Meat on the Bone","Question Card","Lantern","MealTicket","Sundial","Bird Faced Urn","Nilry\u0027s Codex","Pocketwatch","Ancient Tea Set","Fusion Hammer","Mummified Hand","Anchor","Art of War","Happy Flower","PreservedInsect","Blood Vial","Bottled Tornado","Regal Pillow","Molten Egg 2","Whetstone","TheAbacus","Shuriken","Bag of Marbles","Pantograph","Orichalcum"],"acts_visited":["Exordium","TheCity","TheBeyond","TheEnding"],"potions_floor_usage":[18,25,33,33,33,42,45,54,55],"damage_taken":[{"damage":0,"enemies":"Small Slimes","floor":1,"turns":1},{"damage":0,"enemies":"Lagavulin","floor":7,"turns":1},{"damage":0,"enemies":"3 Sentries","floor":10,"turns":1},{"damage":0,"enemies":"2 Louse","floor":11,"turns":2},{"damage":12,"enemies":"Jaw Worm","floor":12,"turns":3},{"damage":5,"enemies":"Looter","floor":13,"turns":3},{"damage":23,"enemies":"Exordium Thugs","floor":14,"turns":5},{"damage":11,"enemies":"Slime Boss","floor":16,"turns":8},{"damage":8,"enemies":"2 Thieves","floor":18,"turns":4},{"damage":46,"enemies":"Book of Stabbing","floor":23,"turns":6},{"damage":29,"enemies":"Slavers","floor":25,"turns":5},{"damage":1,"enemies":"Shell Parasite","floor":27,"turns":5},{"damage":18,"enemies":"Snake Plant","floor":30,"turns":5},{"damage":12,"enemies":"Gremlin Leader","floor":31,"turns":6},{"damage":73,"enemies":"Collector","floor":33,"turns":11},{"damage":0,"enemies":"Orb Walker","floor":35,"turns":4},{"damage":6,"enemies":"3 Darklings","floor":38,"turns":4},{"damage":46,"enemies":"Sphere and 2 Shapes","floor":39,"turns":4},{"damage":7,"enemies":"Nemesis","floor":40,"turns":5},{"damage":15,"enemies":"Reptomancer","floor":42,"turns":7},{"damage":24,"enemies":"Spire Growth","floor":44,"turns":5},{"damage":70,"enemies":"Nemesis","floor":45,"turns":7},{"damage":8,"enemies":"Writhing Mass","floor":46,"turns":5},{"damage":0,"enemies":"Reptomancer","floor":47,"turns":4},{"damage":2,"enemies":"Donu and Deca","floor":50,"turns":5},{"damage":65,"enemies":"Shield and Spear","floor":54,"turns":5},{"damage":16,"enemies":"The Heart","floor":55,"turns":7}],"seed_played":"1596488395116270796","potions_obtained":[{"floor":1,"key":"BloodPotion"},{"floor":7,"key":"FearPotion"},{"floor":12,"key":"SteroidPotion"},{"floor":23,"key":"AttackPotion"},{"floor":31,"key":"ElixirPotion"},{"floor":33,"key":"AttackPotion"},{"floor":39,"key":"FearPotion"},{"floor":40,"key":"AttackPotion"},{"floor":42,"key":"LiquidMemories"},{"floor":44,"key":"Strength Potion"},{"floor":46,"key":"FairyPotion"},{"floor":54,"key":"ElixirPotion"}],"is_trial":false,"path_per_floor":["M","?","?","$","?","R","E","$","T","E","M","M","M","M","R","B",null,"M","?","$","?","$","E","R","E","T","M","?","?","M","E","R","B",null,"M","?","?","M","M","E","R","E","T","M","E","M","E","T","R","B",null,"R","$","E","B",null],"character_chosen":"IRONCLAD","items_purchased":["Shockwave","Dark Embrace","Meat on the Bone","Dropkick","Shrug It Off","TheAbacus","Shuriken","Bag of Marbles","PowerPotion"],"campfire_rested":2,"item_purchase_floors":[22,22,22,22,53,53,53,53,53],"current_hp_per_floor":[78,62,55,55,52,52,58,58,58,64,70,64,65,48,48,43,71,74,74,74,74,74,46,46,40,40,57,57,41,49,49,49,33,68,80,80,70,78,58,67,67,75,75,64,27,51,67,67,80,80,80,80,80,45,71],"gold":40,"neow_bonus":"THREE_ENEMY_KILL","is_daily":false,"chose_seed":false,"campfire_upgraded":4,"win_rate":0.0,"timestamp":1614273010,"path_taken":["M","?","?","$","?","R","E","$","T","E","?","M","M","M","R","BOSS","M","?","?","?","$","E","R","E","T","M","?","?","M","E","R","BOSS","M","?","?","M","M","E","R","E","T","M","E","M","E","?","R","BOSS","R","$","E","BOSS"],"items_purchased_type":["Card","Card","Relic","Card","Card","Relic","Relic","Relic","Potion"],"build_version":"2020-12-22","purchased_purges":2,"victory":true,"max_hp_per_floor":[80,80,80,80,80,80,80,80,80,80,80,80,80,80,80,80,80,80,80,80,80,80,80,80,80,80,80,80,80,80,80,80,80,80,80,80,80,80,80,80,80,80,80,80,80,80,80,80,80,80,80,80,80,80,80],"relic_stats":{"Regal Pillow":0,"Happy Flower":[12],"counters":[27,128],"PreservedInsect":173,"Whetstone":["Dropkick","Pummel"],"Orichalcum":[0],"MawBank":144,"Question Card":15,"Burning Blood":154,"Blood Vial":6,"TheAbacus":[36],"Sundial":[28],"Mummified Hand":[49],"Shuriken":[7],"Bird Faced Urn":[123],"Pantograph":25,"MealTicket":0,"Black Star":8,"Art of War":[1],"obtain_stats":[{"Lantern":23,"Regal Pillow":47,"Nilry\u0027s Codex":29,"Whetstone":48,"Bottled Tornado":45,"Ancient Tea Set":31,"Burning Blood":0,"Blood Vial":45,"TheAbacus":53,"Sundial":25,"Mummified Hand":40,"Pantograph":54,"MealTicket":25,"Fusion Hammer":34,"NeowsBlessing":0,"Happy Flower":42,"Oddly Smooth Stone":7,"The Courier":5,"PreservedInsect":43,"Orichalcum":54,"MawBank":10,"Question Card":23,"Anchor":40,"Shuriken":53,"Bird Faced Urn":28,"Molten Egg 2":47,"Black Star":17,"Art of War":42,"Bag of Marbles":53,"Toy Ornithopter":9,"Meat on the Bone":22,"Pocketwatch":31},{"Lantern":10,"Regal Pillow":24,"Nilry\u0027s Codex":12,"Whetstone":24,"Bottled Tornado":22,"Ancient Tea Set":14,"Burning Blood":0,"Blood Vial":22,"TheAbacus":25,"Sundial":11,"Mummified Hand":19,"Pantograph":26,"MealTicket":11,"Fusion Hammer":15,"NeowsBlessing":0,"Happy Flower":20,"Oddly Smooth Stone":2,"The Courier":1,"PreservedInsect":20,"Orichalcum":26,"MawBank":3,"Question Card":10,"Anchor":19,"Shuriken":25,"Bird Faced Urn":12,"Molten Egg 2":24,"Black Star":8,"Art of War":20,"Bag of Marbles":25,"Toy Ornithopter":2,"Meat on the Bone":9,"Pocketwatch":14},{"Lantern":34,"Regal Pillow":111,"Nilry\u0027s Codex":44,"Whetstone":111,"Bottled Tornado":102,"Ancient Tea Set":55,"Burning Blood":0,"Blood Vial":102,"TheAbacus":116,"Sundial":39,"Mummified Hand":83,"Pantograph":121,"MealTicket":39,"Fusion Hammer":66,"NeowsBlessing":0,"Happy Flower":90,"Oddly Smooth Stone":2,"The Courier":1,"PreservedInsect":90,"Orichalcum":121,"MawBank":3,"Question Card":34,"Anchor":83,"Shuriken":116,"Bird Faced Urn":44,"Molten Egg 2":111,"Black Star":24,"Art of War":90,"Bag of Marbles":116,"Toy Ornithopter":2,"Meat on the Bone":28,"Pocketwatch":55}],"Toy Ornithopter":40,"Meat on the Bone":108,"Pocketwatch":[18]},"card_choices":[{"not_picked":["Shrug It Off","Evolve"],"picked":"Battle Trance","floor":1},{"not_picked":["Perfected Strike","Rupture"],"picked":"Pummel","floor":7},{"not_picked":["Infernal Blade","Rage"],"picked":"Cleave","floor":10},{"not_picked":["Pummel","Heavy Blade"],"picked":"Armaments","floor":11},{"not_picked":["Havoc","Headbutt"],"picked":"Fire Breathing","floor":12},{"not_picked":["Fire Breathing","Twin Strike"],"picked":"Shrug It Off","floor":13},{"not_picked":["Bloodletting","Perfected Strike","Clothesline"],"picked":"SKIP","floor":14},{"not_picked":["Double Tap","Barricade"],"picked":"Corruption","floor":16},{"not_picked":["Second Wind","Anger"],"picked":"Sword Boomerang+1","floor":18},{"not_picked":["Sword Boomerang","Anger"],"picked":"Clash+1","floor":23},{"not_picked":["Pummel","Bloodletting","Pommel Strike","Armaments"],"picked":"SKIP","floor":25},{"not_picked":["Twin Strike+1","Dark Embrace","Pommel Strike","Pummel"],"picked":"SKIP","floor":27},{"not_picked":["Flex","Armaments","Thunderclap+1","Hemokinesis"],"picked":"SKIP","floor":30},{"not_picked":["Power Through","Body Slam","Double Tap"],"picked":"Burning Pact","floor":31},{"not_picked":["Reaper","Limit Break","Juggernaut"],"picked":"Demon Form","floor":33},{"not_picked":["Shrug It Off","Cleave+1","Body Slam+1"],"picked":"Entrench+1","floor":35},{"not_picked":["Twin Strike+1","Wild Strike+1","Flex+1"],"picked":"Sentinel","floor":38},{"not_picked":["Searing Blow+1","Anger","Infernal Blade+1","Iron Wave"],"picked":"SKIP","floor":39},{"not_picked":["Power Through","Warcry","Sever Soul+1","Bloodletting+1"],"picked":"SKIP","floor":40},{"not_picked":["Havoc+1","Thunderclap","Combust","Blood for Blood"],"picked":"SKIP","floor":42},{"not_picked":["Iron Wave","Heavy Blade+1","Dark Embrace"],"picked":"Warcry+1","floor":44},{"not_picked":["Searing Blow","Perfected Strike","Shrug It Off+1","Ghostly Armor+1"],"picked":"SKIP","floor":45},{"not_picked":["Searing Blow","Perfected Strike","Ghostly Armor+1"],"picked":"Shrug It Off+1","floor":45},{"not_picked":["Rupture","Sentinel+1","Armaments"],"picked":"Intimidate+1","floor":46},{"not_picked":["Carnage+1","Feed+1","Clash+1"],"picked":"Demon Form","floor":47},{"not_picked":["Flame Barrier","Bloodletting","Thunderclap+1"],"picked":"Dark Embrace+1","floor":54}],"player_experience":94092,"relics_obtained":[{"floor":7,"key":"Oddly Smooth Stone"},{"floor":9,"key":"Toy Ornithopter"},{"floor":10,"key":"MawBank"},{"floor":23,"key":"Question Card"},{"floor":23,"key":"Lantern"},{"floor":25,"key":"MealTicket"},{"floor":25,"key":"Sundial"},{"floor":29,"key":"Nilry\u0027s Codex"},{"floor":31,"key":"Pocketwatch"},{"floor":31,"key":"Ancient Tea Set"},{"floor":40,"key":"Mummified Hand"},{"floor":40,"key":"Anchor"},{"floor":42,"key":"Art of War"},{"floor":42,"key":"Happy Flower"},{"floor":43,"key":"PreservedInsect"},{"floor":45,"key":"Blood Vial"},{"floor":45,"key":"Bottled Tornado"},{"floor":47,"key":"Regal Pillow"},{"floor":47,"key":"Molten Egg 2"},{"floor":48,"key":"Whetstone"},{"floor":54,"key":"Pantograph"},{"floor":54,"key":"Orichalcum"}],"event_choices":[{"damage_healed":0,"gold_gain":0,"player_choice":"Entered Light","damage_taken":16,"max_hp_gain":0,"max_hp_loss":0,"event_name":"Shining Light","floor":2,"gold_loss":0,"cards_upgraded":["Strike_R","Strike_R"]},{"cards_removed":["Strike_R"],"damage_healed":0,"gold_gain":0,"player_choice":"Card Removal","damage_taken":7,"max_hp_gain":0,"max_hp_loss":0,"event_name":"Golden Wing","floor":3,"gold_loss":0},{"damage_healed":0,"gold_gain":0,"player_choice":"Success","damage_taken":3,"relics_obtained":["The Courier"],"max_hp_gain":0,"max_hp_loss":0,"event_name":"Scrap Ooze","floor":5,"gold_loss":0},{"damage_healed":0,"gold_gain":0,"player_choice":"Copied","damage_taken":0,"max_hp_gain":0,"max_hp_loss":0,"event_name":"Duplicator","floor":19,"gold_loss":0,"cards_obtained":["Shrug It Off"]},{"damage_healed":0,"gold_gain":0,"player_choice":"Simplicity","damage_taken":0,"max_hp_gain":0,"max_hp_loss":0,"event_name":"Back to Basics","floor":21,"gold_loss":0,"cards_upgraded":["Strike_R","Defend_R","Defend_R","Defend_R","Defend_R"]},{"damage_healed":0,"gold_gain":0,"player_choice":"Obtained Relic","damage_taken":0,"relics_obtained":["Bird Faced Urn"],"max_hp_gain":0,"max_hp_loss":0,"event_name":"Addict","floor":28,"gold_loss":85},{"damage_healed":0,"gold_gain":0,"player_choice":"Obtained Book","damage_taken":16,"max_hp_gain":0,"max_hp_loss":0,"event_name":"Cursed Tome","floor":29,"gold_loss":0},{"damage_healed":0,"gold_gain":0,"player_choice":"Ignored","damage_taken":0,"max_hp_gain":0,"max_hp_loss":0,"event_name":"Tomb of Lord Red Mask","floor":36,"gold_loss":0},{"damage_healed":0,"gold_gain":0,"player_choice":"Embrace Madness","damage_taken":10,"max_hp_gain":0,"max_hp_loss":0,"event_name":"Winding Halls","floor":37,"gold_loss":0,"cards_obtained":["Madness","Madness"]}],"is_beta":false,"boss_relics":[{"not_picked":["Coffee Dripper","SlaversCollar"],"picked":"Black Star"},{"not_picked":["Busted Crown","Philosopher\u0027s Stone"],"picked":"Fusion Hammer"}],"items_purged_floors":[4,22],"is_endless":false,"potions_floor_spawned":[1,7,12,23,31,33,39,40,42,44,46,54],"ascension_level":6}}