{"host":"rupmf8lnk599ormj","time":1614294168,"event":{"mods":["2.2 Compatiblity","AchievementEnabler","BaseMod","Better Match","Better Third Choice","BetterRewards","Colored Map","Colored Powertips","Conspire","Downfall","Evolution","Gold Saver","Googly Eyes","Hero for Fun","Hubris","Minty Spire (QoL Compilation)","Quick Restart","Rare Cards Sparkle","Replay The Spire","Shade Mod","Spicy Shops","StSLib","The Cursed"],"gold_per_floor":[402,17,32,47,0,30,30,4,4,4,19,34,49,64,64,164,164,179,179,194,194,209,209,209,209,209,239,254,254,254,269,269,369,369,384,384,434,434,449,449,479,75,75,52,79,106,133,160,172,184],"floor_reached":51,"language":"ENG","playtime":2589,"items_purged":["downfall:Haunted"],"score":1003,"play_id":"8cb33441-5063-4a21-a2f8-c959091ae586","local_time":"20210225180248","daily_mods":["Insanity","Colorless Cards","Night Terrors"],"is_ascension_mode":false,"campfire_choices":[{"data":"conspire:Banana","floor":10,"key":"SMITH"},{"data":"Hologram","floor":15,"key":"SMITH"},{"data":"1","floor":23,"key":"LIFT"},{"data":"2","floor":25,"key":"LIFT"},{"data":"3","floor":30,"key":"LIFT"},{"floor":32,"key":"DIG"},{"data":"Hello World","floor":40,"key":"SMITH"},{"data":"Bandage Up","floor":49,"key":"SMITH"}],"circlet_count":0,"master_deck":["Streamline","Hologram+1","Redo","Ball Lightning","Leap","Gash","Barrage","Hello World+1","Blizzard","Undo","Turbo","Undo","Bandage Up+1","Streamline","BootSequence","Glacier","Stack","Gash","Ball Lightning","Turbo","Gash","Turbo","Beam Cell","Trip","Redo","Jack Of All Trades","Ball Lightning","Coolheaded","Hologram","Leap","Doom and Gloom","Hologram","Coolheaded","Ball Lightning","Rebound","Self Repair","Streamline","Skim","Loop","Blizzard","Mind Blast","Barrage","Beam Cell","Rebound","Streamline","Static Discharge","FTL","Scrape","Loop","Streamline","Flash of Steel","conspire:Banana+1","Self Repair","Sweeping Beam","Barrage","Coolheaded","Enlightenment","hubris:PowerSurge","Go for the Eyes","Electrodynamics+1","Hologram","Replay:Sssssssssstrike","HandOfGreed","CurseOfTheBell","Cold Snap","Normality","Hologram+1","Redo","Bite","Bite","Bite","Bite","Bite","Hologram","Leap+1","conspire:Rain","ReplayTheSpireMod:Omega Cannon","Replay:Sssssssssstrike+1","Master of Strategy","BasicCrystalCard","Conserve Battery+1","Capacitor+1","Rainbow","Loop","Parasite","Fusion+1","Gash+1","Storm+1","hubris:Ukulele","Redo+1"],"relics":["Cracked Core","Membership Card","Bronze Scales","MealTicket","Centennial Puzzle","Pantograph","Calling Bell","Oddly Smooth Stone","Matryoshka","Girya","Darkstone Periapt","Pear","Question Card","Mummified Hand","hubris:Icosahedron","Blue Candle","Nuclear Battery","TungstenRod","Lizard Tail","Unceasing Top","Torii","Runic Capacitor","Mercury Hourglass","MawBank","Ice Cream"],"acts_visited":["TheCity","TheBeyond"],"potions_floor_usage":[33,37,50],"damage_taken":[{"damage":0,"enemies":"2 Louse","floor":1,"turns":2},{"damage":0,"enemies":"Small Slimes","floor":3,"turns":2},{"damage":0,"enemies":"Jaw Worm","floor":4,"turns":1},{"damage":0,"enemies":"3 Sentries","floor":6,"turns":5},{"damage":0,"enemies":"Large Slime","floor":11,"turns":2},{"damage":0,"enemies":"2 Fungi Beasts","floor":12,"turns":2},{"damage":1,"enemies":"Lots of Slimes","floor":13,"turns":2},{"damage":0,"enemies":"Blue Slaver","floor":14,"turns":1},{"damage":44,"enemies":"Hexaghost","floor":16,"turns":5},{"damage":0,"enemies":"Chosen","floor":18,"turns":3},{"damage":0,"enemies":"conspire:FuzzyDice","floor":20,"turns":2},{"damage":0,"enemies":"Sentry and Sphere","floor":22,"turns":2},{"damage":18,"enemies":"Slavers","floor":27,"turns":4},{"damage":7,"enemies":"Shelled Parasite and Fungi","floor":28,"turns":3},{"damage":0,"enemies":"Chosen and Byrds","floor":31,"turns":2},{"damage":35,"enemies":"hubris:MusketHawk","floor":33,"turns":9},{"damage":3,"enemies":"3 Shapes","floor":35,"turns":2},{"damage":20,"enemies":"Mind Bloom Boss Battle","floor":37,"turns":4},{"damage":0,"enemies":"Orb Walker","floor":39,"turns":1},{"damage":57,"enemies":"Giant Head","floor":41,"turns":7},{"damage":0,"enemies":"Writhing Mass","floor":44,"turns":2},{"damage":2,"enemies":"4 Shapes","floor":45,"turns":2},{"damage":0,"enemies":"3 Darklings","floor":46,"turns":3},{"damage":0,"enemies":"Transient","floor":47,"turns":5},{"damage":6,"enemies":"Writhing Mass","floor":48,"turns":2},{"damage":95,"enemies":"Awakened One","floor":50,"turns":9}],"seed_played":"3523290589944034342","potions_obtained":[{"floor":3,"key":"Dexterity Potion"},{"floor":4,"key":"Ancient Potion"},{"floor":11,"key":"Venom Potion"},{"floor":18,"key":"Explosive Potion"},{"floor":33,"key":"Languid Potion"},{"floor":35,"key":"Doom Potion"}],"is_trial":false,"path_per_floor":["M","$","M","M","?","E","?","?","T","R","M","M","M","M","R","B",null,"M","?","M","?","M","R","?","R","T","E","M","?","R","M","R_BF","B",null,"M","?","?","?","M","R","E","$","T","M","M","M","M","M","R","B",null],"character_chosen":"DEFECT","items_purchased":["Membership Card","Bronze Scales","conspire:Banana","Self Repair","Sweeping Beam","Unceasing Top","Torii","Runic Capacitor","Mercury Hourglass","Rainbow","Loop"],"campfire_rested":0,"item_purchase_floors":[2,2,2,2,2,42,42,42,42,42,42],"current_hp_per_floor":[75,75,75,75,81,81,48,48,48,48,48,48,61,61,61,39,83,83,106,106,106,106,106,74,74,84,73,70,70,70,70,70,59,88,87,87,72,72,72,72,35,50,50,72,77,88,96,98,98,7],"gold":196,"neow_bonus":"","is_daily":true,"chose_seed":false,"campfire_upgraded":4,"win_rate":0.0,"timestamp":1614294168,"path_taken":["M","$","M","M","?","E","?","?","T","R","M","M","M","M","R","BOSS","M","?","M","?","M","R","?","R","T","E","M","?","R","M","R_BF","BOSS","M","?","?","?","M","R","E","$","T","M","M","M","?","M","R","BOSS"],"items_purchased_type":["Relic","Relic","Card","Card","Card","Relic","Relic","Relic","Relic","Card","Card"],"build_version":"2020-12-22","purchased_purges":1,"victory":true,"max_hp_per_floor":[75,75,75,75,81,81,81,81,81,81,81,81,81,81,81,83,83,83,106,106,106,106,106,74,74,84,84,86,86,86,86,86,88,88,88,88,88,88,88,88,88,88,88,94,94,96,96,98,98,98],"card_choices":[{"not_picked":["Panic Button","Gash"],"picked":"Flash of Steel","floor":1},{"not_picked":["Leap","Cold Snap"],"picked":"Barrage","floor":3},{"not_picked":["Streamline","Steam"],"picked":"Coolheaded","floor":4},{"not_picked":["ReplaySolidLightProjector","Rebound"],"picked":"hubris:PowerSurge","floor":6},{"not_picked":["Streamline","Rebound"],"picked":"Go for the Eyes","floor":11},{"not_picked":["Panic Button","Heatsinks"],"picked":"Electrodynamics","floor":12},{"not_picked":["Turbo","Beam Cell"],"picked":"Hologram","floor":13},{"not_picked":["Steam","Recycle"],"picked":"Replay:Sssssssssstrike","floor":14},{"not_picked":["Machine Learning","Electrodynamics"],"picked":"HandOfGreed","floor":16},{"not_picked":["Streamline","Reinforced Body"],"picked":"Cold Snap","floor":18},{"not_picked":["Leap+1","Streamline"],"picked":"Hologram+1","floor":20},{"not_picked":["hubris:Prefetch","Beam Cell"],"picked":"Redo","floor":22},{"not_picked":["Cold Snap+1","Panacea","Coolheaded"],"picked":"Hologram","floor":27},{"not_picked":["Barrage","Beam Cell","Steam"],"picked":"Leap+1","floor":28},{"not_picked":["Sweeping Beam","Force Field","Beam Cell"],"picked":"conspire:Rain","floor":31},{"not_picked":["Panache","Seek","Core Surge"],"picked":"ReplayTheSpireMod:Omega Cannon","floor":33},{"not_picked":["Barrage+1","Sweeping Beam","Redo+1"],"picked":"Replay:Sssssssssstrike+1","floor":35},{"not_picked":["Good Instincts","Flash of Steel","Specialist"],"picked":"Master of Strategy","floor":36},{"not_picked":["Gash+1","Auto Shields","Coolheaded"],"picked":"BasicCrystalCard","floor":37},{"not_picked":["Cold Snap","Beam Cell","BasicCrystalCard"],"picked":"Conserve Battery+1","floor":39},{"not_picked":["Coolheaded","Gash+1","White Noise"],"picked":"Capacitor+1","floor":41},{"not_picked":["Ball Lightning+1","FIFO Queue+1","Coolheaded"],"picked":"Fusion+1","floor":44},{"not_picked":["Leap+1","Coolheaded","Magnetism"],"picked":"Gash+1","floor":45},{"not_picked":["Impatience","ReplayTheSpireMod:Repulse","Go for the Eyes"],"picked":"Storm+1","floor":46},{"not_picked":["Compile Driver","Loop+1","Tempest+1"],"picked":"hubris:Ukulele","floor":47},{"not_picked":["Stack","Undo+1","Coolheaded+1"],"picked":"Redo+1","floor":48}],"player_experience":263375,"relics_obtained":[{"floor":6,"key":"MealTicket"},{"floor":9,"key":"Pantograph"},{"floor":17,"key":"Oddly Smooth Stone"},{"floor":17,"key":"Matryoshka"},{"floor":17,"key":"Girya"},{"floor":26,"key":"Pear"},{"floor":26,"key":"Question Card"},{"floor":27,"key":"Mummified Hand"},{"floor":32,"key":"Blue Candle"},{"floor":37,"key":"TungstenRod"},{"floor":41,"key":"Lizard Tail"},{"floor":43,"key":"MawBank"},{"floor":43,"key":"Ice Cream"}],"event_choices":[{"damage_healed":0,"gold_gain":0,"player_choice":"RENOUNCE","damage_taken":47,"max_hp_gain":0,"max_hp_loss":0,"event_name":"betterThird:BetterSerpent","floor":5,"gold_loss":47,"cards_obtained":["Enlightenment"]},{"damage_healed":0,"gold_gain":1,"player_choice":"Relic ","damage_taken":33,"max_hp_gain":0,"max_hp_loss":0,"event_name":"betterThird:BetterScrap","floor":7,"gold_loss":0,"cards_obtained":["Replay:Many Hands"]},{"damage_healed":0,"gold_gain":0,"player_choice":"Left","damage_taken":0,"max_hp_gain":0,"max_hp_loss":0,"event_name":"betterThird:BetterGoop","floor":8,"gold_loss":26},{"damage_healed":0,"gold_gain":0,"player_choice":"Became a vampire","damage_taken":0,"max_hp_gain":0,"max_hp_loss":32,"event_name":"Vampires","floor":24,"gold_loss":0,"cards_obtained":["Bite","Bite","Bite","Bite","Bite"]},{"damage_healed":0,"gold_gain":0,"player_choice":"Memory 1","damage_taken":0,"max_hp_gain":0,"max_hp_loss":0,"event_name":"SensoryStone","floor":36,"gold_loss":0},{"damage_healed":0,"gold_gain":0,"player_choice":"Fight","damage_taken":0,"max_hp_gain":0,"max_hp_loss":0,"event_name":"MindBloom","floor":37,"gold_loss":0},{"cards_removed":["downfall:Haunted"],"damage_healed":0,"gold_gain":0,"player_choice":"Purged","damage_taken":0,"max_hp_gain":0,"max_hp_loss":0,"event_name":"Purifier","floor":38,"gold_loss":0}],"is_beta":false,"boss_relics":[{"not_picked":["Busted Crown","Tiny House"],"picked":"Calling Bell"},{"not_picked":["Runic Pyramid","Astrolabe"],"picked":"Nuclear Battery"}],"items_purged_floors":[42],"is_endless":false,"potions_floor_spawned":[3,4,11,12,18,28,33,35,41,46],"ascension_level":0}}