{"host":"gk9qdtkqd8dwfeg2","time":1614230292,"event":{"mods":["Act Like it!","Aspiration","BaseMod","Colored Powertips","Gensokyo","Minty Spire (QoL Compilation)","Pale of the Ancients","Quick Restart","Reimu£¨²©ÀöÁéÃÎ£©","Remilia£¨ÀÙÃ×ÀòÑÇ£©","Replay The Spire","Shop Mod","StSLib","TestMod","The Servant 0.9.4","Waifu the Spire","Youmu£¨»êÆÇÑýÃÎ£©"],"gold_per_floor":[113,113,38,56,56,67,67,81,106,106,131,150,150,175,175,250,250,264,264,281,281,161,186,186,212,212,212,245,245,264,2,2,77,77,90,90,105,147,147,174,387,387,432,461,461,34,61,61,61,61,61,61],"floor_reached":51,"language":"ZHS","playtime":1534,"items_purged":["Strike_R","Strike_R"],"score":1404,"play_id":"fdd185df-2b7c-46e1-95be-98d9a7da32ce","local_time":"20210225131812","is_ascension_mode":true,"campfire_choices":[{"data":"Rupture","floor":10,"key":"SMITH"},{"data":"Fire Breathing","floor":13,"key":"SMITH"},{"data":"Body Slam","floor":15,"key":"SMITH"},{"data":"Hemogenesis","floor":24,"key":"SMITH"},{"data":"ReplayTheSpireMod:Faulty Equipment","floor":27,"key":"SMITH"},{"data":"Feel No Pain","floor":29,"key":"SMITH"},{"data":"Feed","floor":32,"key":"SMITH"},{"data":"Rupture","floor":42,"key":"SMITH"},{"floor":49,"key":"RECALL"}],"circlet_count":0,"master_deck":["AscendersBane","Defend_R","Defend_R+1","Bash","ReplayTheSpireMod:Splinters","Hallucinations","Berserk+1","Fire Breathing+1","Die Die Die","Storm of Steel","Dash+1","Sword Boomerang","Injury","Rupture+1","Body Slam+1","Shrug It Off","Hemogenesis+1","Shame","Immolate","Feel No Pain+1","Shockwave+1","Feed+1","Eclipse","Pain","Bloodletting","Rupture+1","Reckless Charge"],"relics":["Burning Blood","testmod-Laevatain","FossilizedHelix","Juzu Bracelet","Bottled Tornado","testmod-TimeTraveler","Gensokyo:FoxMask","Bottled Lightning","Singing Bowl","Orichalcum","testmod-Hope","Dream Catcher","testmod-RealStoneCalender","Replay:Rubber Ducky","Anchor","Ring of Fury","Ring of Misfortune","MerchantsRug","testmod-CasingShield","CeramicFish"],"acts_visited":["Exordium","Gensokyo:Gensokyo","TheBeyond"],"potions_floor_usage":[14,20,23,28,33,33,41],"damage_taken":[{"damage":0,"enemies":"Gensokyo:3_Fairies","floor":1,"turns":3},{"damage":6,"enemies":"Gensokyo:2_Kodama","floor":4,"turns":3},{"damage":0,"enemies":"Gensokyo:Python","floor":6,"turns":2},{"damage":0,"enemies":"Gensokyo:VengefulSpirit","floor":8,"turns":3},{"damage":0,"enemies":"Gensokyo:Mamizou","floor":11,"turns":5},{"damage":0,"enemies":"Gensokyo:LivingMonolith","floor":12,"turns":3},{"damage":0,"enemies":"Gensokyo:Cirno","floor":14,"turns":4},{"damage":14,"enemies":"Gensokyo:Reimu","floor":16,"turns":6},{"damage":0,"enemies":"Gensokyo:2_Gloops","floor":18,"turns":3},{"damage":7,"enemies":"Gensokyo:3_Dogs","floor":20,"turns":3},{"damage":41,"enemies":"Gensokyo:Tenshi","floor":23,"turns":4},{"damage":2,"enemies":"Gensokyo:Reisen","floor":25,"turns":4},{"damage":0,"enemies":"Gensokyo:Koishi","floor":28,"turns":2},{"damage":14,"enemies":"Gensokyo:Swordslinger","floor":30,"turns":4},{"damage":46,"enemies":"Gensokyo:Kaguya","floor":33,"turns":6},{"damage":0,"enemies":"3 Shapes","floor":35,"turns":2},{"damage":22,"enemies":"Orb Walker","floor":37,"turns":3},{"damage":40,"enemies":"Giant Head","floor":40,"turns":6},{"damage":12,"enemies":"Maw","floor":41,"turns":7},{"damage":0,"enemies":"Reptomancer","floor":44,"turns":5},{"damage":5,"enemies":"Replay:Hell Engine","floor":50,"turns":7},{"damage":64,"enemies":"Awakened One","floor":51,"turns":3}],"seed_played":"-4912581639826679366","potions_obtained":[{"floor":6,"key":"SneckoOil"},{"floor":12,"key":"Toxic Potion"},{"floor":16,"key":"Swift Potion"},{"floor":20,"key":"Swift Potion"},{"floor":23,"key":"Venom Potion"},{"floor":25,"key":"ColorlessPotion"},{"floor":30,"key":"ColorlessPotion"},{"floor":35,"key":"SkillPotion"},{"floor":38,"key":"MagicPotion:ReiMu"}],"is_trial":false,"path_per_floor":["M","?","$","M","?","M","?","M","T","R","E","M","R","E","R","B",null,"M","?","M","?","?","E","R","E","T","R","E","R","M","COS","R","B",null,"M","?","M","?","$","E","M","R","T","E","?","$","T","?","R","B","B"],"character_chosen":"IRONCLAD","items_purchased":["MerchantsRug","testmod-CasingShield"],"campfire_rested":0,"item_purchase_floors":[46,46],"current_hp_per_floor":[74,74,74,74,74,75,75,75,75,75,75,75,75,75,75,67,73,75,75,74,74,74,46,46,52,52,52,58,58,52,58,58,55,78,86,86,76,76,76,53,47,47,47,63,63,63,63,63,63,64,0,0],"gold":61,"neow_bonus":"ONE_RANDOM_RARE_CARD","is_daily":false,"chose_seed":false,"campfire_upgraded":8,"win_rate":0.0,"timestamp":1614230292,"path_taken":["M","?","?","M","?","?","?","M","T","R","E","M","R","E","R","BOSS","M","?","M","?","?","E","R","E","T","R","E","R","M","COS","R","BOSS","M","?","M","?","$","E","M","R","T","E","?","?","?","?","R","BOSS","BOSS"],"items_purchased_type":["Relic","Relic"],"build_version":"2020-12-22","purchased_purges":2,"victory":false,"max_hp_per_floor":[75,75,75,75,75,75,75,75,75,75,75,75,75,75,75,75,75,75,75,75,75,75,75,75,77,77,77,77,77,79,85,85,85,85,87,87,93,93,93,93,93,93,93,95,95,95,95,95,95,95,95,95],"card_choices":[{"not_picked":["Heavy Blade","Armaments"],"picked":"Fire Breathing","floor":1},{"not_picked":["True Grit","ReplayTheSpireMod:Strike From Hell"],"picked":"Sword Boomerang","floor":4},{"not_picked":["Searing Blow","Evolve"],"picked":"Rupture","floor":6},{"not_picked":["Run Through","Warcry","Clothesline"],"picked":"SKIP","floor":8},{"not_picked":["Uppercut","Life Link","Rage"],"picked":"SKIP","floor":11},{"not_picked":["Demonic Infusion","Iron Wave"],"picked":"Body Slam","floor":12},{"not_picked":["Clothesline","Replay:Undeath\u0027s Touch"],"picked":"Shrug It Off","floor":14},{"not_picked":["Corruption","Fiend Fire"],"picked":"Hemogenesis","floor":16},{"not_picked":["Sword Boomerang","Twin Strike+1","Seeing Red"],"picked":"SKIP","floor":18},{"not_picked":["Warcry","Sentinel","Inflame"],"picked":"SKIP","floor":20},{"not_picked":["Anger+1","Havoc+1"],"picked":"Immolate","floor":23},{"not_picked":["Run Through","Sentinel+1","Reckless Charge+1"],"picked":"Singing Bowl","floor":25},{"not_picked":["Iron Wave","Sentinel"],"picked":"Feel No Pain","floor":28},{"not_picked":["Inflame","Thunderclap","Flex+1"],"picked":"Singing Bowl","floor":30},{"not_picked":["Sever Soul","Iron Wave"],"picked":"Shockwave+1","floor":31},{"not_picked":["True Grit","Body Slam+1","Pummel"],"picked":"Singing Bowl","floor":31},{"not_picked":["Clash+1","ReplayTheSpireMod:Strike From Hell","Anger"],"picked":"Singing Bowl","floor":31},{"not_picked":["Twin Strike+1","Life Link","Replay:Undeath\u0027s Touch"],"picked":"Singing Bowl","floor":31},{"not_picked":["Wild Strike+1","Rupture"],"picked":"Feed","floor":31},{"not_picked":["Juggernaut","Hemogenesis"],"picked":"Eclipse","floor":33},{"not_picked":["ReplayTheSpireMod:Strike From Hell","Clash","Rage"],"picked":"Singing Bowl","floor":35},{"not_picked":["Whirlwind","Headbutt","Cleave"],"picked":"Singing Bowl","floor":37},{"not_picked":["Clash","Ghostly Armor"],"picked":"Bloodletting","floor":38},{"not_picked":["Demon Form","Headbutt"],"picked":"Rupture","floor":40},{"not_picked":["Shrug It Off+1","Intimidate"],"picked":"Reckless Charge","floor":41},{"not_picked":["Twin Strike","Metallicize","Body Slam"],"picked":"Singing Bowl","floor":44}],"player_experience":837103,"relics_obtained":[{"floor":11,"key":"Bottled Tornado"},{"floor":14,"key":"Replay:Baseball"},{"floor":23,"key":"Bottled Lightning"},{"floor":25,"key":"Singing Bowl"},{"floor":26,"key":"Orichalcum"},{"floor":28,"key":"testmod-Hope"},{"floor":38,"key":"Dream Catcher"},{"floor":40,"key":"testmod-RealStoneCalender"},{"floor":43,"key":"Replay:Rubber Ducky"},{"floor":44,"key":"Anchor"},{"floor":45,"key":"Ring of Fury"},{"floor":45,"key":"Ring of Misfortune"},{"floor":47,"key":"CeramicFish"}],"event_choices":[{"damage_healed":0,"gold_gain":0,"player_choice":"Swap Relic","damage_taken":0,"relics_obtained":["Juzu Bracelet"],"max_hp_gain":0,"max_hp_loss":0,"event_name":"¸ø×Ô¼ºµÄºÐ×Ó","floor":7,"relics_lost":["testmod-TestBox"],"gold_loss":0},{"damage_healed":0,"gold_gain":0,"player_choice":"Ignored","damage_taken":0,"max_hp_gain":0,"max_hp_loss":0,"event_name":"Tomb of Lord Red Mask","floor":36,"gold_loss":0},{"cards_removed":["Regret"],"damage_healed":0,"gold_gain":0,"player_choice":"Purged","damage_taken":0,"max_hp_gain":0,"max_hp_loss":0,"event_name":"Purifier","floor":48,"gold_loss":0}],"is_beta":false,"boss_relics":[{"not_picked":["testmod-DreamHouse","RedLine:ReiMu"],"picked":"testmod-TimeTraveler"},{"not_picked":["ReplayTheSpireMod:DimensionalGlitch","testmod-Recursion"],"picked":"Empty Cage"}],"items_purged_floors":[3,46],"is_endless":false,"potions_floor_spawned":[6,12,16,20,23,25,30,35,40],"killed_by":"Awakened One","ascension_level":20}}