{"host":"kaame4qwxxqnygv7","time":1614263738,"event":{"mods":["AchievementEnabler","BaseMod","Better Match","Better Skull","Better Third Choice","BetterRewards","Block Reminder","Bossed Relics","DeckTracker","Energized Spire","GungeonMod","Minty Spire (QoL Compilation)","Quick Restart","Red Circlet Mod","StSLib","SuperFastMode","The Blue Laboratory"],"gold_per_floor":[118,136,147,157,28,28,28,63,63,82,82,82,99,99,99,178,178,189,189,189,209,19,19,51,51,51,51,65,77,94,111,121,121,121,121,121],"floor_reached":35,"language":"KOR","playtime":899,"items_purged":["Strike_G"],"score":566,"play_id":"8a97abb4-b513-4a32-a35a-4e18f8f746d9","local_time":"20210225233538","is_ascension_mode":true,"campfire_choices":[{"floor":6.0,"key":"REST"},{"data":"Apotheosis","floor":12.0,"key":"SMITH"},{"floor":15.0,"key":"REST"},{"data":"Accuracy","floor":23.0,"key":"SMITH"},{"floor":25.0,"key":"REST"},{"data":"Glass Knife","floor":27.0,"key":"SMITH"},{"floor":33.0,"key":"REST"}],"circlet_count":0,"master_deck":["AscendersBane","Strike_G","Strike_G","Strike_G","Strike_G","Defend_G","Defend_G","Defend_G","Defend_G","Defend_G","Survivor","Neutralize","Apotheosis+1","Blade Dance","Dagger Spray","Dagger Spray","Accuracy+1","Infinite Blades","Glass Knife+1","Cloak And Dagger","After Image","Die Die Die","Finisher","Necronomicurse","Blade Dance","Accuracy"],"relics":["Ring of the Snake","DemoMod:BigBoy","DemoMod:LamentConfigurum","The Courier","Kunai","Sundial","Bottled Lightning","WristBlade","Necronomicon","Mercury Hourglass","Orichalcum"],"acts_visited":["Exordium","TheCity","DemoMod:Maze"],"potions_floor_usage":[],"damage_taken":[{"damage":0.0,"enemies":"Cultist","floor":1.0,"turns":1.0},{"damage":9.0,"enemies":"Jaw Worm","floor":2.0,"turns":7.0},{"damage":1.0,"enemies":"2 Louse","floor":3.0,"turns":3.0},{"damage":3.0,"enemies":"Large Slime","floor":4.0,"turns":5.0},{"damage":0.0,"enemies":"3 Sentries","floor":8.0,"turns":2.0},{"damage":0.0,"enemies":"Looter","floor":10.0,"turns":3.0},{"damage":11.0,"enemies":"Large Slime","floor":13.0,"turns":4.0},{"damage":7.0,"enemies":"The Guardian","floor":16.0,"turns":7.0},{"damage":0.0,"enemies":"Spheric Guardian","floor":18.0,"turns":2.0},{"damage":11.0,"enemies":"Shell Parasite","floor":21.0,"turns":6.0},{"damage":3.0,"enemies":"Book of Stabbing","floor":24.0,"turns":3.0},{"damage":16.0,"enemies":"DemoMod:Veteran_shot_gun_kin_and_red_shotgun_kin","floor":28.0,"turns":3.0},{"damage":21.0,"enemies":"DemoMod:Red_and_blue_shotgun_kin","floor":29.0,"turns":2.0},{"damage":0.0,"enemies":"DemoMod:Red_and_blue_shotgun_kin_with_gunsinger","floor":30.0,"turns":1.0},{"damage":0.0,"enemies":"DemoMod:2_Mousers","floor":31.0,"turns":3.0},{"damage":16.0,"enemies":"DemoMod:Veteran_shot_gun_kin_and_blue_shotgun_kin_with_gunsinger","floor":32.0,"turns":2.0},{"damage":10.0,"enemies":"DemoMod:ResourcefulRat","floor":34.0,"turns":9.0},{"damage":0,"enemies":"DemoMod:ResourcefulRat","floor":35,"turns":2}],"seed_played":"-3853480649826756000","potions_obtained":[{"floor":1.0,"key":"Block Potion"},{"floor":2.0,"key":"blueLaboratory:NullPotion"},{"floor":10.0,"key":"blueLaboratory:NinjaPotion"},{"floor":16.0,"key":"Weak Potion"},{"floor":21.0,"key":"Explosive Potion"},{"floor":31.0,"key":"blueLaboratory:ExaltedPotion"}],"is_trial":false,"path_per_floor":["M","M","M","M","$","R","$","E","T","M","M","R","M","?","R","B",null,"M","?","?","M","$","R","E","R","T","R","M","M","M","M","M","R","B","B"],"character_chosen":"THE_SILENT","items_purchased":["Apotheosis","DemoMod:LamentConfigurum","Blade Dance","DemoMod:GnawedKey","Infinite Blades","Glass Knife","Fruit Juice","DemoMod:LeadSkinPotion"],"campfire_rested":4,"item_purchase_floors":[0,0,0,0,5,5,22,22],"current_hp_per_floor":[28,19,18,15,15,34,34,34,34,34,34,34,23,23,42,35,58,58,37,37,26,31,31,28,49,66,66,50,29,29,29,13,34,24,24,24],"gold":121,"neow_bonus":"","is_daily":false,"chose_seed":false,"campfire_upgraded":3,"win_rate":0.0,"timestamp":1614263738,"path_taken":["M","M","M","?","?","R","?","E","T","?","M","R","M","?","R","BOSS","M","?","?","M","$","R","E","R","T","R","M","M","M","M","M","R","BOSS","BOSS"],"items_purchased_type":["Card","Relic","Card","Relic","Card","Card","Potion","Undefined"],"build_version":"2020-12-22","purchased_purges":1,"victory":false,"max_hp_per_floor":[66,66,66,66,66,66,66,66,66,66,66,66,66,66,66,66,66,66,66,66,66,71,71,71,71,71,71,71,71,71,71,71,71,71,71,71],"card_choices":[{"not_picked":["Underhanded Strike","Flying Knee"],"picked":"Dagger Spray","floor":1.0},{"not_picked":["Footwork","Heel Hook"],"picked":"Dagger Spray","floor":2.0},{"not_picked":["Predator","Dodge and Roll"],"picked":"Accuracy","floor":3.0},{"not_picked":["Dagger Throw","Crippling Poison","Poisoned Stab"],"picked":"SKIP","floor":4.0},{"not_picked":["Grand Finale","Deflect","Dodge and Roll"],"picked":"SKIP","floor":8.0},{"not_picked":["Dagger Spray","Sucker Punch"],"picked":"Cloak And Dagger","floor":10.0},{"not_picked":["Flying Knee","Expertise"],"picked":"After Image","floor":13.0},{"not_picked":["Phantasmal Killer","Venomology"],"picked":"Die Die Die","floor":16.0},{"not_picked":["Tactician","Flying Knee+1"],"picked":"Finisher","floor":18.0},{"not_picked":["Dodge and Roll","Well Laid Plans","Poisoned Stab"],"picked":"SKIP","floor":21.0},{"not_picked":["Dagger Spray+1","Outmaneuver","Slice"],"picked":"SKIP","floor":24.0},{"not_picked":["Bane+1","Corpse Explosion","Quick Slash+1"],"picked":"SKIP","floor":28.0},{"not_picked":["Bouncing Flask","Masterful Stab","Footwork+1"],"picked":"SKIP","floor":29.0},{"not_picked":["Skewer","Acrobatics","Distraction"],"picked":"SKIP","floor":30.0},{"not_picked":["Deflect+1","Deadly Poison","Quick Slash"],"picked":"SKIP","floor":31.0},{"not_picked":["Quick Slash","Poisoned Stab"],"picked":"Accuracy","floor":32.0}],"player_experience":346849,"relics_obtained":[{"floor":8.0,"key":"Kunai"},{"floor":9.0,"key":"Sundial"},{"floor":19.0,"key":"Necronomicon"},{"floor":24.0,"key":"Orichalcum"}],"event_choices":[{"damage_healed":23.0,"max_hp_gain":0.0,"max_hp_loss":66.0,"gold_gain":0.0,"event_name":"betterThird:BetterShining","player_choice":"Leave","floor":14.0,"gold_loss":0.0,"damage_taken":0.0},{"damage_healed":0.0,"max_hp_gain":0.0,"max_hp_loss":0.0,"gold_gain":0.0,"event_name":"Cursed Tome","player_choice":"Obtained Book","floor":19.0,"gold_loss":0.0,"damage_taken":21.0},{"damage_healed":0.0,"max_hp_gain":0.0,"max_hp_loss":0.0,"gold_gain":0.0,"event_name":"Duplicator","player_choice":"Copied","floor":20.0,"gold_loss":0.0,"damage_taken":0.0,"cards_obtained":["Blade Dance"]}],"is_beta":false,"boss_relics":[{"not_picked":["SacredBark","Ring of the Serpent"],"picked":"WristBlade"}],"items_purged_floors":[22],"is_endless":false,"potions_floor_spawned":[1,2,10,16,18,21,31,32,34],"killed_by":"DemoMod:ResourcefulRat","ascension_level":17}}