{"host":"41yb08u5hvoqx9xd","time":1614292221,"event":{"mods":["BaseMod","Minty Spire (QoL Compilation)","Relic Stats"],"gold_per_floor":[119,36,36,47,47,82,101,115,115,115,115,132,147,177,177,177,177],"floor_reached":16,"language":"ENG","playtime":443,"items_purged":[],"score":267,"play_id":"5977ceff-aa7c-4863-8069-75267eb48599","local_time":"20210225173021","is_ascension_mode":true,"campfire_choices":[{"data":"Phantasmal Killer","floor":10.0,"key":"SMITH"},{"data":"Accuracy","floor":15.0,"key":"SMITH"}],"circlet_count":0,"master_deck":["AscendersBane","Strike_G","Strike_G","Strike_G","Strike_G","Defend_G","Defend_G","Defend_G","Defend_G","Defend_G","Survivor","Neutralize","Blade Dance","Endless Agony","Dagger Spray","Escape Plan","Predator","Accuracy+1","Phantasmal Killer+1","Poisoned Stab","Prepared","Acrobatics","Blade Dance","Glass Knife"],"relics":["Ring of the Snake","NeowsBlessing","Prayer Wheel","Darkstone Periapt","Ninja Scroll"],"acts_visited":["Exordium"],"potions_floor_usage":[16],"damage_taken":[{"damage":0.0,"enemies":"2 Louse","floor":1.0,"turns":1.0},{"damage":0.0,"enemies":"Small Slimes","floor":4.0,"turns":1.0},{"damage":0.0,"enemies":"Gremlin Nob","floor":6.0,"turns":1.0},{"damage":0.0,"enemies":"Cultist","floor":7.0,"turns":3.0},{"damage":6.0,"enemies":"Looter","floor":8.0,"turns":2.0},{"damage":5.0,"enemies":"2 Fungi Beasts","floor":12.0,"turns":3.0},{"damage":1.0,"enemies":"Large Slime","floor":13.0,"turns":4.0},{"damage":19.0,"enemies":"3 Sentries","floor":14.0,"turns":5.0},{"damage":22,"enemies":"The Guardian","floor":16,"turns":7}],"seed_played":"-8136810847822165719","potions_obtained":[{"floor":4.0,"key":"Energy Potion"},{"floor":5.0,"key":"SteroidPotion"}],"is_trial":false,"path_per_floor":["M","$","?","M","?","E","M","M","T","R","?","M","M","E","R","B"],"character_chosen":"THE_SILENT","items_purchased":["Endless Agony"],"campfire_rested":0,"item_purchase_floors":[2],"current_hp_per_floor":[59,59,52,52,52,52,52,46,46,46,46,41,40,21,21,0,0],"gold":177,"neow_bonus":"THREE_ENEMY_KILL","is_daily":false,"chose_seed":false,"campfire_upgraded":2,"win_rate":0.0,"timestamp":1614292221,"path_taken":["M","$","?","M","?","E","?","M","T","R","?","M","M","E","R","BOSS"],"items_purchased_type":["Card"],"build_version":"2020-12-22","purchased_purges":0,"victory":false,"max_hp_per_floor":[66,66,66,66,66,66,66,66,66,66,66,66,66,66,66,66,66],"relic_stats":{"Darkstone Periapt":0,"counters":[9,27],"Prayer Wheel":4,"obtain_stats":[{"Darkstone Periapt":9,"NeowsBlessing":0,"Ninja Scroll":14,"Prayer Wheel":6,"Ring of the Snake":0},{"Darkstone Periapt":5,"NeowsBlessing":0,"Ninja Scroll":8,"Prayer Wheel":3,"Ring of the Snake":0},{"Darkstone Periapt":8,"NeowsBlessing":0,"Ninja Scroll":20,"Prayer Wheel":3,"Ring of the Snake":0}],"Ring of the Snake":[18]},"card_choices":[{"not_picked":["Cloak And Dagger","Sucker Punch"],"picked":"Blade Dance","floor":1.0},{"not_picked":["Quick Slash","Underhanded Strike"],"picked":"Dagger Spray","floor":4.0},{"not_picked":["All Out Attack","Backflip"],"picked":"Escape Plan","floor":6.0},{"not_picked":["Sucker Punch","Acrobatics"],"picked":"Predator","floor":7.0},{"not_picked":["Blur","Flying Knee"],"picked":"Accuracy","floor":7.0},{"not_picked":["Dagger Spray","Dash"],"picked":"Phantasmal Killer","floor":8.0},{"not_picked":["Distraction","Accuracy"],"picked":"Poisoned Stab","floor":8.0},{"not_picked":["Tactician","Dodge and Roll"],"picked":"Prepared","floor":12.0},{"not_picked":["Dash","Backflip"],"picked":"Acrobatics","floor":12.0},{"not_picked":["PiercingWail","Crippling Poison"],"picked":"Blade Dance","floor":13.0},{"not_picked":["Crippling Poison","Dagger Throw","Dodge and Roll"],"picked":"SKIP","floor":13.0},{"not_picked":["Underhanded Strike","Dodge and Roll"],"picked":"Glass Knife","floor":14.0}],"player_experience":656237,"relics_obtained":[{"floor":6.0,"key":"Prayer Wheel"},{"floor":9.0,"key":"Darkstone Periapt"},{"floor":14.0,"key":"Ninja Scroll"}],"event_choices":[{"cards_removed":["Strike_G"],"damage_healed":0.0,"max_hp_gain":0.0,"max_hp_loss":0.0,"gold_gain":0.0,"event_name":"Golden Wing","player_choice":"Card Removal","floor":3.0,"gold_loss":0.0,"damage_taken":7.0},{"damage_healed":0.0,"max_hp_gain":0.0,"max_hp_loss":0.0,"gold_gain":0.0,"event_name":"Lab","player_choice":"Got Potions","floor":5.0,"gold_loss":0.0,"damage_taken":0.0},{"damage_healed":0.0,"max_hp_gain":0.0,"max_hp_loss":0.0,"gold_gain":0.0,"event_name":"Liars Game","player_choice":"Ignored","floor":11.0,"gold_loss":0.0,"damage_taken":0.0}],"is_beta":false,"boss_relics":[],"items_purged_floors":[],"is_endless":false,"potions_floor_spawned":[4,6],"killed_by":"The Guardian","ascension_level":19}}