{"host":"61r95uy0hn86b9iu","time":1614226974,"event":{"mods":["AchievementEnabler","BaseMod","Better Vampires","BetterRewards","Colored Powertips","Hubris","Minty Spire (QoL Compilation)","Shop Mod","StSLib"],"gold_per_floor":[22,22,22,22,22,22,22,46,100,100,131,131,164,164,164],"floor_reached":14,"language":"ENG","playtime":299,"items_purged":[],"score":168,"play_id":"ba65651a-26e2-4393-b9db-c45a89ca16e3","local_time":"20210224222254","is_ascension_mode":true,"campfire_choices":[{"floor":6.0,"key":"REST"},{"data":"Consume","floor":10.0,"key":"SMITH"},{"floor":12.0,"key":"REST"}],"circlet_count":0,"master_deck":["AscendersBane","Strike_B","Strike_B","Strike_B","Strike_B","Defend_B","Defend_B","Defend_B","Defend_B","Dualcast","Consume+1","Capacitor","Injury","Core Surge","Coolheaded","hubris:DuctTapeCard"],"relics":["Cracked Core","Pear","Prayer Wheel","Letter Opener","Emotion Chip","Tiny Chest","WingedGreaves","Golden Idol","Ancient Tea Set","hubris:DuctTape","Odd Mushroom"],"acts_visited":["Exordium"],"potions_floor_usage":[14],"damage_taken":[{"damage":2.0,"enemies":"Cultist","floor":1.0,"turns":4.0},{"damage":9.0,"enemies":"Small Slimes","floor":8.0,"turns":3.0},{"damage":27.0,"enemies":"Lagavulin","floor":11.0,"turns":7.0},{"damage":16.0,"enemies":"The Mushroom Lair","floor":13.0,"turns":4.0},{"damage":37,"enemies":"Gremlin Nob","floor":14,"turns":4}],"seed_played":"-1056809305090562377","potions_obtained":[{"floor":1.0,"key":"Weak Potion"},{"floor":4.0,"key":"CultistPotion"},{"floor":13.0,"key":"SpeedPotion"}],"is_trial":false,"path_per_floor":["M","?","?","?","T","R","$","M","T","R","E","R","?","E"],"character_chosen":"DEFECT","items_purchased":["Pear","Fruit Juice","Letter Opener","Consume","Capacitor","Tiny Chest"],"campfire_rested":2,"item_purchase_floors":[0,0,0,0,0,0],"current_hp_per_floor":[35,35,35,35,35,60,60,51,51,51,24,49,33,0,0],"gold":164,"neow_bonus":"","is_daily":false,"chose_seed":false,"campfire_upgraded":1,"win_rate":0.0,"timestamp":1614226974,"path_taken":["M","?","?","?","?","R","$","M","T","R","E","R","?","E"],"items_purchased_type":["Relic","Potion","Relic","Card","Card","Relic"],"build_version":"2020-12-22","purchased_purges":0,"victory":false,"max_hp_per_floor":[86,86,86,86,86,86,86,86,86,86,86,86,86,86,86],"card_choices":[{"not_picked":["Reinforced Body","Rip and Tear"],"picked":"Auto Shields","floor":1.0},{"not_picked":["Reprogram","Chill","Chaos"],"picked":"SKIP","floor":1.0},{"not_picked":["Compile Driver","hubris:PowerSurge","Genetic Algorithm"],"picked":"SKIP","floor":8.0},{"not_picked":["Barrage","Cold Snap","Hologram"],"picked":"SKIP","floor":8.0},{"not_picked":["Leap","Ball Lightning"],"picked":"Core Surge","floor":11.0},{"not_picked":["Double Energy","Turbo"],"picked":"Coolheaded","floor":13.0}],"player_experience":3409184,"relics_obtained":[{"floor":9.0,"key":"Ancient Tea Set"},{"floor":11.0,"key":"hubris:DuctTape"},{"floor":13.0,"key":"Odd Mushroom"}],"event_choices":[{"damage_healed":0.0,"max_hp_gain":0.0,"max_hp_loss":0.0,"gold_gain":0.0,"event_name":"Shining Light","player_choice":"Ignored","floor":2.0,"gold_loss":0.0,"damage_taken":0.0},{"damage_healed":0.0,"max_hp_gain":0.0,"max_hp_loss":0.0,"gold_gain":0.0,"event_name":"Golden Idol","player_choice":"Take Wound","floor":3.0,"gold_loss":0.0,"damage_taken":0.0,"relics_obtained":["Golden Idol"],"cards_obtained":["Injury"]},{"damage_healed":0.0,"max_hp_gain":0.0,"max_hp_loss":0.0,"gold_gain":0.0,"event_name":"Lab","player_choice":"Got Potions","floor":4.0,"gold_loss":0.0,"damage_taken":0.0},{"damage_healed":0.0,"max_hp_gain":0.0,"max_hp_loss":0.0,"gold_gain":0.0,"event_name":"Mushrooms","player_choice":"Fought Mushrooms","floor":13.0,"gold_loss":0.0,"damage_taken":0.0}],"is_beta":false,"boss_relics":[],"items_purged_floors":[],"is_endless":false,"potions_floor_spawned":[1,13],"killed_by":"Gremlin Nob","ascension_level":20}}