{"host":"BK","time":1614224449,"event":{"mods":["BaseMod","Highlight Path","Minty Spire (QoL Compilation)","StSLib"],"gold_per_floor":[113,125,200,214,227,227,256,256,279,279,18,18,48,48,48,141,141,156,156,32,50,99,99,130,130,130,149,109,132,152,177,177,267,267,281,341,366,389,300,300,3,43,43,43,0,0,38,61,61,61,61,61],"floor_reached":51,"language":"ENG","playtime":4580,"items_purged":["Strike_P","Worship"],"score":1566,"play_id":"64f802e0-33ce-4835-a087-3ea30bdeeebf","local_time":"20210224204049","is_ascension_mode":true,"campfire_choices":[{"floor":6.0,"key":"REST"},{"data":"ReachHeaven","floor":8.0,"key":"SMITH"},{"floor":10.0,"key":"REST"},{"data":"CarveReality","floor":15.0,"key":"SMITH"},{"data":"Eruption","floor":23.0,"key":"SMITH"},{"floor":25,"key":"REST"},{"floor":32,"key":"REST"},{"floor":40,"key":"REST"},{"data":"Wallop","floor":44,"key":"SMITH"},{"data":"Wireheading","floor":46,"key":"SMITH"},{"floor":49,"key":"RECALL"}],"circlet_count":0,"master_deck":["AscendersBane","Eruption+1","Vigilance+1","ReachHeaven+1","DeceiveReality","Meditate","CarveReality+1","Consecrate","SpiritShield","FollowUp","Collect+1","WaveOfTheHand","EmptyFist","MasterReality","SandsOfTime","JustLucky","FearNoEvil","Weave","SashWhip","Weave","Wallop+1","EmptyMind","MentalFortress","Wireheading+1","Sanctity","CutThroughFate","Indignation+1"],"relics":["PureWater","War Paint","Oddly Smooth Stone","Membership Card","Orichalcum","Vajra","Blood Vial","Golden Idol","Runic Pyramid","Bag of Preparation","Potion Belt","Ancient Tea Set","Art of War","Pandora\u0027s Box","Du-Vu Doll","Eternal Feather","Damaru","Anchor","Red Mask"],"acts_visited":["Exordium","TheCity","TheBeyond"],"potions_floor_usage":[24,29,31,33,33,33,33,36,42,47,51,51],"damage_taken":[{"damage":5.0,"enemies":"Small Slimes","floor":1.0,"turns":5.0},{"damage":12.0,"enemies":"Jaw Worm","floor":2.0,"turns":3.0},{"damage":3.0,"enemies":"2 Louse","floor":4.0,"turns":3.0},{"damage":13.0,"enemies":"Gremlin Gang","floor":5.0,"turns":5.0},{"damage":16.0,"enemies":"Gremlin Nob","floor":7.0,"turns":3.0},{"damage":2.0,"enemies":"3 Sentries","floor":13.0,"turns":7.0},{"damage":0.0,"enemies":"Slime Boss","floor":16.0,"turns":6.0},{"damage":0.0,"enemies":"Chosen","floor":18.0,"turns":5.0},{"damage":12.0,"enemies":"Shell Parasite","floor":21.0,"turns":4.0},{"damage":52,"enemies":"Book of Stabbing","floor":24,"turns":6},{"damage":0,"enemies":"Centurion and Healer","floor":27,"turns":3},{"damage":10,"enemies":"Shelled Parasite and Fungi","floor":29,"turns":4},{"damage":6,"enemies":"Snake Plant","floor":30,"turns":3},{"damage":16,"enemies":"Centurion and Healer","floor":31,"turns":4},{"damage":35,"enemies":"Collector","floor":33,"turns":13},{"damage":13,"enemies":"3 Darklings","floor":35,"turns":5},{"damage":23,"enemies":"2 Orb Walkers","floor":36,"turns":4},{"damage":10,"enemies":"Orb Walker","floor":37,"turns":5},{"damage":0,"enemies":"Jaw Worm Horde","floor":38,"turns":3},{"damage":0,"enemies":"Nemesis","floor":42,"turns":5},{"damage":0,"enemies":"Reptomancer","floor":47,"turns":6},{"damage":0,"enemies":"3 Darklings","floor":48,"turns":3},{"damage":26,"enemies":"Awakened One","floor":50,"turns":11},{"damage":53,"enemies":"Donu and Deca","floor":51,"turns":5}],"seed_played":"-3661853427871038089","potions_obtained":[{"floor":2.0,"key":"ColorlessPotion"},{"floor":4.0,"key":"Energy Potion"},{"floor":5.0,"key":"StancePotion"},{"floor":19.0,"key":"FearPotion"},{"floor":27,"key":"BlessingOfTheForge"},{"floor":28,"key":"BottledMiracle"},{"floor":28,"key":"Fruit Juice"},{"floor":28,"key":"EntropicBrew"},{"floor":30,"key":"Dexterity Potion"},{"floor":31,"key":"Regen Potion"},{"floor":33,"key":"PowerPotion"},{"floor":38,"key":"BlessingOfTheForge"},{"floor":48,"key":"AttackPotion"}],"is_trial":false,"path_per_floor":["M","M","?","M","M","R","E","R","T","R","$","?","E","?","R","B",null,"M","?","$","M","T","R","E","R","T","M","?","M","M","M","R","B",null,"M","?","M","M","$","R","$","E","T","R","?","R","E","M","R","B","B"],"character_chosen":"WATCHER","items_purchased":["Membership Card","Orichalcum","Consecrate","Bag of Preparation","MentalFortress","Wireheading","Eternal Feather","Damaru","Sanctity"],"campfire_rested":5,"item_purchase_floors":[11,11,11,20,39,41,41,41,41],"current_hp_per_floor":[62,50,39,36,23,45,29,29,29,51,51,46,44,44,44,46,62,64,64,64,54,54,54,4,24,24,26,26,18,14,5,26,8,56,45,24,16,18,18,39,39,41,41,56,56,71,72,72,72,46,0,0],"gold":61,"neow_bonus":"TEN_PERCENT_HP_BONUS","is_daily":false,"chose_seed":false,"campfire_upgraded":5,"win_rate":0.0,"timestamp":1614224449,"path_taken":["M","M","?","M","M","R","E","R","T","R","$","?","E","?","R","BOSS","M","?","$","?","?","R","E","R","T","M","?","M","?","M","R","BOSS","M","?","M","M","$","R","$","E","T","R","?","R","E","M","R","BOSS","BOSS"],"items_purchased_type":["Relic","Relic","Card","Relic","Card","Card","Relic","Relic","Card"],"build_version":"2020-12-18","purchased_purges":2,"victory":false,"max_hp_per_floor":[74,74,74,74,74,74,74,74,74,74,74,74,74,67,67,67,67,67,67,67,67,67,67,67,67,67,67,67,67,67,72,72,72,72,72,72,72,72,72,72,72,72,72,72,72,72,72,72,72,72,72,72],"card_choices":[{"not_picked":["CrushJoints","Prostrate"],"picked":"ReachHeaven","floor":1.0},{"not_picked":["Evaluate","SashWhip"],"picked":"DeceiveReality","floor":2.0},{"not_picked":["EmptyBody","ThirdEye"],"picked":"Meditate","floor":4.0},{"not_picked":["ThirdEye","Worship","Nirvana"],"picked":"SKIP","floor":5.0},{"not_picked":["FlurryOfBlows","Omniscience"],"picked":"CarveReality","floor":7.0},{"not_picked":["CrushJoints","WreathOfFlame","Crescendo"],"picked":"SKIP","floor":13.0},{"not_picked":["DeusExMachina","Brilliance"],"picked":"SpiritShield","floor":16.0},{"not_picked":["FearNoEvil","FlyingSleeves","Worship"],"picked":"SKIP","floor":18.0},{"not_picked":["Evaluate","FlyingSleeves","Omniscience"],"picked":"SKIP","floor":21.0},{"not_picked":["JustLucky","FearNoEvil"],"picked":"FollowUp","floor":24},{"not_picked":["SandsOfTime","Weave"],"picked":"Collect+1","floor":27},{"not_picked":["Protect","FollowUp+1","BowlingBash"],"picked":"SKIP","floor":29},{"not_picked":["FollowUp","FlurryOfBlows"],"picked":"WaveOfTheHand","floor":30},{"not_picked":["FlyingSleeves","Sanctity+1"],"picked":"EmptyFist","floor":31},{"not_picked":["Wish","DeusExMachina"],"picked":"MasterReality","floor":33},{"not_picked":["PathToVictory+1","WreathOfFlame+1","Nirvana"],"picked":"SKIP","floor":35},{"not_picked":["ClearTheMind","ThirdEye"],"picked":"Wallop","floor":36},{"not_picked":["EmptyFist","Perseverance"],"picked":"EmptyMind","floor":37},{"not_picked":["SashWhip","CrushJoints","InnerPeace"],"picked":"SKIP","floor":38},{"not_picked":["DeusExMachina","JustLucky","EmptyFist"],"picked":"SKIP","floor":42},{"not_picked":["Alpha","InnerPeace"],"picked":"CutThroughFate","floor":47},{"not_picked":["Swivel","ReachHeaven"],"picked":"Indignation+1","floor":48}],"player_experience":2616718,"relics_obtained":[{"floor":7.0,"key":"War Paint"},{"floor":9.0,"key":"Oddly Smooth Stone"},{"floor":13.0,"key":"Blood Vial"},{"floor":22.0,"key":"Potion Belt"},{"floor":24,"key":"Ancient Tea Set"},{"floor":26,"key":"Art of War"},{"floor":36,"key":"Du-Vu Doll"},{"floor":42,"key":"Anchor"}],"event_choices":[{"damage_healed":0.0,"max_hp_gain":0.0,"max_hp_loss":0.0,"gold_gain":75.0,"event_name":"World of Goop","player_choice":"Gather Gold","floor":3.0,"gold_loss":0.0,"damage_taken":11.0},{"damage_healed":0.0,"max_hp_gain":0.0,"max_hp_loss":0.0,"gold_gain":0.0,"event_name":"Scrap Ooze","player_choice":"Success","floor":12.0,"gold_loss":0.0,"damage_taken":5.0,"relics_obtained":["Vajra"]},{"damage_healed":0.0,"max_hp_gain":0.0,"max_hp_loss":7.0,"gold_gain":0.0,"event_name":"Golden Idol","player_choice":"Lose Max HP","floor":14.0,"gold_loss":0.0,"damage_taken":0.0,"relics_obtained":["Golden Idol"]},{"damage_healed":0.0,"max_hp_gain":0.0,"max_hp_loss":0.0,"gold_gain":0.0,"event_name":"Lab","player_choice":"Got Potions","floor":19.0,"gold_loss":0.0,"damage_taken":0.0},{"damage_healed":0,"gold_gain":0,"player_choice":"Bought 3 Potions","damage_taken":0,"max_hp_gain":0,"max_hp_loss":0,"event_name":"The Woman in Blue","floor":28,"gold_loss":0},{"damage_healed":0,"gold_gain":0,"player_choice":"Fight","damage_taken":0,"max_hp_gain":0,"max_hp_loss":0,"event_name":"Mysterious Sphere","floor":36,"gold_loss":0},{"damage_healed":0,"gold_gain":0,"player_choice":"Paid","damage_taken":0,"relics_obtained":["Red Mask"],"max_hp_gain":0,"max_hp_loss":0,"event_name":"Tomb of Lord Red Mask","floor":45,"gold_loss":43}],"is_beta":true,"boss_relics":[{"not_picked":["Empty Cage","Busted Crown"],"picked":"Runic Pyramid"},{"not_picked":["VioletLotus","Astrolabe"],"picked":"Pandora\u0027s Box"}],"items_purged_floors":[20,39],"is_endless":false,"potions_floor_spawned":[2,4,5,16,18,27,30,31,33,35,38,48],"killed_by":"Donu and Deca","ascension_level":20}}