{"host":"uexz8m6e0pxi7xat","time":1614241892,"event":{"mods":["BaseMod","Bestiary","Minty Spire (QoL Compilation)","Relic Stats","ojb\u0027s Info Mod"],"gold_per_floor":[212,228,503,517,95,95,130,130,130,162,189,201,246,258,270,380,392,419,431,443,468,26,54,54,80,80,80,96,111,111,138,138,212,212,231,248,263,282,111,144,144,144,144,179,15,65,81,114,114,114,114,114],"floor_reached":51,"language":"ENG","playtime":3487,"items_purged":["Regret"],"score":1747,"play_id":"23b790ea-7cdc-47da-9f44-89034f5515b4","local_time":"20210225213132","is_ascension_mode":true,"campfire_choices":[{"data":"Bash","floor":6,"key":"SMITH"},{"data":"Wild Strike","floor":8,"key":"SMITH"},{"floor":12,"key":"REST"},{"data":"Wild Strike","floor":15,"key":"SMITH"},{"data":"Flame Barrier","floor":24,"key":"SMITH"},{"data":"Flame Barrier","floor":27,"key":"SMITH"},{"floor":32,"key":"RECALL"},{"data":"Chrysalis","floor":49,"key":"SMITH"}],"circlet_count":0,"master_deck":["AscendersBane","Strike_R","Strike_R","Strike_R","Strike_R","Strike_R","Defend_R","Defend_R","Defend_R","Defend_R","Bash+1","Wild Strike+1","Sever Soul","Wild Strike+1","Perfected Strike+1","Whirlwind+1","Flame Barrier+1","Flame Barrier+1","Impervious","Clothesline+1","Fiend Fire+1","Immolate+1","Iron Wave+1","Shockwave+1","Corruption+1","Perfected Strike+1","Battle Trance","Impervious","Chrysalis+1","Discovery","Shockwave","Shrug It Off","Flame Barrier+1"],"relics":["Burning Blood","HornCleat","Molten Egg 2","MawBank","Bottled Flame","Velvet Choker","MutagenicStrength","Nloth\u0027s Gift","Torii","PreservedInsect","Omamori","Kunai","Frozen Egg 2","SlaversCollar","Red Skull","Darkstone Periapt","CaptainsWheel","Boot","ClockworkSouvenir","Ice Cream","Gremlin Horn"],"acts_visited":["Exordium","TheCity","TheBeyond"],"potions_floor_usage":[7,10,16,23,33,40,44,50,51],"damage_taken":[{"damage":2,"enemies":"2 Louse","floor":1,"turns":3},{"damage":1,"enemies":"Cultist","floor":2,"turns":3},{"damage":4,"enemies":"Small Slimes","floor":4,"turns":3},{"damage":30,"enemies":"3 Sentries","floor":7,"turns":8},{"damage":26,"enemies":"Lagavulin","floor":10,"turns":6},{"damage":20,"enemies":"Exordium Thugs","floor":11,"turns":3},{"damage":0,"enemies":"Gremlin Nob","floor":13,"turns":3},{"damage":9,"enemies":"Slime Boss","floor":16,"turns":7},{"damage":0,"enemies":"Spheric Guardian","floor":18,"turns":3},{"damage":6,"enemies":"3 Byrds","floor":21,"turns":2},{"damage":20,"enemies":"Gremlin Leader","floor":23,"turns":4},{"damage":0,"enemies":"Slavers","floor":25,"turns":1},{"damage":1,"enemies":"Snake Plant","floor":28,"turns":2},{"damage":0,"enemies":"Cultist and Chosen","floor":29,"turns":3},{"damage":1,"enemies":"Book of Stabbing","floor":31,"turns":4},{"damage":60,"enemies":"Automaton","floor":33,"turns":9},{"damage":1,"enemies":"Orb Walker","floor":35,"turns":4},{"damage":1,"enemies":"3 Shapes","floor":36,"turns":10},{"damage":44,"enemies":"Maw","floor":37,"turns":7},{"damage":14,"enemies":"4 Shapes","floor":38,"turns":8},{"damage":0,"enemies":"Nemesis","floor":40,"turns":3},{"damage":6,"enemies":"Reptomancer","floor":44,"turns":2},{"damage":1,"enemies":"2 Orb Walkers","floor":46,"turns":3},{"damage":1,"enemies":"Transient","floor":47,"turns":6},{"damage":0,"enemies":"Nemesis","floor":48,"turns":3},{"damage":25,"enemies":"Time Eater","floor":50,"turns":10},{"damage":28,"enemies":"Awakened One","floor":51,"turns":9}],"seed_played":"-4391401625270472849","potions_obtained":[{"floor":1,"key":"Dexterity Potion"},{"floor":13,"key":"Block Potion"},{"floor":21,"key":"Ancient Potion"},{"floor":23,"key":"Energy Potion"},{"floor":31,"key":"PowerPotion"},{"floor":37,"key":"SteroidPotion"},{"floor":40,"key":"Fruit Juice"},{"floor":44,"key":"BlessingOfTheForge"},{"floor":47,"key":"EssenceOfSteel"}],"is_trial":false,"path_per_floor":["M","M","?","M","$","R","E","R","T","E","M","R","E","?","R","B",null,"M","?","?","M","$","E","R","E","T","R","M","M","?","E","R","B",null,"M","M","M","M","$","E","$","?","T","E","$","?","M","E","R","B","B"],"character_chosen":"IRONCLAD","items_purchased":["HornCleat","DuplicationPotion","Fiend Fire+1","Torii","BloodPotion","Red Skull","ClockworkSouvenir"],"campfire_rested":1,"item_purchase_floors":[5,5,22,22,22,39,45],"current_hp_per_floor":[72,75,75,75,75,75,51,51,51,31,17,39,45,19,19,16,60,66,66,66,66,66,67,67,73,73,73,75,75,75,75,75,21,62,67,72,34,26,26,32,32,22,22,27,27,32,37,43,43,24,0,0],"gold":114,"neow_bonus":"HUNDRED_GOLD","is_daily":false,"chose_seed":false,"campfire_upgraded":6,"win_rate":0.0,"timestamp":1614241892,"path_taken":["M","M","?","M","$","R","E","R","T","E","?","R","E","?","R","BOSS","M","?","?","?","$","E","R","E","T","R","M","M","?","E","R","BOSS","M","M","?","M","$","E","?","?","T","E","$","?","M","E","R","BOSS","BOSS"],"items_purchased_type":["Relic","Potion","Card","Relic","Potion","Relic","Relic"],"build_version":"2020-12-22","purchased_purges":1,"victory":false,"max_hp_per_floor":[75,75,75,75,75,75,75,75,75,75,75,75,75,75,75,75,75,75,75,75,75,75,75,75,75,75,75,75,75,75,75,75,75,75,75,75,75,75,75,75,75,75,75,80,80,80,80,80,80,80,80,80],"relic_stats":{"Darkstone Periapt":0,"Torii":19,"Gremlin Horn":[2,2],"counters":[27,129],"PreservedInsect":245,"Nloth\u0027s Gift":4,"Kunai":[17],"MawBank":144,"Boot":[8],"obtain_stats":[{"Darkstone Periapt":40,"Ice Cream":46,"Torii":22,"Gremlin Horn":48,"Golden Idol":14,"Velvet Choker":17,"PreservedInsect":23,"Omamori":25,"Frozen Egg 2":31,"MawBank":10,"Boot":44,"Burning Blood":0,"ClockworkSouvenir":45,"SlaversCollar":34,"Bottled Flame":13,"CaptainsWheel":43,"HornCleat":5,"MutagenicStrength":19,"Molten Egg 2":7,"Nloth\u0027s Gift":20,"Kunai":26,"Red Skull":39},{"Darkstone Periapt":21,"Ice Cream":23,"Torii":10,"Gremlin Horn":25,"Golden Idol":7,"Velvet Choker":8,"PreservedInsect":11,"Omamori":12,"Frozen Egg 2":15,"MawBank":5,"Boot":22,"Burning Blood":0,"ClockworkSouvenir":22,"SlaversCollar":16,"Bottled Flame":7,"CaptainsWheel":21,"HornCleat":3,"MutagenicStrength":9,"Molten Egg 2":4,"Nloth\u0027s Gift":9,"Kunai":12,"Red Skull":20},{"Darkstone Periapt":96,"Ice Cream":101,"Torii":41,"Gremlin Horn":110,"Golden Idol":29,"Velvet Choker":36,"PreservedInsect":45,"Omamori":46,"Frozen Egg 2":55,"MawBank":23,"Boot":98,"Burning Blood":0,"ClockworkSouvenir":98,"SlaversCollar":64,"Bottled Flame":29,"CaptainsWheel":96,"HornCleat":9,"MutagenicStrength":39,"Molten Egg 2":17,"Nloth\u0027s Gift":39,"Kunai":46,"Red Skull":93}],"Burning Blood":138},"card_choices":[{"not_picked":["Entrench","Blood for Blood"],"picked":"Wild Strike","floor":1},{"not_picked":["Cleave","Armaments"],"picked":"Sever Soul","floor":2},{"not_picked":["Havoc","Clash"],"picked":"Wild Strike","floor":4},{"not_picked":["Blood for Blood+1","Pommel Strike+1"],"picked":"Perfected Strike+1","floor":7},{"not_picked":["Dropkick+1","Spot Weakness"],"picked":"Whirlwind+1","floor":10},{"not_picked":["Clothesline+1","Whirlwind+1"],"picked":"Flame Barrier","floor":11},{"not_picked":["Feel No Pain","Sword Boomerang+1"],"picked":"Flame Barrier","floor":13},{"not_picked":["Demon Form","Juggernaut"],"picked":"Impervious","floor":16},{"not_picked":["Anger+1","Clash+1","Metallicize"],"picked":"SKIP","floor":18},{"not_picked":["Ghostly Armor","Second Wind"],"picked":"Clothesline+1","floor":21},{"not_picked":["Clothesline+1","Havoc"],"picked":"Immolate+1","floor":23},{"not_picked":["Sentinel","Infernal Blade","Metallicize"],"picked":"SKIP","floor":25},{"not_picked":["Power Through","True Grit"],"picked":"Iron Wave+1","floor":28},{"not_picked":["Carnage+1","Cleave+1"],"picked":"Shockwave","floor":29},{"not_picked":["Intimidate","Perfected Strike+1"],"picked":"Corruption+1","floor":31},{"not_picked":["Body Slam+1","Seeing Red"],"picked":"Perfected Strike+1","floor":35},{"not_picked":["Clothesline+1","Whirlwind+1"],"picked":"Battle Trance","floor":36},{"not_picked":["Clothesline+1","Sentinel","Combust+1"],"picked":"SKIP","floor":37},{"not_picked":["Warcry","Body Slam+1","Bloodletting"],"picked":"SKIP","floor":38},{"not_picked":["Combust+1","Power Through"],"picked":"Impervious","floor":40},{"not_picked":["Discovery","Panacea"],"picked":"Chrysalis","floor":42},{"not_picked":["Impatience","Good Instincts"],"picked":"Discovery","floor":42},{"not_picked":["Juggernaut+1","Uppercut+1","Corruption+1"],"picked":"SKIP","floor":44},{"not_picked":["Anger+1","Thunderclap+1"],"picked":"Shockwave","floor":46},{"not_picked":["Carnage+1","Infernal Blade"],"picked":"Shrug It Off","floor":47},{"not_picked":["Second Wind","Pommel Strike+1"],"picked":"Flame Barrier+1","floor":48}],"player_experience":1117658,"relics_obtained":[{"floor":7,"key":"Molten Egg 2"},{"floor":10,"key":"MawBank"},{"floor":13,"key":"Bottled Flame"},{"floor":23,"key":"PreservedInsect"},{"floor":25,"key":"Omamori"},{"floor":26,"key":"Kunai"},{"floor":31,"key":"Frozen Egg 2"},{"floor":40,"key":"Darkstone Periapt"},{"floor":43,"key":"CaptainsWheel"},{"floor":44,"key":"Boot"},{"floor":46,"key":"Ice Cream"},{"floor":48,"key":"Gremlin Horn"}],"event_choices":[{"damage_healed":0,"gold_gain":275,"player_choice":"Desecrate","damage_taken":0,"max_hp_gain":0,"max_hp_loss":0,"event_name":"Golden Shrine","floor":3,"gold_loss":0,"cards_obtained":["Regret"]},{"damage_healed":0,"gold_gain":0,"player_choice":"Take Damage","damage_taken":26,"relics_obtained":["Golden Idol"],"max_hp_gain":0,"max_hp_loss":0,"event_name":"Golden Idol","floor":14,"gold_loss":0},{"damage_healed":0,"gold_gain":0,"player_choice":"Inject Mutagens","damage_taken":0,"relics_obtained":["MutagenicStrength"],"max_hp_gain":0,"max_hp_loss":0,"event_name":"Drug Dealer","floor":19,"gold_loss":0},{"damage_healed":0,"gold_gain":0,"player_choice":"Traded Relic","damage_taken":0,"relics_obtained":["Nloth\u0027s Gift"],"max_hp_gain":0,"max_hp_loss":0,"event_name":"N\u0027loth","floor":20,"relics_lost":["Golden Idol"],"gold_loss":0},{"damage_healed":0,"gold_gain":0,"player_choice":"Forge","damage_taken":0,"max_hp_gain":0,"max_hp_loss":0,"event_name":"Accursed Blacksmith","floor":30,"gold_loss":0,"cards_upgraded":["Shockwave"]},{"damage_healed":0,"gold_gain":0,"player_choice":"Memory 3","damage_taken":10,"max_hp_gain":0,"max_hp_loss":0,"event_name":"SensoryStone","floor":42,"gold_loss":0},{"damage_healed":0,"gold_gain":0,"player_choice":"Fight","damage_taken":0,"max_hp_gain":0,"max_hp_loss":0,"event_name":"Mysterious Sphere","floor":46,"gold_loss":0}],"is_beta":false,"boss_relics":[{"not_picked":["Runic Cube","Tiny House"],"picked":"Velvet Choker"},{"not_picked":["Black Blood","Coffee Dripper"],"picked":"SlaversCollar"}],"items_purged_floors":[5],"is_endless":false,"potions_floor_spawned":[1,13,21,23,29,31,37,38,40,44,47],"killed_by":"Awakened One","ascension_level":20}}