{"host":"phy652c7lim9lcu2","time":1614249147,"event":{"mods":["BaseMod","Colored Powertips","Googly Eyes","Minty Spire (QoL Compilation)","Relic Stats","Spicy Shops","StSLib","everything is the same but u backflip on backflip"],"gold_per_floor":[119,119,46,56,56,56,88,13,38,38,38,38,55,68,68,140,140,160,160,179,190,200,200,227,177,246,246,246],"floor_reached":27,"language":"ENG","playtime":671,"items_purged":["Regret"],"score":464,"play_id":"223f7020-0f3e-4b77-b0bf-adaecdae3872","local_time":"20210225203227","is_ascension_mode":true,"campfire_choices":[{"data":"Streamline","floor":6,"key":"SMITH"},{"floor":10,"key":"REST"},{"data":"Sunder","floor":12,"key":"SMITH"},{"data":"Buffer","floor":15,"key":"SMITH"},{"floor":23,"key":"REST"}],"circlet_count":0,"master_deck":["AscendersBane","Strike_B","Strike_B+1","Strike_B","Strike_B+1","Defend_B","Defend_B","Defend_B","Defend_B","Zap","Dualcast","Sunder+1","Streamline+1","FTL","Barrage","Buffer+1","Machine Learning+1","Conserve Battery","Defragment+1","Genetic Algorithm"],"relics":["FrozenCore","Vajra","Shuriken","Regal Pillow","Oddly Smooth Stone","Emotion Chip","Du-Vu Doll"],"acts_visited":["Exordium","TheCity"],"potions_floor_usage":[16,21,27],"damage_taken":[{"damage":7,"enemies":"Jaw Worm","floor":1,"turns":3},{"damage":0,"enemies":"2 Louse","floor":4,"turns":1},{"damage":32,"enemies":"Lagavulin","floor":7,"turns":5},{"damage":4,"enemies":"Small Slimes","floor":13,"turns":2},{"damage":11,"enemies":"Looter","floor":14,"turns":2},{"damage":0,"enemies":"Slime Boss","floor":16,"turns":6},{"damage":10,"enemies":"Chosen","floor":18,"turns":4},{"damage":14,"enemies":"Shell Parasite","floor":20,"turns":6},{"damage":10,"enemies":"3 Cultists","floor":21,"turns":4},{"damage":11,"enemies":"Shelled Parasite and Fungi","floor":22,"turns":6},{"damage":46,"enemies":"Gremlin Leader","floor":24,"turns":9},{"damage":14,"enemies":"Snake Plant","floor":27,"turns":1}],"seed_played":"4961470234346456328","potions_obtained":[{"floor":7,"key":"Strength Potion"},{"floor":14,"key":"ColorlessPotion"},{"floor":16,"key":"Strength Potion"},{"floor":24,"key":"SkillPotion"}],"is_trial":false,"path_per_floor":["M","?","$","M","?","R","E","$","T","R","?","R","M","M","R","B",null,"M","?","M","M","M","R","E","?","T","M"],"character_chosen":"DEFECT","items_purchased":["Streamline"],"campfire_rested":2,"item_purchase_floors":[3],"current_hp_per_floor":[61,46,46,46,46,46,14,14,14,51,48,48,44,33,33,33,65,55,55,41,31,20,57,11,11,11,0,0],"gold":246,"neow_bonus":"RANDOM_COMMON_RELIC","is_daily":false,"chose_seed":false,"campfire_upgraded":3,"win_rate":0.0,"timestamp":1614249147,"path_taken":["M","?","$","M","?","R","E","$","T","R","?","R","M","M","R","BOSS","M","?","M","M","?","R","E","?","T","?"],"items_purchased_type":["Card"],"build_version":"2020-12-22","purchased_purges":1,"victory":false,"max_hp_per_floor":[75,75,75,75,75,75,75,75,75,75,75,75,75,75,75,75,75,75,75,75,75,75,75,75,75,75,75,75],"relic_stats":{"Regal Pillow":30,"Emotion Chip":[20,3,17,0,0],"counters":[12,49],"Shuriken":[17],"obtain_stats":[{"Du-Vu Doll":24,"Regal Pillow":7,"Emotion Chip":11,"Shuriken":5,"Vajra":0,"Oddly Smooth Stone":9,"Cracked Core":0,"FrozenCore":17},{"Du-Vu Doll":11,"Regal Pillow":3,"Emotion Chip":3,"Shuriken":2,"Vajra":0,"Oddly Smooth Stone":3,"Cracked Core":0,"FrozenCore":6},{"Du-Vu Doll":48,"Regal Pillow":9,"Emotion Chip":9,"Shuriken":4,"Vajra":0,"Oddly Smooth Stone":9,"Cracked Core":0,"FrozenCore":19}],"FrozenCore":[16]},"card_choices":[{"not_picked":["Beam Cell","Hologram"],"picked":"Sunder","floor":1},{"not_picked":["Consume","Double Energy"],"picked":"FTL","floor":4},{"not_picked":["Aggregate","Static Discharge"],"picked":"Barrage","floor":7},{"not_picked":["Barrage","Ball Lightning"],"picked":"Buffer","floor":13},{"not_picked":["FTL","Rebound","Chill"],"picked":"SKIP","floor":14},{"not_picked":["Reboot","Thunder Strike"],"picked":"Machine Learning","floor":16},{"not_picked":["Aggregate","Ball Lightning","Sweeping Beam"],"picked":"SKIP","floor":18},{"not_picked":["Sweeping Beam","Steam Power"],"picked":"Conserve Battery","floor":20},{"not_picked":["Rebound","Undo","Compile Driver+1"],"picked":"SKIP","floor":21},{"not_picked":["Go for the Eyes","Reprogram"],"picked":"Defragment+1","floor":22},{"not_picked":["Sweeping Beam","Thunder Strike"],"picked":"Genetic Algorithm","floor":24}],"player_experience":367929,"relics_obtained":[{"floor":7,"key":"Regal Pillow"},{"floor":9,"key":"Oddly Smooth Stone"},{"floor":24,"key":"Du-Vu Doll"}],"event_choices":[{"damage_healed":0,"gold_gain":0,"player_choice":"Entered Light","damage_taken":15,"max_hp_gain":0,"max_hp_loss":0,"event_name":"Shining Light","floor":2,"gold_loss":0,"cards_upgraded":["Strike_B","Strike_B"]},{"damage_healed":0,"gold_gain":0,"player_choice":"Box","damage_taken":0,"relics_obtained":["Shuriken"],"max_hp_gain":0,"max_hp_loss":0,"event_name":"Big Fish","floor":5,"gold_loss":0,"cards_obtained":["Regret"]},{"damage_healed":0,"gold_gain":0,"player_choice":"Success","damage_taken":3,"relics_obtained":["Emotion Chip"],"max_hp_gain":0,"max_hp_loss":0,"event_name":"Scrap Ooze","floor":11,"gold_loss":0},{"damage_healed":0,"gold_gain":0,"player_choice":"Upgraded","damage_taken":0,"max_hp_gain":0,"max_hp_loss":0,"event_name":"Upgrade Shrine","floor":19,"gold_loss":0,"cards_upgraded":["Machine Learning"]},{"damage_healed":0,"gold_gain":0,"player_choice":"Bet on Murderer","damage_taken":0,"max_hp_gain":0,"max_hp_loss":0,"event_name":"The Joust","floor":25,"gold_loss":50}],"is_beta":false,"boss_relics":[{"not_picked":["Velvet Choker","SacredBark"],"picked":"FrozenCore"}],"items_purged_floors":[8],"is_endless":false,"potions_floor_spawned":[7,14,16,20,24],"killed_by":"Snake Plant","ascension_level":13}}