{"host":"kh6fvhxn285ncg0o","time":1614230375,"event":{"mods":["Act Like it!","BaseMod","Colored Map","Friendly Minions","Keyboard Shortcuts","Minty Spire (QoL Compilation)","Quick Restart","Relic Stats","StSLib","SuperFastMode","UnlockEverythingMod"],"gold_per_floor":[115,115,130,130,130,163,180,212,235,235,235,262,327,26,26,100,100,119,69,69,82,98,123,140,174,174,205,205,220,238,267,267,341,341,357,373,148,148,163,191,201,228,228,258,271,271,285,298,298,298,298,298,298,35,63,63],"floor_reached":57,"language":"KOR","playtime":2618,"items_purged":["Strike_B","Strike_B","Zap","Defend_B"],"score":3209,"play_id":"7ac61776-ed69-4dc3-a7f5-8062b49cbcec","local_time":"20210225141935","is_ascension_mode":true,"campfire_choices":[{"data":"Barrage","floor":11.0,"key":"SMITH"},{"data":"Apotheosis","floor":15.0,"key":"SMITH"},{"data":"Coolheaded","floor":32.0,"key":"SMITH"},{"data":"Defend_B","floor":46,"key":"PURGE"},{"floor":49,"key":"RECALL"},{"data":"Defend_B","floor":53,"key":"PURGE"}],"circlet_count":0,"master_deck":["AscendersBane","Defend_B","Dualcast","Capacitor","Barrage+1","Core Surge","Tempest","Chill","Consume","Apotheosis+1","Echo Form","Capacitor","Hologram","BootSequence+1","Defragment+1","Glacier","Coolheaded+1","Electrodynamics+1","Coolheaded+1","Chaos+1","Loop+1","Coolheaded","Undo","Seek","Conserve Battery+1","Blizzard","Defragment+1","Turbo","Impatience"],"relics":["Cracked Core","NeowsBlessing","Akabeko","Art of War","Eternal Feather","PreservedInsect","Bag of Preparation","Bird Faced Urn","Membership Card","Philosopher\u0027s Stone","Frozen Egg 2","Blue Candle","Bottled Tornado","Strawberry","Regal Pillow","Sozu","Frozen Eye","Orichalcum","Cables","Peace Pipe","Bottled Lightning","ClockworkSouvenir","Blood Vial"],"acts_visited":["Exordium","TheCity","TheBeyond","TheEnding"],"potions_floor_usage":[],"damage_taken":[{"damage":0.0,"enemies":"2 Louse","floor":1.0,"turns":1.0},{"damage":0.0,"enemies":"Small Slimes","floor":3.0,"turns":1.0},{"damage":0.0,"enemies":"Lagavulin","floor":6.0,"turns":1.0},{"damage":0.0,"enemies":"Cultist","floor":7.0,"turns":3.0},{"damage":4.0,"enemies":"Gremlin Nob","floor":8.0,"turns":3.0},{"damage":21.0,"enemies":"3 Sentries","floor":12.0,"turns":6.0},{"damage":0.0,"enemies":"Lagavulin Event","floor":13.0,"turns":2.0},{"damage":0.0,"enemies":"Slime Boss","floor":16.0,"turns":6.0},{"damage":3.0,"enemies":"Chosen","floor":18.0,"turns":3.0},{"damage":48.0,"enemies":"3 Byrds","floor":21.0,"turns":4.0},{"damage":14.0,"enemies":"Snake Plant","floor":22.0,"turns":4.0},{"damage":1.0,"enemies":"Book of Stabbing","floor":23.0,"turns":3.0},{"damage":11.0,"enemies":"Centurion and Healer","floor":24.0,"turns":6.0},{"damage":18.0,"enemies":"Gremlin Leader","floor":25.0,"turns":4.0},{"damage":13.0,"enemies":"Book of Stabbing","floor":27.0,"turns":4.0},{"damage":0.0,"enemies":"Chosen and Byrds","floor":29.0,"turns":4.0},{"damage":1.0,"enemies":"Snake Plant","floor":30.0,"turns":6.0},{"damage":0.0,"enemies":"Gremlin Leader","floor":31.0,"turns":5.0},{"damage":1.0,"enemies":"Champ","floor":33.0,"turns":9.0},{"damage":7.0,"enemies":"3 Shapes","floor":35.0,"turns":3.0},{"damage":15.0,"enemies":"3 Darklings","floor":36.0,"turns":5.0},{"damage":20.0,"enemies":"4 Shapes","floor":39.0,"turns":4.0},{"damage":0.0,"enemies":"Nemesis","floor":40.0,"turns":7.0},{"damage":21.0,"enemies":"Transient","floor":41.0,"turns":6.0},{"damage":0.0,"enemies":"Giant Head","floor":42.0,"turns":6.0},{"damage":0.0,"enemies":"Reptomancer","floor":44.0,"turns":5.0},{"damage":34.0,"enemies":"Jaw Worm Horde","floor":45.0,"turns":5.0},{"damage":7,"enemies":"3 Darklings","floor":47,"turns":6},{"damage":0,"enemies":"Maw","floor":48,"turns":5},{"damage":9,"enemies":"Awakened One","floor":50,"turns":15},{"damage":7,"enemies":"Donu and Deca","floor":51,"turns":7},{"damage":8,"enemies":"Shield and Spear","floor":55,"turns":6},{"damage":76,"enemies":"The Heart","floor":56,"turns":10}],"seed_played":"65639280680088880","potions_obtained":[{"floor":3.0,"key":"BlessingOfTheForge"},{"floor":7.0,"key":"Explosive Potion"},{"floor":8.0,"key":"SneckoOil"},{"floor":22.0,"key":"EssenceOfDarkness"},{"floor":25.0,"key":"Weak Potion"},{"floor":29.0,"key":"SkillPotion"},{"floor":30.0,"key":"SkillPotion"}],"is_trial":false,"path_per_floor":["M","?","M","?","?","E","M","E","T","?","R","E","?","$","R","B",null,"M","$","?","M","M","E","M","E","T","E","?","M","M","E","R","B",null,"M","M","$","?","M","E","M","E","T","E","M","R","M","M","R","B","B",null,"R","$","E","B",null],"character_chosen":"DEFECT","items_purchased":["Membership Card","Apotheosis","Frozen Eye","Orichalcum","ClockworkSouvenir","Defragment+1","Turbo","Impatience"],"campfire_rested":0,"item_purchase_floors":[14,14,37,37,54,54,54,54],"current_hp_per_floor":[64,69,69,69,69,69,69,65,65,58,64,43,43,43,52,54,71,70,70,86,44,32,33,28,20,20,26,26,32,37,49,61,72,88,93,86,86,86,76,90,74,93,93,93,75,90,93,93,93,93,93,93,93,93,93,33],"gold":63,"neow_bonus":"THREE_ENEMY_KILL","is_daily":false,"chose_seed":false,"campfire_upgraded":3,"win_rate":0.0,"timestamp":1614230375,"path_taken":["M","?","M","?","?","E","?","E","T","?","R","E","?","$","R","BOSS","M","$","?","M","?","E","M","E","T","E","?","M","M","E","R","BOSS","M","M","$","?","M","E","M","E","T","E","?","R","M","M","R","BOSS","BOSS","R","$","E","BOSS"],"items_purchased_type":["Relic","Card","Relic","Relic","Relic","Card","Card","Card"],"build_version":"2020-12-22","purchased_purges":4,"victory":true,"max_hp_per_floor":[71,76,76,76,76,76,76,76,76,76,76,76,76,76,76,76,76,76,76,86,86,86,86,86,86,86,93,93,93,93,93,93,93,93,93,93,93,93,93,93,93,93,93,93,93,93,93,93,93,93,93,93,93,93,93,93],"relic_stats":{"Regal Pillow":0,"counters":[33,163],"Blue Candle":[0],"Eternal Feather":42,"PreservedInsect":558,"Bag of Preparation":[54],"Orichalcum":[54],"Cables":[65,16,44,1,4],"Sozu":5,"Peace Pipe":2,"Blood Vial":0,"Bird Faced Urn":[212],"Art of War":[77],"obtain_stats":[{"Regal Pillow":31,"NeowsBlessing":0,"Blue Candle":25,"Eternal Feather":8,"PreservedInsect":9,"Bag of Preparation":12,"Frozen Egg 2":23,"Bottled Tornado":26,"Orichalcum":37,"Akabeko":5,"Cables":40,"ClockworkSouvenir":54,"Sozu":34,"Peace Pipe":42,"Blood Vial":55,"Frozen Eye":37,"Bird Faced Urn":13,"Strawberry":27,"Philosopher\u0027s Stone":17,"Art of War":6,"Membership Card":14,"Bottled Lightning":44,"Cracked Core":0},{"Regal Pillow":18,"NeowsBlessing":0,"Blue Candle":14,"Eternal Feather":5,"PreservedInsect":5,"Bag of Preparation":6,"Frozen Egg 2":12,"Bottled Tornado":14,"Orichalcum":21,"Akabeko":2,"Cables":23,"ClockworkSouvenir":31,"Sozu":19,"Peace Pipe":25,"Blood Vial":32,"Frozen Eye":21,"Bird Faced Urn":7,"Strawberry":15,"Philosopher\u0027s Stone":8,"Art of War":3,"Membership Card":7,"Bottled Lightning":26,"Cracked Core":0},{"Regal Pillow":66,"NeowsBlessing":0,"Blue Candle":47,"Eternal Feather":9,"PreservedInsect":9,"Bag of Preparation":15,"Frozen Egg 2":37,"Bottled Tornado":47,"Orichalcum":83,"Akabeko":2,"Cables":94,"ClockworkSouvenir":148,"Sozu":75,"Peace Pipe":106,"Blood Vial":154,"Frozen Eye":83,"Bird Faced Urn":17,"Strawberry":51,"Philosopher\u0027s Stone":23,"Art of War":3,"Membership Card":17,"Bottled Lightning":111,"Cracked Core":0}]},"card_choices":[{"not_picked":["Rebound","Stack"],"picked":"Capacitor","floor":1.0},{"not_picked":["Redo","Steam Power"],"picked":"Barrage","floor":3.0},{"not_picked":["Blizzard","Sunder"],"picked":"Tempest","floor":6.0},{"not_picked":["Gash","Steam","Lockon"],"picked":"SKIP","floor":7.0},{"not_picked":["Redo","Leap"],"picked":"Chill","floor":8.0},{"not_picked":["Ball Lightning","Auto Shields"],"picked":"Rainbow","floor":12.0},{"not_picked":["Cold Snap","Compile Driver"],"picked":"Consume","floor":13.0},{"not_picked":["Reboot","Thunder Strike"],"picked":"Echo Form","floor":16.0},{"not_picked":["Compile Driver","Undo"],"picked":"Capacitor","floor":18.0},{"not_picked":["Recycle","White Noise"],"picked":"Hologram","floor":21.0},{"not_picked":["Redo","Fusion"],"picked":"BootSequence+1","floor":22.0},{"not_picked":["Hello World+1","Rebound","Fusion"],"picked":"SKIP","floor":23.0},{"not_picked":["Redo","Chaos"],"picked":"Defragment+1","floor":24.0},{"not_picked":["Steam","Turbo","Streamline"],"picked":"SKIP","floor":25.0},{"not_picked":["Blizzard+1","Redo"],"picked":"Glacier","floor":27.0},{"not_picked":["Rebound","Cold Snap","Redo"],"picked":"SKIP","floor":29.0},{"not_picked":["Darkness","Steam+1","Aggregate"],"picked":"SKIP","floor":30.0},{"not_picked":["Barrage","Rebound"],"picked":"Coolheaded","floor":31.0},{"not_picked":["Amplify","Rainbow"],"picked":"Electrodynamics+1","floor":33.0},{"not_picked":["Redo","Steam","Barrage+1"],"picked":"SKIP","floor":35.0},{"not_picked":["Storm+1","Scrape","Stack"],"picked":"SKIP","floor":36.0},{"not_picked":["Ball Lightning","Gash","Chaos+1"],"picked":"SKIP","floor":39.0},{"not_picked":["Ball Lightning","Gash"],"picked":"Chaos+1","floor":39.0},{"not_picked":["Coolheaded","Barrage+1"],"picked":"Loop+1","floor":40.0},{"not_picked":["Chill+1","Auto Shields+1"],"picked":"Coolheaded","floor":41.0},{"not_picked":["Stack","Double Energy+1"],"picked":"Undo","floor":42.0},{"not_picked":["Thunder Strike","Hyperbeam"],"picked":"Seek","floor":44.0},{"not_picked":["Ball Lightning","Steam"],"picked":"Conserve Battery+1","floor":47},{"not_picked":["Coolheaded","Streamline+1"],"picked":"Blizzard","floor":48},{"not_picked":["Reinforced Body","Fission","Gash"],"picked":"SKIP","floor":55}],"player_experience":1525122,"relics_obtained":[{"floor":6.0,"key":"Art of War"},{"floor":8.0,"key":"Eternal Feather"},{"floor":9.0,"key":"PreservedInsect"},{"floor":12.0,"key":"Bag of Preparation"},{"floor":13.0,"key":"Bird Faced Urn"},{"floor":23.0,"key":"Frozen Egg 2"},{"floor":25.0,"key":"Blue Candle"},{"floor":26.0,"key":"Bottled Tornado"},{"floor":27.0,"key":"Strawberry"},{"floor":31.0,"key":"Regal Pillow"},{"floor":40.0,"key":"Cables"},{"floor":42.0,"key":"Peace Pipe"},{"floor":44.0,"key":"Bottled Lightning"},{"floor":55,"key":"Blood Vial"}],"event_choices":[{"damage_healed":0.0,"max_hp_gain":5.0,"max_hp_loss":0.0,"gold_gain":0.0,"event_name":"Big Fish","player_choice":"Donut","floor":2.0,"gold_loss":0.0,"damage_taken":0.0},{"damage_healed":0.0,"max_hp_gain":0.0,"max_hp_loss":0.0,"gold_gain":0.0,"cards_transformed":["Strike_B"],"event_name":"Living Wall","player_choice":"Change","floor":4.0,"gold_loss":0.0,"damage_taken":0.0,"cards_obtained":["Core Surge"]},{"damage_healed":0.0,"max_hp_gain":0.0,"max_hp_loss":0.0,"gold_gain":0.0,"event_name":"WeMeetAgain","player_choice":"Gave Potion","floor":5.0,"gold_loss":0.0,"damage_taken":0.0,"relics_obtained":["Akabeko"]},{"cards_removed":["Strike_B"],"damage_healed":0.0,"max_hp_gain":0.0,"max_hp_loss":0.0,"gold_gain":0.0,"event_name":"Golden Wing","player_choice":"Card Removal","floor":10.0,"gold_loss":0.0,"damage_taken":7.0},{"damage_healed":0.0,"max_hp_gain":0.0,"max_hp_loss":0.0,"gold_gain":30.0,"event_name":"Dead Adventurer","player_choice":"Searched \u00272\u0027 times","floor":13.0,"gold_loss":0.0,"damage_taken":0.0},{"cards_removed":["Rainbow"],"damage_healed":6.0,"max_hp_gain":10.0,"max_hp_loss":0.0,"gold_gain":0.0,"event_name":"Bonfire Elementals","player_choice":"Offered Rare","floor":20.0,"gold_loss":0.0,"damage_taken":0.0},{"damage_healed":0.0,"max_hp_gain":0.0,"max_hp_loss":0.0,"gold_gain":0.0,"event_name":"The Mausoleum","player_choice":"Ignored","floor":28.0,"gold_loss":0.0,"damage_taken":0.0},{"damage_healed":0.0,"max_hp_gain":0.0,"max_hp_loss":0.0,"gold_gain":0.0,"event_name":"Duplicator","player_choice":"Copied","floor":38.0,"gold_loss":0.0,"damage_taken":0.0,"cards_obtained":["Coolheaded"]}],"is_beta":false,"boss_relics":[{"not_picked":["Busted Crown","Pandora\u0027s Box"],"picked":"Philosopher\u0027s Stone"},{"not_picked":["FrozenCore","Astrolabe"],"picked":"Sozu"}],"items_purged_floors":[14,19,37,54],"is_endless":false,"potions_floor_spawned":[3,7,8,22,24,25,29,30,35,36,40,47,48],"ascension_level":20}}