{"host":"ydb2tj77qwtn71sy","time":1614261602,"event":{"mods":["2.2 Compatiblity","AchievementEnabler","Aspiration","BaseMod","Bestiary","Better Note","Better Skull","Better Third Choice","BetterRewards","Colored Map","Colored Powertips","Conspire","DeckTracker","Displayed Cursed Tome","Infinite Spire","Lobotomy","Minty Spire (QoL Compilation)","Relic Stats","Replay The Spire","Spicy Shops","StSLib","The Blue Laboratory","Uncapped"],"gold_per_floor":[119,130,130,148,148,148,148],"floor_reached":6,"language":"ENG","playtime":284,"items_purged":[],"score":47,"play_id":"9b7114f5-6a6f-4d23-a62d-c17b77642fcb","local_time":"20210225230002","is_ascension_mode":true,"campfire_choices":[],"circlet_count":0,"master_deck":["Strike_R","Strike_R","Strike_R","Strike_R","Strike_R","Defend_R","Defend_R","Defend_R","Defend_R","Bash","LittleHelper","Wild Strike","Wellcheers","Carnage","Inflame","CrumblingArmor","Injury"],"relics":["Burning Blood","CogitoBucket","Molten Egg 2"],"acts_visited":["Exordium"],"potions_floor_usage":[6,6],"damage_taken":[{"damage":9,"enemies":"Small Slimes","floor":1,"turns":5},{"damage":12,"enemies":"Jaw Worm","floor":2,"turns":4},{"damage":6,"enemies":"conspire:RoseBush","floor":4,"turns":2},{"damage":62,"enemies":"Gremlin Nob","floor":6,"turns":6}],"seed_played":"-6913152158327621279","potions_obtained":[{"floor":2,"key":"PowerPotion"},{"floor":4,"key":"EssenceOfSteel"}],"is_trial":false,"path_per_floor":["M","M","?","M","?","E"],"character_chosen":"IRONCLAD","items_purchased":[],"campfire_rested":0,"item_purchase_floors":[],"current_hp_per_floor":[69,63,63,63,63,1,1],"gold":148,"neow_bonus":"","is_daily":false,"chose_seed":false,"campfire_upgraded":0,"win_rate":0.0,"timestamp":1614261602,"path_taken":["M","M","?","M","?","E"],"items_purchased_type":[],"build_version":"2020-12-22","purchased_purges":0,"victory":false,"max_hp_per_floor":[80,80,80,80,80,80,80],"relic_stats":{"counters":[4,17],"obtain_stats":[{"CogitoBucket":0,"Molten Egg 2":5,"Burning Blood":0},{"CogitoBucket":0,"Molten Egg 2":3,"Burning Blood":0},{"CogitoBucket":0,"Molten Egg 2":11,"Burning Blood":0}],"Burning Blood":18},"card_choices":[{"not_picked":["BlackSwan","PunishingBird"],"picked":"LittleHelper","floor":1},{"not_picked":["Clothesline","Flex"],"picked":"Wild Strike","floor":1},{"not_picked":["CherryBlossoms","MeatLantern"],"picked":"Wellcheers","floor":2},{"not_picked":["Heavy Blade","Evolve"],"picked":"Carnage","floor":2},{"not_picked":["Armaments","Whirlwind"],"picked":"Inflame","floor":4},{"not_picked":["SingingMachine","FairyFestival"],"picked":"CrumblingArmor","floor":4}],"player_experience":418016,"relics_obtained":[],"event_choices":[{"damage_healed":0,"gold_gain":0,"player_choice":"Leave","damage_taken":0,"max_hp_gain":0,"max_hp_loss":0,"event_name":"conspire:Investor","floor":3,"gold_loss":0}],"is_beta":false,"boss_relics":[],"items_purged_floors":[],"is_endless":false,"potions_floor_spawned":[2,4],"killed_by":"Gremlin Nob","ascension_level":6}}