{"host":"n43wxkei7kulhi8o","time":1614270009,"event":{"mods":["BaseMod","Bestiary","Block Reminder","Colored Map","Colored Powertips","Curses Come First","Custom Start","Dark Map","Highlight Path","Minty Spire (QoL Compilation)","Relic Stats","StSLib"],"gold_per_floor":[115,125,135,152,152,167,167,167,194,207,207,263,263,274,274,370,370,370],"floor_reached":17,"language":"ENG","playtime":651,"items_purged":[],"score":149,"play_id":"98b12ea6-cb68-40f2-8c8e-0c2abd655d3a","local_time":"20210225112009","is_ascension_mode":false,"campfire_choices":[{"data":"Sucker Punch","floor":8,"key":"SMITH"},{"floor":13,"key":"REST"},{"floor":15,"key":"REST"}],"circlet_count":0,"master_deck":["Strike_G","Strike_G","Strike_G","Strike_G","Strike_G+1","Defend_G","Defend_G+1","Defend_G","Defend_G","Defend_G","Survivor","Neutralize","Sucker Punch+1","Acrobatics","Blade Dance","Blade Dance","Leg Sweep","Good Instincts","Flying Knee","Footwork","Unload"],"relics":["Ring of the Snake","Toy Ornithopter","Nunchaku","Juzu Bracelet","Fusion Hammer"],"acts_visited":["Exordium","TheCity"],"potions_floor_usage":[16],"damage_taken":[{"damage":0,"enemies":"Small Slimes","floor":1,"turns":3},{"damage":0,"enemies":"Cultist","floor":2,"turns":4},{"damage":5,"enemies":"Jaw Worm","floor":3,"turns":4},{"damage":3,"enemies":"Looter","floor":4,"turns":4},{"damage":0,"enemies":"2 Fungi Beasts","floor":6,"turns":3},{"damage":4,"enemies":"Red Slaver","floor":10,"turns":4},{"damage":33,"enemies":"Gremlin Nob","floor":12,"turns":6},{"damage":0,"enemies":"Blue Slaver","floor":14,"turns":2},{"damage":51,"enemies":"Slime Boss","floor":16,"turns":22}],"seed_played":"-3125675202205266372","potions_obtained":[{"floor":1,"key":"Energy Potion"},{"floor":2,"key":"BlessingOfTheForge"},{"floor":10,"key":"ColorlessPotion"}],"is_trial":false,"path_per_floor":["M","M","M","M","?","M","?","R","T","M","?","?","R","M","R","B",null],"character_chosen":"THE_SILENT","items_purchased":[],"campfire_rested":2,"item_purchase_floors":[],"current_hp_per_floor":[70,70,65,62,62,62,62,62,62,58,44,11,32,32,53,7,70,70],"gold":370,"neow_bonus":"RANDOM_COMMON_RELIC","is_daily":false,"chose_seed":false,"campfire_upgraded":1,"win_rate":0.0,"timestamp":1614270009,"path_taken":["M","M","M","M","?","M","?","R","T","?","?","?","R","M","R","BOSS"],"items_purchased_type":[],"build_version":"2020-12-22","purchased_purges":0,"victory":false,"max_hp_per_floor":[70,70,70,70,70,70,70,70,70,70,70,70,70,70,70,70,70,70],"relic_stats":{"Nunchaku":[8],"counters":[9,52],"Juzu Bracelet":0,"obtain_stats":[{"Nunchaku":9,"Fusion Hammer":17,"Juzu Bracelet":12,"Toy Ornithopter":0,"Ring of the Snake":0},{"Nunchaku":5,"Fusion Hammer":9,"Juzu Bracelet":7,"Toy Ornithopter":0,"Ring of the Snake":0},{"Nunchaku":18,"Fusion Hammer":52,"Juzu Bracelet":28,"Toy Ornithopter":0,"Ring of the Snake":0}],"Toy Ornithopter":5,"Ring of the Snake":[18]},"card_choices":[{"not_picked":["Skewer","Slice"],"picked":"Sucker Punch","floor":1},{"not_picked":["Distraction","Outmaneuver"],"picked":"Acrobatics","floor":2},{"not_picked":["Quick Slash","Slice"],"picked":"Blade Dance","floor":3},{"not_picked":["Cloak And Dagger","Choke"],"picked":"Blade Dance","floor":4},{"not_picked":["Dagger Throw","Endless Agony"],"picked":"Leg Sweep","floor":6},{"not_picked":["Prepared","Poisoned Stab"],"picked":"Flying Knee","floor":10},{"not_picked":["Underhanded Strike","Flying Knee"],"picked":"Footwork","floor":14},{"not_picked":["Bullet Time","Burst"],"picked":"Unload","floor":16}],"player_experience":720671,"relics_obtained":[{"floor":9,"key":"Nunchaku"},{"floor":12,"key":"Juzu Bracelet"}],"event_choices":[{"damage_healed":0,"gold_gain":0,"player_choice":"Leave","damage_taken":0,"max_hp_gain":0,"max_hp_loss":0,"event_name":"The Cleric","floor":5,"gold_loss":0},{"damage_healed":0,"gold_gain":0,"player_choice":"1 cards matched","damage_taken":0,"max_hp_gain":0,"max_hp_loss":0,"event_name":"Match and Keep!","floor":7,"gold_loss":0,"cards_obtained":["Good Instincts"]},{"damage_healed":0,"gold_gain":0,"player_choice":"Entered Light","damage_taken":14,"max_hp_gain":0,"max_hp_loss":0,"event_name":"Shining Light","floor":11,"gold_loss":0,"cards_upgraded":["Strike_G","Defend_G"]},{"damage_healed":0,"gold_gain":0,"player_choice":"Searched \u00271\u0027 times","damage_taken":0,"max_hp_gain":0,"max_hp_loss":0,"event_name":"Dead Adventurer","floor":12,"gold_loss":0}],"is_beta":false,"boss_relics":[{"not_picked":["Runic Pyramid","Pandora\u0027s Box"],"picked":"Fusion Hammer"}],"items_purged_floors":[],"is_endless":false,"potions_floor_spawned":[1,2,10,14],"ascension_level":0}}