{"host":"18wi9kpcl4eah7pe","time":1614236886,"event":{"mods":["BaseMod","Colored Powertips","Downfall","Minty Spire (QoL Compilation)","StSLib"],"gold_per_floor":[99,99,99,99,99,131,131,31,31,31,48,80,80,95,113,209,209,9,26,52,52,37,37,63,74,74,103,203,219,235,235,248,343,343,343,359,269,319,330,330,355,355,380,409,444,111,151,142,142,142,142,186,43,43,43,43,43,43],"floor_reached":56,"language":"ENG","playtime":3055,"items_purged":["Shame","downfall:Aged"],"score":973,"play_id":"db2a0959-f840-4661-ae01-97081352878b","local_time":"20210225010806","is_ascension_mode":true,"campfire_choices":[{"floor":1.0,"key":"RECALL"},{"floor":8.0,"key":"REST"},{"data":"Slimebound:Split","floor":13.0,"key":"SMITH"},{"data":"Slimebound:Equalize","floor":18.0,"key":"SMITH"},{"floor":23.0,"key":"REST"},{"floor":26.0,"key":"REST"},{"data":"Slimebound:Split","floor":35,"key":"SMITH"},{"floor":40,"key":"REST"},{"data":"Slimebound:MassRepurpose","floor":42,"key":"SMITH"},{"floor":54,"key":"REST"}],"circlet_count":0,"master_deck":["Slimebound:Tackle","Slimebound:Defend_Slimebound","Slimebound:Defend_Slimebound","Slimebound:Defend_Slimebound","Slimebound:Defend_Slimebound","Slimebound:Split+1","Slimebound:CorrosiveSpit","Slimebound:RollThrough","Slimebound:Split+1","Slimebound:GoopSpray","Slimebound:Repurpose","Slimebound:LivingWall","Slimebound:Equalize+1","Slimebound:LevelUp","Slimebound:FinishingTackle","Slimebound:SpikyOuterGoop","Slimebound:OneTwoCombo","Slimebound:PressTheAttack+1","Slimebound:RainOfGoop","Necronomicurse","Slimebound:AcidTongue","Parasite","Slimebound:SplitMire+1","Slimebound:MassRepurpose+1","Slimebound:LeechEnergy","Slimebound:FlameTackle+1","Slimebound:Tackle+1","Slimebound:Tackle+1","Slimebound:Tackle+1","Slimebound:ServeAndProtect","Slimebound:Recycling","Slimebound:Nibble","Slimebound:Grow+1","Slimebound:GrowthPunch","Shame","Slimebound:SlimeSpikes+1","Slimebound:SplitSpecialist","Slimebound:LeechEnergy+1","Slimebound:TagTeam","Slimebound:Repurpose+1","Slimebound:DouseInSlime"],"relics":["Slimebound:AbsorbEndCombatUpgraded","downfall:HeartsMalice","Akabeko","downfall:HeartBlessingBlue","downfall:ExtraCursedKey","Thread and Needle","downfall:HeartBlessingRed","downfall:HeartBlessingGreen","Red Mask","Necronomicon","Art of War","PreservedInsect","Potion Belt","Black Star","Guardian:GemstoneGun","CeramicFish","Centennial Puzzle","Pen Nib","Darkstone Periapt","hexamod:CandleOfCauterizing","Strange Spoon","bronze:BronzeIdol","Happy Flower","Guardian:PocketSentry"],"acts_visited":["Exordium","TheCity","TheBeyond","TheEnding"],"potions_floor_usage":[33,33,33,36,44,45,49,52,55],"damage_taken":[{"damage":0.0,"enemies":"Small Slimes","floor":2.0,"turns":1.0},{"damage":0.0,"enemies":"downfall:FleeingMerchant","floor":4.0,"turns":1.0},{"damage":0.0,"enemies":"Cultist","floor":5.0,"turns":1.0},{"damage":31.0,"enemies":"3 Sentries","floor":6.0,"turns":6.0},{"damage":0.0,"enemies":"2 Louse","floor":11.0,"turns":2.0},{"damage":0.0,"enemies":"Lagavulin","floor":12.0,"turns":5.0},{"damage":4.0,"enemies":"Red Slaver","floor":14.0,"turns":4.0},{"damage":0.0,"enemies":"Exordium Wildlife","floor":15.0,"turns":2.0},{"damage":21.0,"enemies":"WA_ARCHETYPE_RETAIN","floor":16.0,"turns":7.0},{"damage":1.0,"enemies":"Shell Parasite","floor":19.0,"turns":6.0},{"damage":22.0,"enemies":"Masked Bandits","floor":20.0,"turns":4.0},{"damage":0.0,"enemies":"downfall:FleeingMerchant","floor":22.0,"turns":4.0},{"damage":19.0,"enemies":"Spheric Guardian","floor":25.0,"turns":5.0},{"damage":15.0,"enemies":"Slavers","floor":27.0,"turns":4.0},{"damage":7.0,"enemies":"downfall:LadyInBlue","floor":28.0,"turns":7.0},{"damage":0.0,"enemies":"Centurion and Healer","floor":29.0,"turns":3.0},{"damage":14.0,"enemies":"Snake Plant","floor":30.0,"turns":2.0},{"damage":19.0,"enemies":"Shelled Parasite and Fungi","floor":32.0,"turns":3.0},{"damage":50,"enemies":"IC_MUSHROOM_ARCHETYPE","floor":33,"turns":8},{"damage":3,"enemies":"3 Shapes","floor":36,"turns":6},{"damage":0,"enemies":"downfall:FleeingMerchant","floor":37,"turns":4},{"damage":32,"enemies":"downfall:FleeingMerchant","floor":38,"turns":7},{"damage":32,"enemies":"3 Darklings","floor":39,"turns":8},{"damage":23,"enemies":"Maw","floor":43,"turns":8},{"damage":43,"enemies":"Spire Growth","floor":44,"turns":4},{"damage":21,"enemies":"Giant Head","floor":45,"turns":7},{"damage":48,"enemies":"Nemesis","floor":47,"turns":3},{"damage":16,"enemies":"downfall:FleeingMerchant","floor":48,"turns":3},{"damage":0,"enemies":"Jaw Worm Horde","floor":49,"turns":1},{"damage":17,"enemies":"SI_POISON_ARCHETYPE","floor":50,"turns":8},{"damage":70,"enemies":"downfall:CharBossMerchant","floor":52,"turns":6},{"damage":24,"enemies":"downfall:NeowBoss","floor":55,"turns":16},{"damage":74,"enemies":"downfall:NeowBossFinal","floor":56,"turns":5}],"seed_played":"-3029452840350770814","potions_obtained":[{"floor":11.0,"key":"Fire Potion"},{"floor":12.0,"key":"SteroidPotion"},{"floor":15.0,"key":"bronze:BurnAndBuffPotion"},{"floor":20.0,"key":"FearPotion"},{"floor":25.0,"key":"Block Potion"},{"floor":28.0,"key":"bronze:BurnAndBuffPotion"},{"floor":28.0,"key":"Slimebound:ThreeZeroPotion"},{"floor":28.0,"key":"Strength Potion"},{"floor":28.0,"key":"ColorlessPotion"},{"floor":33,"key":"GamblersBrew"},{"floor":43,"key":"hexamod:SoulburnPotion"},{"floor":44,"key":"Slimebound:SlimedPotion"},{"floor":45,"key":"BlessingOfTheForge"},{"floor":52,"key":"Explosive Potion"}],"is_trial":false,"path_per_floor":["R","M","?","$","M","E","T","R","?","?","M","E","R","M","M","B",null,"R","M","?","?","$","R","T","M","R","E","?","M","M","?","M","B",null,"R","M","$","?","M","R","T","R","M","M","E","?","E","?","M","B",null,"E","$","R","B","B"],"character_chosen":"SLIMEBOUND","items_purchased":["Strange Spoon","SmokeBomb","Guardian:PocketSentry"],"campfire_rested":5,"item_purchase_floors":[48,48,53],"current_hp_per_floor":[65,65,65,65,65,42,42,74,74,74,75,75,75,71,75,68,75,75,75,62,46,55,75,75,59,75,67,74,75,61,61,48,25,75,75,75,75,55,44,66,66,66,58,24,33,84,39,35,35,51,84,29,29,54,63,0,0,0],"gold":43,"neow_bonus":"THREE_ENEMY_KILL","is_daily":false,"chose_seed":false,"campfire_upgraded":4,"win_rate":0.0,"timestamp":1614236886,"path_taken":["R","M","?","$","?","E","T","R","?","?","?","E","R","M","M","BOSS","R","M","?","?","$","R","T","M","R","E","?","?","M","?","M","BOSS","R","M","$","?","M","R","T","R","M","M","E","?","E","?","M","BOSS","E","$","R","BOSS","BOSS"],"items_purchased_type":["Relic","Potion","Relic"],"build_version":"2020-12-22","purchased_purges":2,"victory":false,"max_hp_per_floor":[65,65,65,65,65,65,65,75,75,75,75,75,75,75,75,75,75,75,75,75,75,75,75,75,75,75,75,75,75,75,75,75,75,75,75,75,75,75,75,75,75,75,75,75,75,84,84,84,84,84,84,84,84,84,84,84,84,84],"card_choices":[{"not_picked":["Slimebound:LivingWall","Slimebound:SamplingLick"],"picked":"Slimebound:RollThrough","floor":2.0},{"not_picked":["Slimebound:GoopTackle","Slimebound:BestDefense"],"picked":"Slimebound:GoopSpray","floor":4.0},{"not_picked":["Slimebound:HungryTackle","Slimebound:SplitLeeching"],"picked":"Slimebound:Repurpose","floor":5.0},{"not_picked":["Slimebound:GoopSpray","Slimebound:Schlurp"],"picked":"Slimebound:LivingWall","floor":6.0},{"not_picked":["Slimebound:SplitLeeching","Slimebound:LeadByExample"],"picked":"Slimebound:Equalize","floor":11.0},{"not_picked":["Slimebound:Grow","Slimebound:DouseInSlime"],"picked":"Slimebound:LevelUp","floor":12.0},{"not_picked":["Slimebound:RollThrough","Slimebound:HauntingLick"],"picked":"Slimebound:FinishingTackle","floor":14.0},{"not_picked":["Slimebound:SplitLeeching","Slimebound:Prepare"],"picked":"Slimebound:SpikyOuterGoop","floor":15.0},{"not_picked":["Slimebound:RallyTheTroops","Slimebound:TagTeam"],"picked":"Slimebound:OneTwoCombo","floor":16.0},{"not_picked":["Slimebound:SlimeBarrage+1","Slimebound:ServeAndProtect"],"picked":"Slimebound:PressTheAttack+1","floor":19.0},{"not_picked":["Slimebound:ForwardTackle","Slimebound:ComboTackle"],"picked":"Slimebound:RainOfGoop","floor":20.0},{"not_picked":["Slimebound:BestDefense","Slimebound:SlimeTap+1"],"picked":"Slimebound:AcidTongue","floor":22.0},{"not_picked":["Slimebound:BestDefense+1","Slimebound:SpikyOuterGoop"],"picked":"Slimebound:SplitMire+1","floor":25.0},{"not_picked":["Slimebound:GoopTackle","Slimebound:TongueLash"],"picked":"Slimebound:MassRepurpose","floor":27.0},{"not_picked":["Slimebound:GoopTackle","Slimebound:PressTheAttack"],"picked":"Slimebound:LeechEnergy","floor":28.0},{"not_picked":["Slimebound:GoopTackle","Slimebound:Equalize"],"picked":"Slimebound:FlameTackle+1","floor":29.0},{"not_picked":["Slimebound:Gluttony","Slimebound:SplitMire","Slimebound:PressTheAttack+1"],"picked":"SKIP","floor":30.0},{"not_picked":["Slimebound:SplitMire","Slimebound:SplitBruiser"],"picked":"Slimebound:ServeAndProtect","floor":32.0},{"not_picked":["Slimebound:DouseInSlime","Slimebound:PrepareCrush"],"picked":"Slimebound:Recycling","floor":33},{"not_picked":["Slimebound:PressTheAttack+1","Slimebound:BestDefense"],"picked":"Slimebound:Nibble","floor":36},{"not_picked":["Slimebound:GoopTackle+1","Slimebound:PressTheAttack"],"picked":"Slimebound:Grow+1","floor":37},{"not_picked":["Slimebound:SlimeTap+1","Slimebound:SplitAcid"],"picked":"Slimebound:GrowthPunch","floor":38},{"not_picked":["Slimebound:FinishingTackle+1","Slimebound:ItLooksTasty+1","Slimebound:ComboTackle"],"picked":"SKIP","floor":39},{"not_picked":["Slimebound:PressTheAttack","Slimebound:HauntingLick+1"],"picked":"Slimebound:SlimeSpikes+1","floor":43},{"not_picked":["Slimebound:Gluttony+1","Slimebound:GrowthPunch"],"picked":"Slimebound:SplitSpecialist","floor":44},{"not_picked":["Slimebound:MegaLick","Slimebound:FormOfPuddle"],"picked":"Slimebound:LeechEnergy+1","floor":45},{"not_picked":["Slimebound:Gluttony+1","Slimebound:GoopTackle"],"picked":"Slimebound:TagTeam","floor":47},{"not_picked":["Slimebound:LivingWall+1","Slimebound:SplitAcid"],"picked":"Slimebound:Repurpose+1","floor":48},{"not_picked":["Slimebound:SplitAcid+1","Slimebound:SlimeSpikes"],"picked":"Slimebound:DouseInSlime","floor":52}],"player_experience":1063041,"relics_obtained":[{"floor":6.0,"key":"Akabeko"},{"floor":12.0,"key":"Thread and Needle"},{"floor":20.0,"key":"Red Mask"},{"floor":21.0,"key":"Necronomicon"},{"floor":24.0,"key":"Art of War"},{"floor":27.0,"key":"PreservedInsect"},{"floor":28.0,"key":"Potion Belt"},{"floor":38,"key":"Guardian:GemstoneGun"},{"floor":41,"key":"CeramicFish"},{"floor":45,"key":"Centennial Puzzle"},{"floor":45,"key":"Pen Nib"},{"floor":47,"key":"Darkstone Periapt"},{"floor":47,"key":"hexamod:CandleOfCauterizing"},{"floor":52,"key":"bronze:BronzeIdol"},{"floor":52,"key":"Happy Flower"}],"event_choices":[{"cards_removed":["Slimebound:Strike_Slimebound"],"damage_healed":0.0,"max_hp_gain":0.0,"max_hp_loss":0.0,"gold_gain":0.0,"event_name":"Bonfire Elementals","player_choice":"Offered Basic","floor":10.0,"gold_loss":0.0,"damage_taken":0.0},{"damage_healed":0.0,"max_hp_gain":0.0,"max_hp_loss":0.0,"gold_gain":0.0,"event_name":"Masked Bandits","player_choice":"Fought Bandits","floor":20.0,"gold_loss":0.0,"damage_taken":0.0}],"is_beta":false,"boss_relics":[{"not_picked":["Velvet Choker","SacredBark"],"picked":"Slimebound:AbsorbEndCombatUpgraded"},{"not_picked":["bronze:MakeshiftBattery","Sozu"],"picked":"Black Star"}],"items_purged_floors":[37,48],"is_endless":false,"potions_floor_spawned":[11,12,15,20,25,28,33,43,44,45,52],"killed_by":"downfall:NeowBossFinal","ascension_level":3}}