{"host":"ormi09wwzv7sq47a","time":1614258582,"event":{"mods":["2.2 Compatiblity","AchievementEnabler","Act Like it!","BaseMod","Bestiary","Better Altar","Better Note","Better Sensory Stone","Better Silent Start","Better Skull","Better Third Choice","Better Vampires","BetterRewards","Block Reminder","Card Forge","Colored Map","Colored Powertips","Curses Come First","Downfall","Highlight Path","Minty Spire (QoL Compilation)","Permanent Neow","Quick Restart","Rare Cards Sparkle","Relic Stats","Shop Mod","StSLib","The Jungle"],"gold_per_floor":[111,36,36,11,30,30,64,64,64,74,74,109,109,126,126,203,203,214,214,139,52,52,52,86,86,113,113,113,0,27,27,27,99,99,119,137,137,154,166,166,213,213,237,33,33,61,79,94,94,94,94,94,94,6,36,36,36],"floor_reached":56,"language":"ENG","playtime":3861,"items_purged":["Strike_B","Strike_B"],"score":1984,"play_id":"5abb11d0-2e66-485b-a790-5fb150ca888d","local_time":"20210225100942","is_ascension_mode":true,"campfire_choices":[{"data":"Streamline","floor":6.0,"key":"SMITH"},{"floor":8.0,"key":"REST"},{"data":"Zap","floor":13.0,"key":"SMITH"},{"data":"Machine Learning","floor":15.0,"key":"SMITH"},{"data":"Dualcast","floor":23.0,"key":"SMITH"},{"data":"Echo Form","floor":25.0,"key":"SMITH"},{"data":"Defragment","floor":28.0,"key":"SMITH"},{"data":"Go for the Eyes","floor":32.0,"key":"SMITH"},{"data":"Scrape","floor":40.0,"key":"SMITH"},{"data":"Buffer","floor":42.0,"key":"SMITH"},{"data":"Beam Cell","floor":45.0,"key":"SMITH"},{"floor":49.0,"key":"RECALL"},{"data":"Impatience","floor":53,"key":"SMITH"}],"circlet_count":0,"master_deck":["AscendersBane","Strike_B","Defend_B","Defend_B","Defend_B","Zap+1","Dualcast+1","Steam","Streamline+1","Go for the Eyes+1","Reboot","Impatience+1","Self Repair","Cold Snap","Undo","Scrape+1","Hologram","Defragment+1","Machine Learning+1","Echo Form+1","Ball Lightning","Doom and Gloom","Beam Cell+1","All For One","Go for the Eyes+1","Gash","Coolheaded+1","Hologram+1","Buffer+1","Capacitor","Stack+1","Gash+1","Glacier","Conserve Battery","Redo+1"],"relics":["Cracked Core","Hammer of Thor","Seething Fire","Anvil of the Gods","Pear","Du-Vu Doll","Bag of Preparation","Gambling Chip","CaptainsWheel","Bottled Lightning","Dream Catcher","Nuclear Battery","Blood Vial","HornCleat","Nilry\u0027s Codex","Cables","Coffee Dripper","champ:DuelingGlove","PreservedInsect","Akabeko","Happy Flower","hexamod:BolsterEngine"],"acts_visited":["Exordium","TheCity","TheBeyond","TheEnding"],"potions_floor_usage":[],"damage_taken":[{"damage":0.0,"enemies":"2 Louse","floor":1.0,"turns":2.0},{"damage":0.0,"enemies":"Jaw Worm","floor":5.0,"turns":3.0},{"damage":16.0,"enemies":"Gremlin Nob","floor":7.0,"turns":4.0},{"damage":0.0,"enemies":"Small Slimes","floor":10.0,"turns":4.0},{"damage":1.0,"enemies":"Lagavulin","floor":12.0,"turns":6.0},{"damage":0.0,"enemies":"Looter","floor":14.0,"turns":2.0},{"damage":2.0,"enemies":"The Guardian","floor":16.0,"turns":9.0},{"damage":9.0,"enemies":"Shell Parasite","floor":18.0,"turns":6.0},{"damage":12.0,"enemies":"Gremlin Leader","floor":24.0,"turns":6.0},{"damage":0.0,"enemies":"Book of Stabbing","floor":30.0,"turns":4.0},{"damage":21.0,"enemies":"Automaton","floor":33.0,"turns":9.0},{"damage":0.0,"enemies":"3 Shapes","floor":35.0,"turns":4.0},{"damage":2.0,"enemies":"Orb Walker","floor":36.0,"turns":3.0},{"damage":18.0,"enemies":"4 Shapes","floor":38.0,"turns":5.0},{"damage":0.0,"enemies":"Spire Growth","floor":39.0,"turns":4.0},{"damage":16.0,"enemies":"2 Orb Walkers","floor":41.0,"turns":3.0},{"damage":0.0,"enemies":"Giant Head","floor":46.0,"turns":6.0},{"damage":0.0,"enemies":"3 Darklings","floor":47.0,"turns":4.0},{"damage":0.0,"enemies":"Transient","floor":48.0,"turns":6.0},{"damage":72.0,"enemies":"Awakened One","floor":50.0,"turns":12.0},{"damage":15,"enemies":"Donu and Deca","floor":51,"turns":8},{"damage":1,"enemies":"Shield and Spear","floor":55,"turns":8},{"damage":141,"enemies":"The Heart","floor":56,"turns":9}],"seed_played":"-652829527459473645","potions_obtained":[{"floor":1.0,"key":"FocusPotion"},{"floor":10.0,"key":"sneckomod:MuddlingPotion"},{"floor":16.0,"key":"Strength Potion"},{"floor":30.0,"key":"Fruit Juice"},{"floor":38.0,"key":"EssenceOfDarkness"},{"floor":41.0,"key":"ColorlessPotion"},{"floor":47.0,"key":"FairyPotion"},{"floor":48.0,"key":"EntropicBrew"}],"is_trial":false,"path_per_floor":["M","?","?","$","M","R","E","R","T","M","?","E","R","M","R","B",null,"M","?","?","$","?","R","E","R","T","?","R","$","E","?","R","B",null,"M","M","?","M","M","R","?","R","T","$","R","E","M","M","R","B","B",null,"R","$","E","B"],"character_chosen":"DEFECT","items_purchased":["Pear","Steam","Streamline","Bag of Preparation","Go for the Eyes","Reboot","Impatience","Self Repair","Cold Snap","Conserve Battery","Doom and Gloom","Fruit Juice","Akabeko","Capacitor","Glacier","Conserve Battery"],"campfire_rested":1,"item_purchase_floors":[0,0,0,0,0,0,0,0,0,4,21,29,44,44,54,54],"current_hp_per_floor":[32,32,32,32,39,39,23,47,47,54,59,65,65,72,72,77,84,82,82,82,82,55,55,52,52,52,31,31,36,50,50,50,45,83,85,92,92,90,96,96,80,80,80,80,80,89,91,93,93,30,24,78,78,78,86,0,0],"gold":36,"neow_bonus":"","is_daily":false,"chose_seed":false,"campfire_upgraded":11,"win_rate":0.0,"timestamp":1614258582,"path_taken":["M","?","?","$","?","R","E","R","T","M","?","E","R","M","R","BOSS","M","?","?","$","?","R","E","R","T","?","R","$","E","?","R","BOSS","M","M","?","M","M","R","?","R","T","$","R","E","M","M","R","BOSS","BOSS","R","$","E","BOSS"],"items_purchased_type":["Relic","Card","Card","Relic","Card","Card","Card","Card","Card","Card","Card","Potion","Relic","Card","Card","Card"],"build_version":"2020-12-22","purchased_purges":2,"victory":false,"max_hp_per_floor":[81,81,81,81,81,81,81,81,81,81,86,86,86,86,86,86,86,86,86,86,86,86,86,86,86,86,86,86,91,96,96,96,96,96,96,96,96,96,96,96,96,96,96,96,96,96,96,96,96,96,96,96,96,96,96,96,96],"relic_stats":{"Blood Vial":28,"Dream Catcher":0,"Happy Flower":[23],"counters":[71,316],"Gambling Chip":[14],"PreservedInsect":240,"Bag of Preparation":[46],"obtain_stats":[{"champ:DuelingGlove":41,"Calipers":0,"Nilry\u0027s Codex":27,"Vajra":0,"Hammer of Thor":0,"Whetstone":14,"Boot":23,"Blood Vial":22,"Centennial Puzzle":22,"HornCleat":11,"Strawberry":55,"HandDrill":0,"Kunai":26,"Pear":0,"Happy Flower":48,"Blue Candle":43,"Oddly Smooth Stone":0,"Letter Opener":24,"Akabeko":44,"Cables":9,"Du-Vu Doll":0,"Anvil of the Gods":0,"Slimebound:PreparedRelic":41,"Symbiotic Virus":0,"Lantern":26,"expansioncontent:StudyCardRelic":17,"Juzu Bracelet":26,"Bag of Preparation":0,"Ancient Tea Set":12,"ClockworkSouvenir":13,"Dream Catcher":12,"Matryoshka":14,"Slimebound:StickyStick":31,"Mummified Hand":0,"Gambling Chip":0,"Red Mask":25,"Cracked Core":0,"hexamod:CandleOfCauterizing":10,"Inserter":34,"Golden Idol":2,"Thread and Needle":0,"The Courier":3,"PreservedInsect":43,"Seething Fire":0,"Frozen Egg 2":9,"Nuclear Battery":17,"Strange Spoon":29,"CaptainsWheel":7,"Turnip":0,"Coffee Dripper":17,"Bottled Lightning":9,"hexamod:BolsterEngine":55,"TungstenRod":0,"Toy Ornithopter":28},{"champ:DuelingGlove":64,"Calipers":24,"Nilry\u0027s Codex":57,"Vajra":5,"Hammer of Thor":0,"Whetstone":11,"Boot":16,"Blood Vial":56,"Centennial Puzzle":34,"HornCleat":10,"Strawberry":47,"HandDrill":5,"Kunai":35,"Pear":48,"Happy Flower":44,"Blue Candle":41,"Oddly Smooth Stone":5,"Letter Opener":35,"Akabeko":64,"Cables":28,"Du-Vu Doll":48,"Anvil of the Gods":0,"Slimebound:PreparedRelic":40,"Symbiotic Virus":24,"Lantern":18,"expansioncontent:StudyCardRelic":12,"Juzu Bracelet":35,"Bag of Preparation":48,"Ancient Tea Set":30,"ClockworkSouvenir":10,"Dream Catcher":53,"Matryoshka":31,"Slimebound:StickyStick":21,"Mummified Hand":22,"Gambling Chip":0,"Red Mask":18,"Cracked Core":0,"hexamod:CandleOfCauterizing":9,"Inserter":38,"Golden Idol":23,"Thread and Needle":5,"The Courier":6,"PreservedInsect":64,"Seething Fire":0,"Frozen Egg 2":9,"Nuclear Battery":55,"Strange Spoon":36,"CaptainsWheel":51,"Turnip":0,"Coffee Dripper":32,"Bottled Lightning":51,"hexamod:BolsterEngine":70,"TungstenRod":22,"Toy Ornithopter":36},{"champ:DuelingGlove":263,"Calipers":85,"Nilry\u0027s Codex":231,"Vajra":14,"Hammer of Thor":0,"Whetstone":32,"Boot":54,"Blood Vial":225,"Centennial Puzzle":118,"HornCleat":29,"Strawberry":187,"HandDrill":14,"Kunai":122,"Pear":189,"Happy Flower":164,"Blue Candle":151,"Oddly Smooth Stone":14,"Letter Opener":122,"Akabeko":263,"Cables":95,"Du-Vu Doll":189,"Anvil of the Gods":0,"Slimebound:PreparedRelic":149,"Symbiotic Virus":85,"Lantern":61,"expansioncontent:StudyCardRelic":39,"Juzu Bracelet":122,"Bag of Preparation":189,"Ancient Tea Set":102,"ClockworkSouvenir":29,"Dream Catcher":208,"Matryoshka":105,"Slimebound:StickyStick":72,"Mummified Hand":80,"Gambling Chip":0,"Red Mask":61,"Cracked Core":0,"hexamod:CandleOfCauterizing":24,"Inserter":142,"Golden Idol":84,"Thread and Needle":14,"The Courier":17,"PreservedInsect":263,"Seething Fire":0,"Frozen Egg 2":24,"Nuclear Battery":219,"Strange Spoon":129,"CaptainsWheel":198,"Turnip":0,"Coffee Dripper":113,"Bottled Lightning":198,"hexamod:BolsterEngine":307,"TungstenRod":80,"Toy Ornithopter":129}],"Cables":[150,76,37,24,13]},"card_choices":[{"not_picked":["Go for the Eyes","Ball Lightning","Barrage"],"picked":"SKIP","floor":1.0},{"not_picked":["Defragment","Stack"],"picked":"Undo","floor":5.0},{"not_picked":["Coolheaded","Leap"],"picked":"Scrape","floor":7.0},{"not_picked":["Rebound","Double Energy"],"picked":"Hologram","floor":10.0},{"not_picked":["Turbo","White Noise"],"picked":"Defragment","floor":12.0},{"not_picked":["Cold Snap","Stack"],"picked":"Machine Learning","floor":14.0},{"not_picked":["Machine Learning","Biased Cognition"],"picked":"Echo Form","floor":16.0},{"not_picked":["Double Energy","Stack"],"picked":"Ball Lightning","floor":18.0},{"not_picked":["Undo","Stack"],"picked":"Beam Cell","floor":24.0},{"not_picked":["Echo Form","Redo","Cold Snap"],"picked":"SKIP","floor":30.0},{"not_picked":["Meteor Strike","Core Surge"],"picked":"All For One","floor":33.0},{"not_picked":["Sweeping Beam","Recycle"],"picked":"Go for the Eyes+1","floor":35.0},{"not_picked":["Ball Lightning","Lockon"],"picked":"Gash","floor":36.0},{"not_picked":["Ball Lightning","Steam Power"],"picked":"Coolheaded+1","floor":38.0},{"not_picked":["Hello World","Ball Lightning"],"picked":"Hologram+1","floor":39.0},{"not_picked":["Redo","Rebound+1"],"picked":"Buffer","floor":41.0},{"not_picked":["Reprogram","Steam"],"picked":"Stack+1","floor":46.0},{"not_picked":["Leap","Scrape","Turbo"],"picked":"SKIP","floor":47.0},{"not_picked":["Go for the Eyes","Heatsinks"],"picked":"Gash+1","floor":48.0},{"not_picked":["Barrage","Storm"],"picked":"Redo+1","floor":55}],"player_experience":1162485,"relics_obtained":[{"floor":7.0,"key":"CaptainsWheel"},{"floor":9.0,"key":"Bottled Lightning"},{"floor":12.0,"key":"Dream Catcher"},{"floor":24.0,"key":"HornCleat"},{"floor":27.0,"key":"Nilry\u0027s Codex"},{"floor":30.0,"key":"Cables"},{"floor":41.0,"key":"champ:DuelingGlove"},{"floor":43.0,"key":"PreservedInsect"},{"floor":46.0,"key":"Happy Flower"},{"floor":55,"key":"hexamod:BolsterEngine"}],"event_choices":[{"cards_removed":["Strike_B"],"damage_healed":0.0,"max_hp_gain":0.0,"max_hp_loss":0.0,"gold_gain":0.0,"event_name":"The Cleric","player_choice":"Card Removal","floor":2.0,"gold_loss":75.0,"damage_taken":0.0},{"damage_healed":0.0,"max_hp_gain":0.0,"max_hp_loss":0.0,"gold_gain":0.0,"event_name":"betterThird:BetterScrap","player_choice":"LEAVE","floor":3.0,"gold_loss":0.0,"damage_taken":0.0,"cards_obtained":["Noxious Fumes"]},{"damage_healed":0.0,"max_hp_gain":5.0,"max_hp_loss":0.0,"gold_gain":0.0,"event_name":"Big Fish","player_choice":"Donut","floor":11.0,"gold_loss":0.0,"damage_taken":0.0},{"damage_healed":0.0,"max_hp_gain":0.0,"max_hp_loss":0.0,"gold_gain":0.0,"event_name":"Ghosts","player_choice":"Ignored","floor":19.0,"gold_loss":0.0,"damage_taken":0.0},{"cards_removed":["Defend_B"],"damage_healed":0.0,"max_hp_gain":0.0,"max_hp_loss":0.0,"gold_gain":0.0,"event_name":"Beggar","player_choice":"Gave Gold","floor":20.0,"gold_loss":75.0,"damage_taken":0.0},{"damage_healed":0.0,"max_hp_gain":82.0,"max_hp_loss":55.0,"gold_gain":0.0,"event_name":"betterAltar:BetterAltar","player_choice":" Vial ","floor":22.0,"potions_obtained":[],"relics_lost":[],"gold_loss":0.0,"damage_taken":27.0,"relics_obtained":["Blood Vial"]},{"damage_healed":0.0,"max_hp_gain":0.0,"max_hp_loss":0.0,"gold_gain":0.0,"event_name":"Cursed Tome","player_choice":"Obtained Book","floor":27.0,"gold_loss":0.0,"damage_taken":21.0},{"damage_healed":0.0,"max_hp_gain":0.0,"max_hp_loss":0.0,"gold_gain":0.0,"event_name":"betterThird:BetterWriting","player_choice":"Adaptability","floor":31.0,"gold_loss":0.0,"damage_taken":0.0},{"cards_removed":["Conserve Battery"],"damage_healed":0.0,"max_hp_gain":0.0,"max_hp_loss":0.0,"gold_gain":0.0,"event_name":"Falling","player_choice":"Removed Skill","floor":37.0,"gold_loss":0.0,"damage_taken":0.0},{"damage_healed":0.0,"max_hp_gain":0.0,"max_hp_loss":0.0,"gold_gain":0.0,"event_name":"Mysterious Sphere","player_choice":"Fight","floor":41.0,"gold_loss":0.0,"damage_taken":0.0}],"is_beta":false,"boss_relics":[{"not_picked":["FrozenCore","Calling Bell"],"picked":"Nuclear Battery"},{"not_picked":["bronze:MakeshiftBattery","Pandora\u0027s Box"],"picked":"Coffee Dripper"}],"items_purged_floors":[0,0],"is_endless":false,"potions_floor_spawned":[1,10,16,30,38,41,47,48],"killed_by":"The Heart","ascension_level":20}}