{"host":"1bzbl1adcbkdzqlf","time":1614224932,"event":{"mods":["BaseMod","Minty Spire (QoL Compilation)","Slay the Relics Exporter"],"gold_per_floor":[112,130,130,146,221,231,266,283,283,302,313,36,36,70,70,141,141,159,177,92,92,120,120,150,150,150],"floor_reached":25,"language":"ENG","playtime":1574,"items_purged":["Strike_R"],"score":466,"play_id":"27920452-d19d-4a51-aa99-f534bc6471a8","local_time":"20210224214852","is_ascension_mode":true,"campfire_choices":[{"data":"Armaments","floor":13,"key":"SMITH"},{"data":"Flame Barrier","floor":15,"key":"SMITH"},{"floor":23,"key":"REST"}],"circlet_count":0,"master_deck":["AscendersBane","Strike_R","Strike_R","Defend_R","Defend_R","Defend_R","Bash","Sword Boomerang","Flame Barrier+1","Anger","Spot Weakness","Fire Breathing","Flex","Battle Trance","Armaments+1","Iron Wave","Twin Strike","Immolate","Sword Boomerang","Bloodletting+1","Sentinel+1"],"relics":["Burning Blood","Toy Ornithopter","Blood Vial","Medical Kit","Pen Nib","Black Star","The Courier","Enchiridion","Red Mask","Orichalcum","Toxic Egg 2"],"acts_visited":["Exordium","TheCity"],"potions_floor_usage":[6,8,14,16,22,22,24],"damage_taken":[{"damage":15,"enemies":"Small Slimes","floor":1,"turns":3},{"damage":11,"enemies":"Jaw Worm","floor":2,"turns":4},{"damage":1,"enemies":"2 Louse","floor":4,"turns":2},{"damage":3,"enemies":"Large Slime","floor":6,"turns":6},{"damage":25,"enemies":"Lagavulin","floor":7,"turns":6},{"damage":1,"enemies":"2 Fungi Beasts","floor":8,"turns":3},{"damage":6,"enemies":"Looter","floor":10,"turns":4},{"damage":5,"enemies":"3 Louse","floor":11,"turns":3},{"damage":3,"enemies":"3 Sentries","floor":14,"turns":4},{"damage":21,"enemies":"Slime Boss","floor":16,"turns":6},{"damage":23,"enemies":"Shell Parasite","floor":18,"turns":5},{"damage":16,"enemies":"Spheric Guardian","floor":19,"turns":5},{"damage":9,"enemies":"Masked Bandits","floor":22,"turns":2},{"damage":32,"enemies":"Slavers","floor":24,"turns":4},{"damage":33,"enemies":"Cultist and Chosen","floor":25,"turns":4}],"seed_played":"-2388135282176334352","potions_obtained":[{"floor":1,"key":"Explosive Potion"},{"floor":4,"key":"AttackPotion"},{"floor":7,"key":"Energy Potion"},{"floor":14,"key":"Dexterity Potion"},{"floor":16,"key":"Strength Potion"},{"floor":18,"key":"SkillPotion"},{"floor":22,"key":"ElixirPotion"}],"is_trial":false,"path_per_floor":["M","M","?","M","?","M","E","M","T","M","M","$","R","E","R","B",null,"M","M","?","?","?","R","E","M"],"character_chosen":"IRONCLAD","items_purchased":["Medical Kit","Iron Wave"],"campfire_rested":1,"item_purchase_floors":[12,12],"current_hp_per_floor":[59,54,47,52,41,44,25,35,35,37,40,40,40,50,50,42,62,47,39,39,18,27,47,28,0,0],"gold":150,"neow_bonus":"REMOVE_TWO","is_daily":false,"chose_seed":false,"campfire_upgraded":2,"win_rate":0.0,"timestamp":1614224932,"path_taken":["M","M","?","M","?","M","E","M","T","M","M","?","R","E","R","BOSS","M","M","?","?","?","R","E","M"],"items_purchased_type":["Relic","Card"],"build_version":"2020-12-22","purchased_purges":1,"victory":false,"max_hp_per_floor":[68,68,68,68,68,68,68,68,68,68,68,68,68,68,68,68,68,68,68,68,68,68,68,68,68,68],"card_choices":[{"not_picked":["Blood for Blood","Spot Weakness"],"picked":"Sword Boomerang","floor":1},{"not_picked":["Warcry","Cleave"],"picked":"Flame Barrier","floor":2},{"not_picked":["Rupture","Rage"],"picked":"Anger","floor":4},{"not_picked":["Whirlwind","Searing Blow"],"picked":"Spot Weakness","floor":6},{"not_picked":["Rampage","Seeing Red"],"picked":"Fire Breathing","floor":7},{"not_picked":["Sentinel","Perfected Strike"],"picked":"Flex","floor":8},{"not_picked":["True Grit","Barricade"],"picked":"Battle Trance","floor":10},{"not_picked":["Wild Strike","Warcry"],"picked":"Armaments","floor":11},{"not_picked":["Heavy Blade","Rampage"],"picked":"Twin Strike","floor":14},{"not_picked":["Double Tap","Brutality"],"picked":"Immolate","floor":16},{"not_picked":["True Grit","Wild Strike","Warcry"],"picked":"SKIP","floor":18},{"not_picked":["Clash","Havoc"],"picked":"Sword Boomerang","floor":19},{"not_picked":["Twin Strike","Body Slam+1"],"picked":"Bloodletting+1","floor":22},{"not_picked":["Fiend Fire","Dark Embrace"],"picked":"Sentinel+1","floor":24}],"player_experience":542815,"relics_obtained":[{"floor":7,"key":"Toy Ornithopter"},{"floor":9,"key":"Blood Vial"},{"floor":14,"key":"Pen Nib"},{"floor":21,"key":"Enchiridion"},{"floor":22,"key":"Red Mask"},{"floor":24,"key":"Orichalcum"},{"floor":24,"key":"Toxic Egg 2"}],"event_choices":[{"cards_removed":["Strike_R"],"damage_healed":0,"gold_gain":0,"player_choice":"Card Removal","damage_taken":7,"max_hp_gain":0,"max_hp_loss":0,"event_name":"Golden Wing","floor":3,"gold_loss":0},{"damage_healed":0,"gold_gain":75,"player_choice":"Gather Gold","damage_taken":11,"max_hp_gain":0,"max_hp_loss":0,"event_name":"World of Goop","floor":5,"gold_loss":0},{"damage_healed":0,"gold_gain":0,"player_choice":"Obtained Relic","damage_taken":0,"relics_obtained":["The Courier"],"max_hp_gain":0,"max_hp_loss":0,"event_name":"Addict","floor":20,"gold_loss":85},{"damage_healed":0,"gold_gain":0,"player_choice":"Obtained Book","damage_taken":21,"max_hp_gain":0,"max_hp_loss":0,"event_name":"Cursed Tome","floor":21,"gold_loss":0},{"damage_healed":0,"gold_gain":0,"player_choice":"Fought Bandits","damage_taken":0,"max_hp_gain":0,"max_hp_loss":0,"event_name":"Masked Bandits","floor":22,"gold_loss":0}],"is_beta":false,"boss_relics":[{"not_picked":["Velvet Choker","Empty Cage"],"picked":"Black Star"}],"items_purged_floors":[12],"is_endless":false,"potions_floor_spawned":[1,4,7,14,16,18,22],"killed_by":"Cultist and Chosen","ascension_level":20}}