{"host":"qxlnb1uz9drfcwnc","time":1614293381,"event":{"mods":["100% Spire Juice","BaseMod","Bestiary","Curses Come First","Minty Spire (QoL Compilation)","StSLib","The Servant 0.9.4"],"gold_per_floor":[109,109,122,140,65,99,116,116,139,174,190,222,222,222,222,317,317,329,329,18,33,50,77,77,103,103,126,156,156,170,190,190,190,190],"floor_reached":33,"language":"ENG","playtime":1980,"items_purged":["Defend_B"],"score":535,"play_id":"e55bc04f-3025-47dc-8c96-7a06927335f1","local_time":"20210225144941","is_ascension_mode":true,"campfire_choices":[{"data":"Dualcast","floor":8.0,"key":"SMITH"},{"data":"Electrodynamics","floor":13.0,"key":"SMITH"},{"data":"Rip and Tear","floor":15.0,"key":"SMITH"},{"data":"Creative AI","floor":29.0,"key":"SMITH"},{"floor":32.0,"key":"RECALL"}],"circlet_count":0,"master_deck":["Strike_B","Strike_B","Strike_B","Strike_B","Defend_B","Defend_B","Defend_B","Zap+1","Dualcast+1","Auto Shields","Rip and Tear+1","Electrodynamics+1","Self Repair","Creative AI+1","Go for the Eyes+1","Ghostly","Ghostly","Ghostly","Ghostly","Ghostly","Beam Cell+1","Redo+1","Doom and Gloom+1","Doubt","Clumsy","Turbo+1"],"relics":["Cursed Key","Art of War","Nunchaku","Anchor","Mummified Hand","Runic Pyramid","Runic Capacitor","Pen Nib","Boot","MutagenicStrength","CaptainsWheel","Oddly Smooth Stone","Omamori"],"acts_visited":["Exordium","TheCity"],"potions_floor_usage":[33,33,33],"damage_taken":[{"damage":2.0,"enemies":"Jaw Worm","floor":1.0,"turns":4.0},{"damage":0.0,"enemies":"Cultist","floor":3.0,"turns":4.0},{"damage":2.0,"enemies":"Small Slimes","floor":4.0,"turns":3.0},{"damage":27.0,"enemies":"Gremlin Nob","floor":6.0,"turns":4.0},{"damage":0.0,"enemies":"3 Louse","floor":7.0,"turns":2.0},{"damage":32.0,"enemies":"3 Sentries","floor":10.0,"turns":3.0},{"damage":0.0,"enemies":"Blue Slaver","floor":11.0,"turns":2.0},{"damage":9.0,"enemies":"Gremlin Nob","floor":12.0,"turns":3.0},{"damage":21.0,"enemies":"Slime Boss","floor":16.0,"turns":6.0},{"damage":3.0,"enemies":"3 Byrds","floor":18.0,"turns":3.0},{"damage":2.0,"enemies":"Spheric Guardian","floor":21.0,"turns":4.0},{"damage":0.0,"enemies":"Snake Plant","floor":22.0,"turns":4.0},{"damage":18.0,"enemies":"Book of Stabbing","floor":23.0,"turns":6.0},{"damage":11.0,"enemies":"Gremlin Leader","floor":25.0,"turns":5.0},{"damage":3.0,"enemies":"Slavers","floor":28.0,"turns":4.0},{"damage":17.0,"enemies":"Shelled Parasite and Fungi","floor":30.0,"turns":6.0},{"damage":2.0,"enemies":"Chosen and Byrds","floor":31.0,"turns":6.0},{"damage":48,"enemies":"Automaton","floor":33,"turns":6}],"seed_played":"7347971395986656390","potions_obtained":[{"floor":6.0,"key":"SkillPotion"},{"floor":10.0,"key":"CultistPotion"},{"floor":11.0,"key":"Fire Potion"},{"floor":16.0,"key":"DistilledChaos"},{"floor":21.0,"key":"EssenceOfDarkness"},{"floor":22.0,"key":"Fire Potion"}],"is_trial":false,"path_per_floor":["M","?","M","M","$","E","M","R","T","E","M","E","R","?","R","B",null,"M","?","$","M","M","E","?","E","T","T","E","R","M","M","R","B"],"character_chosen":"DEFECT","items_purchased":["Runic Capacitor","Pen Nib"],"campfire_rested":0,"item_purchase_floors":[20,20],"current_hp_per_floor":[73,73,73,71,71,44,44,44,44,19,26,24,24,24,24,10,75,75,37,37,37,37,26,26,22,22,22,19,19,9,14,14,0,0],"gold":190,"neow_bonus":"BOSS_RELIC","is_daily":false,"chose_seed":false,"campfire_upgraded":4,"win_rate":0.0,"timestamp":1614293381,"path_taken":["M","?","M","?","$","E","M","R","T","E","M","E","R","?","R","BOSS","M","?","$","M","M","E","?","E","T","?","E","R","?","?","R","BOSS"],"items_purchased_type":["Relic","Relic"],"build_version":"2020-12-22","purchased_purges":1,"victory":false,"max_hp_per_floor":[75,75,75,75,75,75,75,75,75,75,75,75,75,75,75,75,75,75,37,37,37,37,37,37,37,37,37,37,37,37,37,37,37,37],"card_choices":[{"not_picked":["Compile Driver","Sweeping Beam"],"picked":"Auto Shields","floor":1.0},{"not_picked":["Steam","Go for the Eyes"],"picked":"Rip and Tear","floor":3.0},{"not_picked":["Storm","Undo"],"picked":"Electrodynamics","floor":4.0},{"not_picked":["Rebound","Reprogram"],"picked":"Self Repair","floor":6.0},{"not_picked":["Reprogram","Stack","Leap"],"picked":"SKIP","floor":7.0},{"not_picked":["Conserve Battery","Sweeping Beam","Blizzard"],"picked":"SKIP","floor":10.0},{"not_picked":["Beam Cell","Steam","Ball Lightning"],"picked":"SKIP","floor":11.0},{"not_picked":["Glacier","Rebound","Steam Power"],"picked":"SKIP","floor":12.0},{"not_picked":["Electrodynamics","Biased Cognition"],"picked":"Creative AI","floor":16.0},{"not_picked":["Scrape","Coolheaded"],"picked":"Go for the Eyes+1","floor":18.0},{"not_picked":["Sweeping Beam+1","Force Field"],"picked":"Beam Cell+1","floor":21.0},{"not_picked":["Stack","FTL+1"],"picked":"Redo+1","floor":22.0},{"not_picked":["Chaos","BootSequence"],"picked":"Doom and Gloom+1","floor":23.0},{"not_picked":["Skim","Capacitor","Self Repair"],"picked":"SKIP","floor":25.0},{"not_picked":["Turbo+1","Auto Shields","Reprogram"],"picked":"SKIP","floor":28.0},{"not_picked":["Undo","Force Field+1"],"picked":"Turbo+1","floor":30.0},{"not_picked":["Beam Cell","Undo","Coolheaded"],"picked":"SKIP","floor":31.0}],"player_experience":137850,"relics_obtained":[{"floor":6.0,"key":"Art of War"},{"floor":9.0,"key":"Nunchaku"},{"floor":10.0,"key":"Anchor"},{"floor":12.0,"key":"Mummified Hand"},{"floor":23.0,"key":"Boot"},{"floor":25.0,"key":"CaptainsWheel"},{"floor":27.0,"key":"Oddly Smooth Stone"},{"floor":28.0,"key":"Omamori"}],"event_choices":[{"damage_healed":0.0,"max_hp_gain":0.0,"max_hp_loss":0.0,"gold_gain":0.0,"event_name":"Upgrade Shrine","player_choice":"Upgraded","floor":2.0,"gold_loss":0.0,"damage_taken":0.0,"cards_upgraded":["Zap"]},{"cards_removed":["Decay"],"damage_healed":0.0,"max_hp_gain":0.0,"max_hp_loss":0.0,"gold_gain":0.0,"event_name":"Living Wall","player_choice":"Forget","floor":14.0,"gold_loss":0.0,"damage_taken":0.0},{"damage_healed":0.0,"max_hp_gain":0.0,"max_hp_loss":38.0,"gold_gain":0.0,"event_name":"Ghosts","player_choice":"Became a Ghost","floor":19.0,"gold_loss":0.0,"damage_taken":0.0,"cards_obtained":["Ghostly","Ghostly","Ghostly","Ghostly","Ghostly"]},{"damage_healed":0.0,"max_hp_gain":0.0,"max_hp_loss":0.0,"gold_gain":0.0,"event_name":"Drug Dealer","player_choice":"Inject Mutagens","floor":24.0,"gold_loss":0.0,"damage_taken":0.0,"relics_obtained":["MutagenicStrength"]}],"is_beta":false,"boss_relics":[{"not_picked":["Calling Bell","Snecko Eye"],"picked":"Runic Pyramid"}],"items_purged_floors":[5],"is_endless":false,"potions_floor_spawned":[6,10,11,16,21,22,25,28],"killed_by":"Automaton","ascension_level":4}}