{"host":"ijtyqc57s6c9mbij","time":1614215542,"event":{"mods":["BaseMod","Colored Map","Downfall","Minty Spire (QoL Compilation)","StSLib"],"gold_per_floor":[0,14,28,28,42,60,83,83,68,84,101,101,101,101],"floor_reached":12,"language":"ENG","playtime":615,"items_purged":[],"score":83,"play_id":"b3cbf94c-019d-4d49-87c6-90efcba95e52","local_time":"20210224171222","is_ascension_mode":true,"campfire_choices":[{"data":"bronze:Goto","floor":1,"key":"SMITH"}],"circlet_count":0,"master_deck":["bronze:Defend","bronze:Defend","bronze:Defend","bronze:Defend","bronze:Replicate","bronze:Goto+1","bronze:Philosophize","bronze:FineTuning","bronze:BuggyMess","bronze:Separator","downfall:Bewildered","bronze:Library","bronze:BronzeArmor","bronze:ClassDefault"],"relics":["bronze:BronzeCore","TungstenRod","bronze:SilverBullet"],"acts_visited":["Exordium"],"potions_floor_usage":[12],"damage_taken":[{"damage":0,"enemies":"Small Slimes","floor":2,"turns":3},{"damage":0,"enemies":"Cultist","floor":3,"turns":3},{"damage":6,"enemies":"Jaw Worm","floor":5,"turns":3},{"damage":13,"enemies":"Red Slaver","floor":6,"turns":7},{"damage":1,"enemies":"downfall:FleeingMerchant","floor":9,"turns":4},{"damage":0,"enemies":"Large Slime","floor":10,"turns":3},{"damage":21,"enemies":"Gremlin Gang","floor":11,"turns":4},{"damage":43,"enemies":"Gremlin Nob","floor":12,"turns":3}],"seed_played":"-7533582741232469252","potions_obtained":[{"floor":3,"key":"FearPotion"},{"floor":5,"key":"FearPotion"}],"is_trial":false,"path_per_floor":["R","M","M","?","M","M","T","?","$","M","M","E"],"character_chosen":"THE_AUTOMATON","items_purchased":[],"campfire_rested":0,"item_purchase_floors":[],"current_hp_per_floor":[70,70,70,70,64,51,51,51,50,50,29,0,0,0],"gold":101,"neow_bonus":"ONE_RARE_RELIC","is_daily":false,"chose_seed":false,"campfire_upgraded":1,"win_rate":0.0,"timestamp":1614215542,"path_taken":["R","M","M","?","?","M","T","?","$","?","M","E"],"items_purchased_type":[],"build_version":"2020-12-22","purchased_purges":0,"victory":false,"max_hp_per_floor":[70,70,70,70,70,70,70,70,70,70,70,70,70,70],"card_choices":[{"not_picked":["bronze:BuggyMess","bronze:GetLatest"],"picked":"bronze:Philosophize","floor":2},{"not_picked":["bronze:DelayedSlice","bronze:BugBarrage"],"picked":"bronze:FineTuning","floor":3},{"not_picked":["bronze:Fortify","bronze:CutThrough"],"picked":"bronze:BuggyMess","floor":5},{"not_picked":["bronze:Shield","bronze:CutThrough"],"picked":"bronze:Separator","floor":6},{"not_picked":["bronze:DigitalCarnage","bronze:Frontload"],"picked":"bronze:Library","floor":9},{"not_picked":["bronze:Shield","bronze:BugBarrage"],"picked":"bronze:BronzeArmor","floor":10},{"not_picked":["bronze:DelayedSlice","bronze:OilSpill"],"picked":"bronze:ClassDefault","floor":11}],"player_experience":1048286,"relics_obtained":[{"floor":7,"key":"bronze:SilverBullet"}],"event_choices":[{"cards_removed":["bronze:Strike"],"damage_healed":0,"gold_gain":0,"player_choice":"Offered Basic","damage_taken":0,"max_hp_gain":0,"max_hp_loss":0,"event_name":"Bonfire Elementals","floor":4,"gold_loss":0}],"is_beta":false,"boss_relics":[],"items_purged_floors":[],"is_endless":false,"potions_floor_spawned":[3,5],"killed_by":"Gremlin Nob","ascension_level":3}}