{"host":"clf2hd4adhiiw0zf","time":1614294689,"event":{"mods":["AchievementEnabler","Aspiration","BaseMod","Beaked The Cultist","Bestiary","Dark Map","Downfall","Gremlin Mod","Hermit","Hubris","Infinite Spire","Jorbs\u0027s Wanderer Trilogy","Marisa????????","Minty Spire (QoL Compilation)","Monster B Gone","Quick Restart","Reliquary","Replay The Spire","Shop Mod","Spire Arcade","StSLib","The Construct","The Cursed","The Disciple","The Marked","Wide Potions"],"gold_per_floor":[118,156,121,121,133,166,181,181,181,181,193,204,204,222,222,222,222,222],"floor_reached":16,"language":"ENG","playtime":878,"items_purged":[],"score":158,"play_id":"dede96c4-6422-43dc-becf-983cf6eb9526","local_time":"20210225161129","is_ascension_mode":true,"campfire_choices":[{"data":"Guardian:ChargeUp","floor":8,"key":"SMITH"},{"data":"Guardian:CrystalBeam","floor":10,"key":"SMITH"},{"data":"Guardian:WalkerClaw","floor":13,"key":"SMITH"},{"data":"Guardian:TwinSlam","floor":15,"key":"SMITH"}],"circlet_count":0,"master_deck":["AscendersBane","Guardian:Strike_Guardian","Guardian:Strike_Guardian","Guardian:Strike_Guardian","Guardian:Strike_Guardian","Guardian:Defend_Guardian","Guardian:Defend_Guardian","Guardian:Defend_Guardian","Guardian:Defend_Guardian+1","Guardian:CurlUp","Guardian:TwinSlam+1","Guardian:CrystalBeam+1","Guardian:BronzeArmor+1","Guardian:ChargeUp+1","Guardian:WalkerClaw+1","Guardian:PrismaticBarrier"],"relics":["Guardian:ModeShifter","aspiration:Nostalgia","PureWater","hexamod:Sixitude","War Paint","Replay:Kaleidoscope"],"acts_visited":["Exordium"],"potions_floor_usage":[16,16],"damage_taken":[{"damage":5,"enemies":"Cultist","floor":1,"turns":5},{"damage":2,"enemies":"Jaw Worm","floor":5,"turns":3},{"damage":30,"enemies":"3 Sentries","floor":6,"turns":11},{"damage":7,"enemies":"Small Slimes","floor":7,"turns":3},{"damage":3,"enemies":"Looter","floor":11,"turns":3},{"damage":9,"enemies":"Exordium Thugs","floor":12,"turns":3},{"damage":6,"enemies":"Blue Slaver","floor":14,"turns":4},{"damage":35,"enemies":"Slime Boss","floor":16,"turns":9}],"seed_played":"5672528519266180268","potions_obtained":[{"floor":6,"key":"champ:CounterPotion"},{"floor":7,"key":"SkillPotion"}],"is_trial":false,"path_per_floor":["M","?","?","?","M","E","M","R","T","R","M","M","R","M","R","B"],"character_chosen":"GUARDIAN","items_purchased":[],"campfire_rested":0,"item_purchase_floors":[],"current_hp_per_floor":[67,35,55,90,88,58,51,51,51,51,48,39,39,33,33,0,0,0],"gold":222,"neow_bonus":"NOSTALGIA","is_daily":false,"chose_seed":false,"campfire_upgraded":4,"win_rate":0.0,"timestamp":1614294689,"path_taken":["M","?","?","?","M","E","M","R","T","R","M","M","R","?","R","BOSS"],"items_purchased_type":[],"build_version":"2020-12-22","purchased_purges":0,"victory":false,"max_hp_per_floor":[80,80,80,90,90,90,90,90,90,90,90,90,90,90,90,90,90,90],"card_choices":[{"not_picked":["Guardian:Recover","Guardian:Gem_Lightblue"],"picked":"Guardian:CrystalBeam","floor":1},{"not_picked":["Guardian:PiercingHide","Guardian:ChargeCore"],"picked":"Guardian:SphericShield","floor":2},{"not_picked":["Guardian:Harden","Guardian:DecasProtection"],"picked":"Guardian:BronzeArmor","floor":5},{"not_picked":["Guardian:Gem_Cyan","Guardian:WalkerClaw"],"picked":"Guardian:Gem_Red","floor":6},{"not_picked":["Guardian:PrimingBeam","Guardian:Suspension"],"picked":"Guardian:ChargeUp","floor":7},{"not_picked":["Guardian:Incinerate","Guardian:PiercingHide"],"picked":"Guardian:Gem_Purple","floor":11},{"not_picked":["Guardian:Incinerate","Guardian:ChargeCore"],"picked":"Guardian:WalkerClaw","floor":12},{"not_picked":["Guardian:TemporalShield","Guardian:Recover"],"picked":"Guardian:PrismaticBarrier","floor":14}],"player_experience":413370,"relics_obtained":[{"floor":2,"key":"hexamod:Sixitude"},{"floor":6,"key":"War Paint"},{"floor":9,"key":"Replay:Kaleidoscope"}],"event_choices":[{"damage_healed":20,"gold_gain":0,"player_choice":"Healed","damage_taken":0,"max_hp_gain":0,"max_hp_loss":0,"event_name":"The Cleric","floor":3,"gold_loss":35},{"cards_removed":["Guardian:SphericShield"],"damage_healed":25,"gold_gain":0,"player_choice":"Offered Rare","damage_taken":0,"max_hp_gain":10,"max_hp_loss":0,"event_name":"Bonfire Elementals","floor":4,"gold_loss":0}],"is_beta":false,"boss_relics":[],"items_purged_floors":[],"is_endless":false,"potions_floor_spawned":[6,7,12],"killed_by":"Slime Boss","ascension_level":11}}