{"host":"jqa9y4qkalbx8qgz","time":1614240284,"event":{"mods":["Act Like it!","BaseMod","BetterRewards","Downfall","Gensokyo","Marisa????????","Minty Spire (QoL Compilation)","Permanent Neow","Relic Stats","Replay The Spire","StSLib","The Servant 0.9.4","Wandering Minibosses"],"gold_per_floor":[109,124,138,152,152,183,196,227,227,263,292,312,312,312,312,418,418,439,460,117,167,167,239,294,368,393,318,393,393,451,524,524,667,667,721,764,30,71,157,203,203,275,299,299,23,32,80,80,80,178,178,178,9,334,374],"floor_reached":56,"language":"ENG","playtime":6509,"items_purged":["Strike_S"],"score":1821,"play_id":"039f9b36-59b2-40c4-a967-5fcf628bb69f","local_time":"20210225110444","is_ascension_mode":true,"campfire_choices":[{"data":"Luminosity","floor":15.0,"key":"SMITH"},{"data":"MoonPhase","floor":29,"key":"SMITH"},{"data":"MoonPhase","floor":32,"key":"SMITH"},{"data":"Embodiment","floor":41,"key":"SMITH"},{"floor":49,"key":"RECALL"},{"data":"SoulSculpture","floor":52,"key":"SMITH"}],"circlet_count":0,"master_deck":["Defend_S","Defend_S","Defend_S","KidneyShot","Exchange","SoulSculpture+1","Defy","BestPractice","Collapse","Alleviate","Barrier","FastForward","Luminosity+1","MoonPhase+1","Hightail","Spin","MoonPhase+1","FlawlessForm+1","Replace","SpecialFormula","SoulSculpture+1","SpecialFormula+1","Manipulate","FastForward","BottledTime+1","GearUp","ShiftingGears","Revamp+1","Initiator","SpecialFormula+1","StarChef+1","Embodiment+1","ReplayTheSpireMod:Brewmster","Gensokyo:HouraiInAPot+1","Starlight+1","StarChef+1","KillingDoll","SpecialFormula+1","Manipulate","Sabotage+1"],"relics":["Uniform","Dream Catcher","Ancient Tea Set","CeramicFish","Pet Ghost","Honey Jar","DollysMirror","Replay:Bandana","Omamori","Meat on the Bone","Akabeko","Bottled Flame","The Courier","Black Star","Guide Book","Frozen Egg 2","ReplayTheSpireMod:TigerMarble","Happy Flower","Strawberry","Sundial","InkBottle","Gremlin Food","Toy Ornithopter","Gensokyo:EmptyGrave","Chemical X","Gensokyo:DualWield","Centennial Puzzle","Nunchaku","Replay:Rubber Ducky","Blood Vial"],"acts_visited":["Exordium","TheCity","TheCity","TheEnding"],"potions_floor_usage":[38,55,55,55,55,55,55,55,55,55,55,55,55,55],"damage_taken":[{"damage":0.0,"enemies":"Cultist","floor":1.0,"turns":3.0},{"damage":2.0,"enemies":"2 Louse","floor":2.0,"turns":4.0},{"damage":3.0,"enemies":"Small Slimes","floor":3.0,"turns":5.0},{"damage":1.0,"enemies":"2 Fungi Beasts","floor":4.0,"turns":6.0},{"damage":0.0,"enemies":"Lagavulin","floor":6.0,"turns":11.0},{"damage":0.0,"enemies":"Red Slaver","floor":7.0,"turns":6.0},{"damage":13.0,"enemies":"Gremlin Nob","floor":8.0,"turns":5.0},{"damage":0.0,"enemies":"Lagavulin","floor":10.0,"turns":8.0},{"damage":0.0,"enemies":"Exordium Thugs","floor":11.0,"turns":6.0},{"damage":0.0,"enemies":"Looter","floor":12.0,"turns":4.0},{"damage":0.0,"enemies":"The Guardian","floor":16.0,"turns":32.0},{"damage":0.0,"enemies":"Spheric Guardian","floor":18.0,"turns":7.0},{"damage":0.0,"enemies":"3 Byrds","floor":19.0,"turns":4.0},{"damage":0.0,"enemies":"Snecko","floor":21.0,"turns":4.0},{"damage":6.0,"enemies":"Slavers","floor":23.0,"turns":4.0},{"damage":0.0,"enemies":"Shelled Parasite and Fungi","floor":24.0,"turns":6.0},{"damage":0,"enemies":"Replay:Snechameleon","floor":25,"turns":7},{"damage":0,"enemies":"Gremlin Leader","floor":28,"turns":4},{"damage":0,"enemies":"Sentry and Sphere","floor":30,"turns":1},{"damage":0,"enemies":"Replay:Snechameleon","floor":31,"turns":5},{"damage":0,"enemies":"Automaton","floor":33,"turns":8},{"damage":0,"enemies":"Gensokyo:3_Boulders","floor":35,"turns":5},{"damage":0,"enemies":"Gensokyo:AncientGuardian","floor":36,"turns":8},{"damage":2,"enemies":"Gensokyo:AncientGuardian","floor":38,"turns":5},{"damage":0,"enemies":"Gensokyo:Marisa","floor":40,"turns":7},{"damage":0,"enemies":"Gensokyo:Doremy","floor":42,"turns":6},{"damage":0,"enemies":"Gensokyo:Rafflesia","floor":47,"turns":7},{"damage":4,"enemies":"Gensokyo:Yuyuko","floor":50,"turns":7},{"damage":1,"enemies":"Shield and Spear","floor":54,"turns":6},{"damage":0,"enemies":"The Heart","floor":55,"turns":8}],"seed_played":"8724578126291564734","potions_obtained":[{"floor":3.0,"key":"Languid Potion"},{"floor":4.0,"key":"SteroidPotion"},{"floor":8.0,"key":"Languid Potion"},{"floor":10.0,"key":"Guardian:BlockOnCardUsePotion"},{"floor":18.0,"key":"Adrenaline Potion"},{"floor":21.0,"key":"bronze:BurnAndBuffPotion"},{"floor":24,"key":"SpeedPotion"},{"floor":33,"key":"Weak Potion"},{"floor":35,"key":"Swift Potion"},{"floor":36,"key":"Milkshake"},{"floor":39,"key":"EntropicBrew"}],"is_trial":false,"path_per_floor":["M","M","M","M","?","E","M","E","T","E","M","M","?","?","R","B",null,"M","M","$","M","T","E","M","E","T","?","E","R","M","E","R","B",null,"M","M","$","?","?","E","R","E","T","?","COS","?","M","?","R","B",null,"R","$","E","B",null],"character_chosen":"THE_SERVANT","items_purchased":["SpecialFormula","DollysMirror","Replay:Bandana","Embodiment","Guide Book","ReplayTheSpireMod:Brewmster","Frozen Egg 2","ReplayTheSpireMod:TigerMarble","Nunchaku","Manipulate"],"campfire_rested":0,"item_purchase_floors":[20,20,20,37,37,37,37,37,53,53],"current_hp_per_floor":[47,45,42,41,41,41,41,28,28,28,28,28,33,33,33,33,70,70,70,70,70,70,70,70,70,70,70,70,70,70,70,70,70,70,70,70,70,70,53,77,77,77,77,71,71,71,71,71,71,71,71,71,71,71,71],"gold":374,"neow_bonus":"THREE_RARE_CARDS","is_daily":false,"chose_seed":false,"campfire_upgraded":5,"win_rate":0.0,"timestamp":1614240284,"path_taken":["M","?","M","M","?","E","M","E","T","E","?","M","?","?","R","BOSS","M","M","$","M","?","E","M","E","T","?","E","R","M","E","R","BOSS","M","M","$","?","?","E","R","E","T","?","COS","?","M","?","R","BOSS","R","$","E","BOSS"],"items_purchased_type":["Card","Relic","Relic","Card","Relic","Card","Relic","Relic","Relic","Card"],"build_version":"2020-12-22","purchased_purges":1,"victory":true,"max_hp_per_floor":[65,65,65,65,65,65,65,65,65,65,65,65,70,70,70,70,70,70,70,70,70,70,70,70,70,70,70,70,70,70,70,70,70,70,70,70,70,70,70,77,77,77,77,71,71,71,71,71,71,71,71,71,71,71,71],"relic_stats":{"Happy Flower":[13],"counters":[30,199],"CeramicFish":279,"Blood Vial":0,"Dream Catcher":0,"Centennial Puzzle":[3],"Nunchaku":[3],"Sundial":[4],"Black Star":3,"Chemical X":[15],"obtain_stats":[{"CeramicFish":9,"Uniform":0,"Ancient Tea Set":8,"Pet Ghost":10,"Gensokyo:DualWield":48,"Replay:Rubber Ducky":54,"Blood Vial":54,"Dream Catcher":6,"Replay:Bandana":20,"Centennial Puzzle":50,"Nunchaku":53,"DollysMirror":20,"Sundial":40,"Strawberry":40,"Honey Jar":17,"Chemical X":45,"InkBottle":42,"Gremlin Food":42,"Happy Flower":39,"Guide Book":37,"The Courier":31,"Omamori":22,"Frozen Egg 2":37,"Akabeko":25,"Gensokyo:EmptyGrave":44,"Bottled Flame":28,"Black Star":34,"ReplayTheSpireMod:TigerMarble":37,"Toy Ornithopter":43,"Meat on the Bone":23},{"CeramicFish":7,"Uniform":0,"Ancient Tea Set":7,"Pet Ghost":8,"Gensokyo:DualWield":27,"Replay:Rubber Ducky":29,"Blood Vial":29,"Dream Catcher":5,"Replay:Bandana":13,"Centennial Puzzle":28,"Nunchaku":28,"DollysMirror":13,"Sundial":25,"Strawberry":25,"Honey Jar":11,"Chemical X":26,"InkBottle":26,"Gremlin Food":26,"Happy Flower":24,"Guide Book":23,"The Courier":20,"Omamori":14,"Frozen Egg 2":23,"Akabeko":17,"Gensokyo:EmptyGrave":26,"Bottled Flame":18,"Black Star":21,"ReplayTheSpireMod:TigerMarble":23,"Toy Ornithopter":26,"Meat on the Bone":15},{"CeramicFish":40,"Uniform":0,"Ancient Tea Set":40,"Pet Ghost":48,"Gensokyo:DualWield":178,"Replay:Rubber Ducky":191,"Blood Vial":191,"Dream Catcher":29,"Replay:Bandana":101,"Centennial Puzzle":180,"Nunchaku":185,"DollysMirror":101,"Sundial":165,"Strawberry":165,"Honey Jar":90,"Chemical X":171,"InkBottle":171,"Gremlin Food":171,"Happy Flower":158,"Guide Book":153,"The Courier":132,"Omamori":105,"Frozen Egg 2":153,"Akabeko":122,"Gensokyo:EmptyGrave":171,"Bottled Flame":126,"Black Star":140,"ReplayTheSpireMod:TigerMarble":153,"Toy Ornithopter":171,"Meat on the Bone":109}],"InkBottle":[18],"Toy Ornithopter":0,"Meat on the Bone":0},"card_choices":[{"not_picked":["ForgedInTime","PendulumOfEternity"],"picked":"SoulSculpture","floor":0.0},{"not_picked":["FastForward","GearUp"],"picked":"Defy","floor":1.0},{"not_picked":["Rearm","Defy"],"picked":"BestPractice","floor":2.0},{"not_picked":["SurpressingFire","Moonlight"],"picked":"Collapse","floor":3.0},{"not_picked":["Gouge","Collapse"],"picked":"Alleviate","floor":4.0},{"not_picked":["WasteNot","BestPractice"],"picked":"FastForward","floor":6.0},{"not_picked":["DualDimension","Ricochet"],"picked":"Luminosity","floor":7.0},{"not_picked":["Rearm","Potential"],"picked":"MoonPhase","floor":8.0},{"not_picked":["RealityMarble","Rearm"],"picked":"Hightail","floor":10.0},{"not_picked":["DoubleEdge","Desolation"],"picked":"Spin","floor":11.0},{"not_picked":["Collapse","Revamp"],"picked":"MoonPhase","floor":12.0},{"not_picked":["ForgedInTime","MurderousAura"],"picked":"FlawlessForm","floor":16.0},{"not_picked":["Defy","Unruled","Spin+1"],"picked":"Replace","floor":18.0},{"not_picked":["Spin+1","Potential","DualDimension"],"picked":"InstantArmor","floor":19.0},{"not_picked":["Comet","Starlight","MoonPhase+1"],"picked":"SpecialFormula+1","floor":21.0},{"not_picked":["Shuttle","Rearm","Unruled"],"picked":"Manipulate","floor":23.0},{"not_picked":["Reset","Defy","Spin"],"picked":"FastForward","floor":24},{"not_picked":["Ricochet+1","Rearm","FanOfKnives"],"picked":"BottledTime+1","floor":25},{"not_picked":["Barrier","Deny","Alleviate"],"picked":"GearUp","floor":28},{"not_picked":["Unruled","Spin","Replace+1"],"picked":"ShiftingGears","floor":30},{"not_picked":["WasteNot+1","BottledTime","Potential"],"picked":"Revamp+1","floor":31},{"not_picked":["LightFlow","FlawlessForm","FloweringNight"],"picked":"Initiator","floor":33},{"not_picked":["Replace+1","Defy","Unruled+1"],"picked":"SpecialFormula+1","floor":35},{"not_picked":["Snipe+1","Luminosity","Alleviate+1"],"picked":"StarChef+1","floor":36},{"not_picked":["Gensokyo:RisingWorld+1","Gensokyo:Dawn+1"],"picked":"Gensokyo:HouraiInAPot+1","floor":38},{"not_picked":["Revamp","KillingDoll","Spin"],"picked":"Starlight+1","floor":39},{"not_picked":["Comet+1","DoubleEdge","Alleviate+1","Misdirection"],"picked":"SKIP","floor":40},{"not_picked":["PendulumOfEternity","Spin+1","Ricochet"],"picked":"StarChef+1","floor":42},{"not_picked":["Moonlight+1","Comet+1","BottledTime+1"],"picked":"SpecialFormula+1","floor":47},{"not_picked":["Defy","ReturningBlade","FanOfKnives","FastForward"],"picked":"SKIP","floor":47},{"not_picked":["Unruled","DoubleEdge","Rewind+1"],"picked":"Sabotage+1","floor":54}],"player_experience":378471,"relics_obtained":[{"floor":6.0,"key":"Dream Catcher"},{"floor":8.0,"key":"Ancient Tea Set"},{"floor":9.0,"key":"CeramicFish"},{"floor":10.0,"key":"Pet Ghost"},{"floor":22.0,"key":"Omamori"},{"floor":23.0,"key":"Meat on the Bone"},{"floor":25,"key":"Akabeko"},{"floor":28,"key":"Bottled Flame"},{"floor":31,"key":"The Courier"},{"floor":39,"key":"Happy Flower"},{"floor":40,"key":"Strawberry"},{"floor":40,"key":"Sundial"},{"floor":42,"key":"InkBottle"},{"floor":42,"key":"Gremlin Food"},{"floor":43,"key":"Toy Ornithopter"},{"floor":54,"key":"Replay:Rubber Ducky"},{"floor":54,"key":"Blood Vial"}],"event_choices":[{"damage_healed":0.0,"max_hp_gain":0.0,"max_hp_loss":0.0,"gold_gain":0.0,"cards_transformed":["Strike_S"],"event_name":"Transmorgrifier","player_choice":"Transformed","floor":5.0,"gold_loss":0.0,"damage_taken":0.0,"cards_obtained":["Barrier"]},{"damage_healed":0.0,"max_hp_gain":5.0,"max_hp_loss":0.0,"gold_gain":0.0,"event_name":"Big Fish","player_choice":"Donut","floor":13.0,"gold_loss":0.0,"damage_taken":0.0},{"cards_removed":["Strike_S"],"damage_healed":0.0,"max_hp_gain":0.0,"max_hp_loss":0.0,"gold_gain":0.0,"event_name":"Bonfire Elementals","player_choice":"Offered Basic","floor":14.0,"gold_loss":0.0,"damage_taken":0.0},{"cards_removed":["Strike_S"],"damage_healed":0,"gold_gain":0,"player_choice":"Gave Gold","damage_taken":0,"max_hp_gain":0,"max_hp_loss":0,"event_name":"Beggar","floor":27,"gold_loss":75}],"is_beta":false,"boss_relics":[{"not_picked":["Busted Crown","Velvet Choker"],"picked":"Honey Jar"},{"not_picked":["Astrolabe","Kintsugi"],"picked":"Black Star"}],"items_purged_floors":[37],"is_endless":false,"potions_floor_spawned":[3,4,8,10,11,12,16,18,21,24,33,35,36,42],"ascension_level":1}}