{"host":"pu1pmxeu7vyxsds8","time":1614275378,"event":{"mods":["Act Like it!","BaseMod","Block Reminder","Minty Spire (QoL Compilation)","Permanent Neow","Quick Restart","Relic Stats"],"gold_per_floor":[112,91,91,91,109,137,137,137,137],"floor_reached":8,"language":"SPA","playtime":680,"items_purged":[],"score":57,"play_id":"f3854281-e97d-46a3-8ce2-1bd3c0cefbfc","local_time":"20210225144938","is_ascension_mode":true,"campfire_choices":[{"floor":7.0,"key":"DIG"}],"circlet_count":0,"master_deck":["Strike_B","Strike_B","Strike_B","Strike_B","Defend_B","Defend_B","Defend_B","Defend_B","Zap","Dualcast","Aggregate","Coolheaded","Go for the Eyes","Electrodynamics"],"relics":["Cracked Core","Prayer Wheel","Sundial","Shovel","Pear"],"acts_visited":["Exordium"],"potions_floor_usage":[8],"damage_taken":[{"damage":4.0,"enemies":"Small Slimes","floor":1.0,"turns":5.0},{"damage":6.0,"enemies":"2 Louse","floor":5.0,"turns":4.0},{"damage":24.0,"enemies":"Gremlin Nob","floor":6.0,"turns":5.0},{"damage":33,"enemies":"Lagavulin","floor":8,"turns":6}],"seed_played":"308045878964619987","potions_obtained":[{"floor":1.0,"key":"Explosive Potion"}],"is_trial":false,"path_per_floor":["M","?","?","?","M","E","R","E"],"character_chosen":"DEFECT","items_purchased":[],"campfire_rested":0,"item_purchase_floors":[],"current_hp_per_floor":[64,64,64,39,33,9,19,0,0],"gold":137,"neow_bonus":"ONE_RARE_RELIC","is_daily":false,"chose_seed":false,"campfire_upgraded":0,"win_rate":0.0,"timestamp":1614275378,"path_taken":["M","?","?","?","M","E","R","E"],"items_purchased_type":[],"build_version":"2020-12-22","purchased_purges":0,"victory":false,"max_hp_per_floor":[68,68,68,68,68,68,78,78,78],"relic_stats":{"Shovel":1,"counters":[4,20],"Sundial":[2],"Prayer Wheel":2,"obtain_stats":[{"Shovel":6,"Pear":7,"Sundial":4,"Prayer Wheel":0,"Cracked Core":0},{"Shovel":3,"Pear":3,"Sundial":1,"Prayer Wheel":0,"Cracked Core":0},{"Shovel":14,"Pear":14,"Sundial":5,"Prayer Wheel":0,"Cracked Core":0}]},"card_choices":[{"not_picked":["Beam Cell","Coolheaded"],"picked":"Aggregate","floor":1.0},{"not_picked":["Self Repair","Hologram","FTL"],"picked":"SKIP","floor":1.0},{"not_picked":["Streamline","Hologram"],"picked":"Coolheaded","floor":5.0},{"not_picked":["BootSequence","Sweeping Beam"],"picked":"Go for the Eyes","floor":5.0},{"not_picked":["Darkness","Barrage"],"picked":"Electrodynamics","floor":6.0}],"player_experience":90198,"relics_obtained":[{"floor":6.0,"key":"Shovel"},{"floor":7.0,"key":"Pear"}],"event_choices":[{"damage_healed":0.0,"max_hp_gain":0.0,"max_hp_loss":0.0,"gold_gain":0.0,"event_name":"World of Goop","player_choice":"Left Gold","floor":2.0,"gold_loss":21.0,"damage_taken":0.0},{"damage_healed":0.0,"max_hp_gain":0.0,"max_hp_loss":0.0,"gold_gain":0.0,"event_name":"Golden Idol","player_choice":"Ignored","floor":3.0,"gold_loss":0.0,"damage_taken":0.0},{"damage_healed":0.0,"max_hp_gain":0.0,"max_hp_loss":0.0,"gold_gain":0.0,"event_name":"Scrap Ooze","player_choice":"Success","floor":4.0,"gold_loss":0.0,"damage_taken":25.0,"relics_obtained":["Sundial"]}],"is_beta":false,"boss_relics":[],"items_purged_floors":[],"is_endless":false,"potions_floor_spawned":[1],"killed_by":"Lagavulin","ascension_level":1}}