{"host":"sc0o2qwpf9j16a4i","time":1614246539,"event":{"mods":["AchievementEnabler","BaseMod","BetterRewards","Block Reminder","Colored Map","Colored Powertips","Custom Start","Highlight Path","Minty Spire (QoL Compilation)","Relic Stats"],"gold_per_floor":[114,133,133,49,49,49,78,144,144,12,28,63,288,413,413,514,514,530,580,594,644,656,656,706,172,196,196,226,240,290,303,303,408,408,428,447,497,68,118,143,193,193,193,215,285,327,327,367,367,367],"floor_reached":51,"language":"ENG","playtime":2107,"items_purged":["Strike_R"],"score":1086,"play_id":"2e7add82-8687-4484-b279-70bf7d00cb1c","local_time":"20210225114859","daily_mods":["Allstar","Colorless Cards","Lethality"],"is_ascension_mode":false,"campfire_choices":[{"data":"Inflame","floor":6.0,"key":"SMITH"},{"data":"Armaments","floor":15.0,"key":"SMITH"},{"data":"Limit Break","floor":23.0,"key":"SMITH"},{"data":"Apotheosis","floor":27.0,"key":"SMITH"},{"floor":32,"key":"REST"},{"data":"Feel No Pain","floor":42,"key":"SMITH"},{"data":"Master of Strategy","floor":47,"key":"SMITH"},{"data":"Pommel Strike","floor":49,"key":"SMITH"}],"circlet_count":0,"master_deck":["Strike_R","Strike_R","Strike_R","Strike_R","Defend_R","Defend_R","Defend_R","Defend_R","Bash","Secret Technique","Secret Technique","Thinking Ahead+1","PanicButton+1","Jack Of All Trades","Finesse","Inflame+1","Feel No Pain+1","Wild Strike","Anger","Shrug It Off","Armaments+1","Wild Strike","Master of Strategy+1","Limit Break+1","Warcry","Clothesline+1","Ghostly","Ghostly","Ghostly","Ghostly","Ghostly","Apotheosis+1","Pommel Strike+1","Fiend Fire","Flame Barrier","Dual Wield","Feed","Heavy Blade+1","Metallicize+1","Immolate","Power Through","Ghostly","Heavy Blade+1","Mind Blast","Body Slam+1","Enlightenment+1","Disarm"],"relics":["Burning Blood","Gremlin Horn","SsserpentHead","Kunai","Paper Frog","Medical Kit","Sundial","SlaversCollar","Vajra","Tiny Chest","War Paint","Matryoshka","Enchiridion","Runic Pyramid","Letter Opener","Bag of Marbles","Singing Bowl","Blue Candle","CeramicFish","Prayer Wheel","Unceasing Top","Ice Cream"],"acts_visited":["Exordium","TheCity","TheBeyond"],"potions_floor_usage":[28,28,33,44,50,50],"damage_taken":[{"damage":0.0,"enemies":"2 Louse","floor":1.0,"turns":2.0},{"damage":4.0,"enemies":"Jaw Worm","floor":2.0,"turns":4.0},{"damage":10.0,"enemies":"3 Sentries","floor":7.0,"turns":6.0},{"damage":0.0,"enemies":"Cultist","floor":8.0,"turns":2.0},{"damage":11.0,"enemies":"Red Slaver","floor":11.0,"turns":3.0},{"damage":0.0,"enemies":"Lagavulin","floor":12.0,"turns":6.0},{"damage":0.0,"enemies":"Slime Boss","floor":16.0,"turns":5.0},{"damage":17.0,"enemies":"Chosen","floor":18.0,"turns":5.0},{"damage":2.0,"enemies":"Spheric Guardian","floor":20.0,"turns":4.0},{"damage":3.0,"enemies":"Snake Plant","floor":22.0,"turns":4.0},{"damage":19,"enemies":"Slavers","floor":28,"turns":5},{"damage":0,"enemies":"Centurion and Healer","floor":29,"turns":5},{"damage":2,"enemies":"Snecko","floor":31,"turns":6},{"damage":29,"enemies":"Automaton","floor":33,"turns":8},{"damage":0,"enemies":"3 Shapes","floor":35,"turns":3},{"damage":0,"enemies":"Orb Walker","floor":36,"turns":7},{"damage":0,"enemies":"Giant Head","floor":40,"turns":9},{"damage":14,"enemies":"3 Darklings","floor":44,"turns":4},{"damage":9,"enemies":"Jaw Worm Horde","floor":45,"turns":7},{"damage":0,"enemies":"Nemesis","floor":46,"turns":10},{"damage":6,"enemies":"Reptomancer","floor":48,"turns":7},{"damage":0,"enemies":"Donu and Deca","floor":50,"turns":11}],"seed_played":"-4523296820170921908","potions_obtained":[{"floor":2.0,"key":"LiquidBronze"},{"floor":11.0,"key":"Dexterity Potion"},{"floor":12.0,"key":"Energy Potion"},{"floor":18.0,"key":"Weak Potion"},{"floor":28,"key":"Fruit Juice"},{"floor":31,"key":"FearPotion"},{"floor":36,"key":"BloodPotion"},{"floor":40,"key":"EssenceOfSteel"},{"floor":44,"key":"SpeedPotion"}],"is_trial":true,"path_per_floor":["M","M","?","$","?","R","E","M","T","$","M","E","?","?","R","B",null,"M","?","M","?","M","R","?","$","T","R","E","M","?","M","R","B",null,"M","M","?","$","?","E","T","R","T","M","M","E","R","E","R","B",null],"character_chosen":"IRONCLAD","items_purchased":["Feel No Pain","Wild Strike","Medical Kit","Armaments","Apotheosis","Vajra","Tiny Chest","Pommel Strike","Letter Opener","Immolate","Power Through"],"campfire_rested":1,"item_purchase_floors":[4,4,10,10,25,25,25,25,38,38,38],"current_hp_per_floor":[80,80,68,68,68,68,64,70,70,70,65,71,71,60,60,66,80,69,54,58,42,42,42,42,42,42,42,34,40,24,28,42,19,47,51,55,52,52,52,56,56,56,56,50,49,59,59,59,59,72],"gold":367,"neow_bonus":"","is_daily":false,"chose_seed":false,"campfire_upgraded":7,"win_rate":0.0,"timestamp":1614246539,"path_taken":["M","M","?","$","?","R","E","?","T","?","M","E","?","?","R","BOSS","M","?","M","?","M","R","?","?","T","R","E","M","?","M","R","BOSS","M","M","?","$","?","E","?","R","T","M","?","E","R","E","R","BOSS"],"items_purchased_type":["Card","Card","Relic","Card","Card","Relic","Relic","Card","Relic","Card","Card"],"build_version":"2020-12-22","purchased_purges":1,"victory":true,"max_hp_per_floor":[80,80,80,80,80,80,80,80,80,80,80,80,80,80,80,80,80,80,85,85,42,42,42,42,42,42,42,47,47,47,47,47,47,47,51,55,52,52,52,56,56,56,56,58,60,64,64,64,64,72],"relic_stats":{"Gremlin Horn":[16,18],"Singing Bowl":4,"counters":[22,123],"Blue Candle":[0],"CeramicFish":36,"Letter Opener":[90],"War Paint":["PanicButton","Thinking Ahead"],"Medical Kit":[25],"Burning Blood":97,"SsserpentHead":650,"Sundial":[4],"Tiny Chest":1,"Prayer Wheel":2,"Kunai":[15],"obtain_stats":[{"Ice Cream":48,"Gremlin Horn":3,"Singing Bowl":41,"Blue Candle":41,"CeramicFish":43,"Vajra":25,"Enchiridion":30,"Letter Opener":38,"War Paint":26,"Medical Kit":10,"Burning Blood":0,"SsserpentHead":5,"SlaversCollar":17,"Matryoshka":28,"Sundial":12,"Tiny Chest":25,"Prayer Wheel":43,"Bag of Marbles":40,"Kunai":7,"Unceasing Top":46,"Paper Frog":9,"Runic Pyramid":34},{"Ice Cream":21,"Gremlin Horn":2,"Singing Bowl":17,"Blue Candle":17,"CeramicFish":17,"Vajra":10,"Enchiridion":12,"Letter Opener":16,"War Paint":10,"Medical Kit":4,"Burning Blood":0,"SsserpentHead":2,"SlaversCollar":7,"Matryoshka":11,"Sundial":6,"Tiny Chest":10,"Prayer Wheel":17,"Bag of Marbles":17,"Kunai":3,"Unceasing Top":20,"Paper Frog":4,"Runic Pyramid":14},{"Ice Cream":112,"Gremlin Horn":6,"Singing Bowl":84,"Blue Candle":84,"CeramicFish":84,"Vajra":41,"Enchiridion":51,"Letter Opener":75,"War Paint":41,"Medical Kit":14,"Burning Blood":0,"SsserpentHead":6,"SlaversCollar":28,"Matryoshka":46,"Sundial":23,"Tiny Chest":41,"Prayer Wheel":84,"Bag of Marbles":84,"Kunai":12,"Unceasing Top":105,"Paper Frog":14,"Runic Pyramid":65}],"Unceasing Top":[0]},"card_choices":[{"not_picked":["Clash","Intimidate"],"picked":"Finesse","floor":1.0},{"not_picked":["Armaments","Bloodletting"],"picked":"Inflame","floor":2.0},{"not_picked":["Dark Embrace","Havoc"],"picked":"Anger","floor":7.0},{"not_picked":["Anger","Body Slam"],"picked":"Shrug It Off","floor":8.0},{"not_picked":["True Grit","Havoc"],"picked":"Wild Strike","floor":11.0},{"not_picked":["Finesse","Pommel Strike"],"picked":"Master of Strategy","floor":12.0},{"not_picked":["Bludgeon","Juggernaut"],"picked":"Limit Break","floor":16.0},{"not_picked":["Perfected Strike+1","Iron Wave+1"],"picked":"Warcry","floor":18.0},{"not_picked":["Cleave+1","Bandage Up"],"picked":"Clothesline+1","floor":20.0},{"not_picked":["Ghostly Armor","Perfected Strike+1","Flex"],"picked":"SKIP","floor":22.0},{"not_picked":["Clothesline","Clash"],"picked":"Fiend Fire","floor":28},{"not_picked":["Pommel Strike","Searing Blow"],"picked":"Flame Barrier","floor":29},{"not_picked":["Body Slam","Thunderclap"],"picked":"Dual Wield","floor":31},{"not_picked":["Berserk","Magnetism"],"picked":"Feed","floor":33},{"not_picked":["Havoc+1","Warcry+1"],"picked":"Heavy Blade+1","floor":35},{"not_picked":["Cleave+1","Anger+1"],"picked":"Metallicize+1","floor":36},{"not_picked":["Clothesline+1","Sword Boomerang+1"],"picked":"Heavy Blade+1","floor":40},{"not_picked":["Iron Wave+1","Good Instincts","Juggernaut"],"picked":"Singing Bowl","floor":44},{"not_picked":["Headbutt","Armaments+1"],"picked":"Mind Blast","floor":44},{"not_picked":["True Grit","Flex"],"picked":"Body Slam+1","floor":45},{"not_picked":["Iron Wave+1","Sword Boomerang+1","Heavy Blade"],"picked":"Singing Bowl","floor":45},{"not_picked":["Juggernaut","Dropkick"],"picked":"Enlightenment+1","floor":46},{"not_picked":["Cleave","Evolve+1"],"picked":"Disarm","floor":48}],"player_experience":1533351,"relics_obtained":[{"floor":7.0,"key":"Kunai"},{"floor":9.0,"key":"Paper Frog"},{"floor":12.0,"key":"Sundial"},{"floor":26.0,"key":"War Paint"},{"floor":28,"key":"Matryoshka"},{"floor":30,"key":"Enchiridion"},{"floor":40,"key":"Bag of Marbles"},{"floor":41,"key":"Singing Bowl"},{"floor":41,"key":"Blue Candle"},{"floor":43,"key":"CeramicFish"},{"floor":43,"key":"Prayer Wheel"},{"floor":46,"key":"Unceasing Top"},{"floor":48,"key":"Ice Cream"}],"event_choices":[{"damage_healed":0.0,"max_hp_gain":0.0,"max_hp_loss":0.0,"gold_gain":0.0,"event_name":"Scrap Ooze","player_choice":"Success","floor":3.0,"gold_loss":0.0,"damage_taken":12.0,"relics_obtained":["Gremlin Horn"]},{"damage_healed":0.0,"max_hp_gain":0.0,"max_hp_loss":0.0,"gold_gain":0.0,"event_name":"FaceTrader","player_choice":"Trade","floor":5.0,"gold_loss":0.0,"damage_taken":0.0,"relics_obtained":["SsserpentHead"]},{"damage_healed":0.0,"max_hp_gain":0.0,"max_hp_loss":0.0,"gold_gain":175.0,"event_name":"Liars Game","player_choice":"AGREE","floor":13.0,"gold_loss":0.0,"damage_taken":0.0,"cards_obtained":["Doubt"]},{"damage_healed":0.0,"max_hp_gain":0.0,"max_hp_loss":0.0,"gold_gain":75.0,"event_name":"World of Goop","player_choice":"Gather Gold","floor":14.0,"gold_loss":0.0,"damage_taken":11.0},{"damage_healed":0.0,"max_hp_gain":5.0,"max_hp_loss":0.0,"gold_gain":0.0,"event_name":"Forgotten Altar","player_choice":"Shed Blood","floor":19.0,"gold_loss":0.0,"damage_taken":20.0},{"damage_healed":0.0,"max_hp_gain":0.0,"max_hp_loss":43.0,"gold_gain":0.0,"event_name":"Ghosts","player_choice":"Became a Ghost","floor":21.0,"gold_loss":0.0,"damage_taken":0.0,"cards_obtained":["Ghostly","Ghostly","Ghostly","Ghostly","Ghostly"]},{"cards_removed":["Doubt"],"damage_healed":0.0,"max_hp_gain":0.0,"max_hp_loss":0.0,"gold_gain":0.0,"event_name":"Back to Basics","player_choice":"Elegance","floor":24.0,"gold_loss":0.0,"damage_taken":0.0},{"damage_healed":0,"gold_gain":0,"player_choice":"Obtained Book","damage_taken":16,"max_hp_gain":0,"max_hp_loss":0,"event_name":"Cursed Tome","floor":30,"gold_loss":0},{"damage_healed":0,"gold_gain":0,"player_choice":"Max HP","damage_taken":0,"max_hp_gain":0,"max_hp_loss":3,"event_name":"Winding Halls","floor":37,"gold_loss":0},{"damage_healed":0,"gold_gain":0,"player_choice":"Copied","damage_taken":0,"max_hp_gain":0,"max_hp_loss":0,"event_name":"Duplicator","floor":39,"gold_loss":0,"cards_obtained":["Ghostly"]}],"is_beta":false,"boss_relics":[{"not_picked":["Runic Cube","Coffee Dripper"],"picked":"SlaversCollar"},{"not_picked":["Runic Dome","Sozu"],"picked":"Runic Pyramid"}],"items_purged_floors":[25],"is_endless":false,"potions_floor_spawned":[2,11,12,18,28,31,36,40,44],"ascension_level":0}}