{"host":"uyfpom4rlahfoee4","time":1614278421,"event":{"mods":["BaseMod","Downfall","Minty Spire (QoL Compilation)","StSLib"],"gold_per_floor":[99,116,134,134,119,119,119,131,148,163,175,175,175,200,215,318,368,368,382,400,410,426,446,473,473,473,473,489,507,407,427,445,445,445,445],"floor_reached":33,"language":"ENG","playtime":7335,"items_purged":[],"score":257,"play_id":"95d9ca05-cb2c-45fe-8027-1c9978cbd080","local_time":"20210225104021","is_ascension_mode":false,"campfire_choices":[{"data":"champ:Taunt","floor":1,"key":"SMITH"},{"data":"champ:Lariat","floor":6,"key":"SMITH"},{"data":"champ:Backstep","floor":13,"key":"SMITH"},{"data":"champ:EnchantSword","floor":18,"key":"SMITH"},{"floor":25,"key":"REST"},{"floor":27,"key":"RECALL"},{"data":"champ:StanceDance","floor":30,"key":"SMITH"}],"circlet_count":0,"master_deck":["champ:Strike","champ:Strike","champ:Strike","champ:Strike","champ:Defend","champ:Defend","champ:Defend","champ:Defend","champ:Execute+1","champ:Taunt+1","champ:Backstep+1","champ:Lariat+1","champ:PerfectedStrike+1","champ:FalseCounter","champ:TornadoPunch","champ:BladeFlurry","champ:FanOfKnives","champ:ShieldSlam+1","champ:GladiatorStyle","champ:EnchantSword+1","champ:BringItOn","champ:Duel","champ:Circumvent","champ:ShieldSlam+1","champ:ShieldWall","champ:IronFortress+1","Writhe","champ:StanceDance+1","champ:BladeFlurry","champ:BladeFlurry+1","champ:LastStand"],"relics":["champ:ChampionCrown","HornCleat","Bottled Lightning","Vajra","Tiny House","Regal Pillow","downfall:HeartBlessingRed"],"acts_visited":["Exordium","TheCity"],"potions_floor_usage":[16,16,20,22,23,29,32,33],"damage_taken":[{"damage":10,"enemies":"Small Slimes","floor":2,"turns":3},{"damage":20,"enemies":"Jaw Worm","floor":3,"turns":4},{"damage":30,"enemies":"downfall:FleeingMerchant","floor":5,"turns":4},{"damage":15,"enemies":"Cultist","floor":8,"turns":3},{"damage":12,"enemies":"downfall:LooterAlt","floor":9,"turns":3},{"damage":10,"enemies":"Gremlin Gang","floor":10,"turns":5},{"damage":10,"enemies":"Blue Slaver","floor":11,"turns":3},{"damage":14,"enemies":"3 Sentries","floor":14,"turns":7},{"damage":0,"enemies":"Lots of Slimes","floor":15,"turns":2},{"damage":44,"enemies":"WA_ARCHETYPE_RETAIN","floor":16,"turns":6},{"damage":34,"enemies":"Shell Parasite","floor":19,"turns":7},{"damage":31,"enemies":"Chosen","floor":20,"turns":4},{"damage":23,"enemies":"3 Cultists","floor":21,"turns":6},{"damage":4,"enemies":"Chosen and Byrds","floor":22,"turns":5},{"damage":37,"enemies":"Shelled Parasite and Fungi","floor":23,"turns":5},{"damage":15,"enemies":"Centurion and Healer","floor":28,"turns":7},{"damage":6,"enemies":"Sentry and Sphere","floor":29,"turns":3},{"damage":10,"enemies":"3 Cultists","floor":31,"turns":4},{"damage":34,"enemies":"Snake Plant","floor":32,"turns":4},{"damage":54,"enemies":"DF_ARCHETYPE_CLAW","floor":33,"turns":7}],"seed_played":"1677314058791850979","potions_obtained":[{"floor":3,"key":"PowerPotion"},{"floor":14,"key":"AttackPotion"},{"floor":16,"key":"hexamod:SoulburnPotion"},{"floor":17,"key":"Strength Potion"},{"floor":22,"key":"sneckomod:MuddlingPotion"},{"floor":23,"key":"sneckomod:MuddlingPotion"},{"floor":28,"key":"champ:CounterPotion"},{"floor":31,"key":"sneckomod:MuddlingPotion"}],"is_trial":false,"path_per_floor":["R","M","M","?","$","R","T","M","M","M","M","?","R","E","M","B",null,"R","M","M","M","M","M","T","R","?","R","M","M","R","M","M","B"],"character_chosen":"THE_CHAMP","items_purchased":[],"campfire_rested":1,"item_purchase_floors":[],"current_hp_per_floor":[99,99,99,99,99,99,99,99,97,97,97,97,97,93,93,59,104,104,95,74,66,62,50,50,96,96,96,96,90,90,90,66,12,12,12],"gold":445,"neow_bonus":"TEN_PERCENT_HP_BONUS","is_daily":false,"chose_seed":false,"campfire_upgraded":5,"win_rate":0.0,"timestamp":1614278421,"path_taken":["R","M","M","?","$","R","T","M","M","M","M","?","R","E","M","BOSS","R","M","M","M","?","M","T","R","?","R","M","M","R","?","M","BOSS"],"items_purchased_type":[],"build_version":"2020-12-22","purchased_purges":0,"victory":false,"max_hp_per_floor":[99,99,99,99,99,99,99,99,99,99,99,99,99,99,99,99,104,104,104,104,104,104,104,104,104,104,104,104,104,104,104,104,104,104,104],"card_choices":[{"not_picked":["champ:EndlessRage","champ:BerserkersShout"],"picked":"champ:Backstep","floor":2},{"not_picked":["champ:RageSigil","champ:Haymaker"],"picked":"champ:Lariat","floor":3},{"not_picked":["champ:CrownThrow","champ:RageSigil"],"picked":"champ:PerfectedStrike","floor":5},{"not_picked":["champ:ViciousMockery","champ:FancyFootwork"],"picked":"champ:FalseCounter","floor":8},{"not_picked":["champ:EnGarde","champ:Backstep"],"picked":"champ:TornadoPunch","floor":9},{"not_picked":["champ:HeartStrike","champ:RecklessLeap"],"picked":"champ:TornadoPunch","floor":10},{"not_picked":["champ:PreciseThrust","champ:IronFortress"],"picked":"champ:BladeFlurry","floor":11},{"not_picked":["champ:FocusedBerserking","champ:PreciseThrust"],"picked":"champ:ShieldSlam","floor":14},{"not_picked":["champ:PreciseThrust","champ:ShieldWall"],"picked":"champ:GladiatorStyle","floor":15},{"not_picked":["champ:Improvising","champ:ShieldThrow"],"picked":"champ:EnchantSword","floor":16},{"not_picked":["champ:Parry","champ:EnGarde"],"picked":"champ:BringItOn","floor":17},{"not_picked":["champ:Haymaker+1","champ:AdrenalArmor"],"picked":"champ:Duel","floor":19},{"not_picked":["champ:GutPunch","champ:EnGarde+1"],"picked":"champ:Circumvent","floor":20},{"not_picked":["champ:FanOfKnives","champ:EnragedBash"],"picked":"champ:ShieldSlam+1","floor":21},{"not_picked":["champ:Backstep","champ:FanOfKnives"],"picked":"champ:ShieldWall","floor":22},{"not_picked":["champ:FancyFootwork","champ:FanOfKnives"],"picked":"champ:IronFortress+1","floor":23},{"not_picked":["champ:Encircle","champ:Backstep"],"picked":"champ:StanceDance","floor":28},{"not_picked":["champ:EnGarde","champ:Haymaker"],"picked":"champ:BladeFlurry","floor":29},{"not_picked":["champ:GutPunch","champ:Haymaker"],"picked":"champ:BladeFlurry+1","floor":31},{"not_picked":["champ:SetATrap+1","champ:Haymaker"],"picked":"champ:LastStand","floor":32}],"player_experience":192812,"relics_obtained":[{"floor":7,"key":"Bottled Lightning"},{"floor":14,"key":"Vajra"},{"floor":24,"key":"Regal Pillow"}],"event_choices":[],"is_beta":false,"boss_relics":[{"not_picked":["SacredBark","Pandora\u0027s Box"],"picked":"Tiny House"}],"items_purged_floors":[],"is_endless":false,"potions_floor_spawned":[3,14,16,22,23,28,31],"killed_by":"DF_ARCHETYPE_CLAW","ascension_level":0}}