{"host":"fhwr1fuluf6086fh","time":1614273451,"event":{"mods":["2.2 Compatiblity","Act Like it!","BaseMod","Colored Map","Elementarium","Minty Spire (QoL Compilation)","StSLib"],"gold_per_floor":[118,135,152,172,191,226,226,255,255,255,255],"floor_reached":10,"language":"ENG","playtime":1131,"items_purged":[],"score":120,"play_id":"c423cf9c-2410-4425-af23-25ae7bf1c2ff","local_time":"20210225121731","is_ascension_mode":true,"campfire_choices":[{"floor":7,"key":"REST"}],"circlet_count":0,"master_deck":["AscendersBane","Strike_G","Strike_G","Strike_G","Strike_G","Strike_G","Defend_G","Defend_G","Defend_G","Defend_G","Defend_G","Survivor","Neutralize","Bandage Up","Dagger Spray","Cloak And Dagger","Infinite Blades","Underhanded Strike","Dash","Crippling Poison","Bullet Time"],"relics":["Ring of the Snake","Snake Skull","Dream Catcher","Toxic Egg 2"],"acts_visited":["Exordium"],"potions_floor_usage":[8,8,10],"damage_taken":[{"damage":1,"enemies":"Small Slimes","floor":1,"turns":5},{"damage":5,"enemies":"Jaw Worm","floor":2,"turns":6},{"damage":8,"enemies":"2 Louse","floor":3,"turns":2},{"damage":8,"enemies":"Blue Slaver","floor":4,"turns":6},{"damage":1,"enemies":"Large Slime","floor":5,"turns":8},{"damage":62,"enemies":"Gremlin Nob","floor":6,"turns":7},{"damage":6,"enemies":"3 Sentries","floor":8,"turns":7},{"damage":31,"enemies":"Gremlin Nob","floor":10,"turns":4}],"seed_played":"4703854331021321620","potions_obtained":[{"floor":5,"key":"Dexterity Potion"},{"floor":6,"key":"DuplicationPotion"},{"floor":8,"key":"Dexterity Potion"}],"is_trial":false,"path_per_floor":["M","M","M","M","M","E","R","E","T","E"],"character_chosen":"THE_SILENT","items_purchased":[],"campfire_rested":1,"item_purchase_floors":[],"current_hp_per_floor":[66,65,61,57,60,2,23,21,21,0,0],"gold":255,"neow_bonus":"RANDOM_COLORLESS","is_daily":false,"chose_seed":false,"campfire_upgraded":0,"win_rate":0.0,"timestamp":1614273451,"path_taken":["M","M","M","M","M","E","R","E","T","E"],"items_purchased_type":[],"build_version":"2020-12-22","purchased_purges":0,"victory":false,"max_hp_per_floor":[70,70,70,70,70,70,70,70,70,70,70],"card_choices":[{"not_picked":["Trip","PanicButton"],"picked":"Bandage Up","floor":0},{"not_picked":["Expertise","Riddle With Holes"],"picked":"Dagger Spray","floor":1},{"not_picked":["Acrobatics","Deadly Poison"],"picked":"Cloak And Dagger","floor":2},{"not_picked":["PiercingWail","Outmaneuver"],"picked":"Infinite Blades","floor":3},{"not_picked":["Adrenaline","Blur"],"picked":"Underhanded Strike","floor":4},{"not_picked":["Dagger Throw","Dagger Spray"],"picked":"Dash","floor":5},{"not_picked":["Backflip","Concentrate"],"picked":"Crippling Poison","floor":6},{"not_picked":["Dodge and Roll","Outmaneuver"],"picked":"Bullet Time","floor":8}],"player_experience":889751,"relics_obtained":[{"floor":6,"key":"Snake Skull"},{"floor":8,"key":"Dream Catcher"},{"floor":9,"key":"Toxic Egg 2"}],"event_choices":[],"is_beta":false,"boss_relics":[],"items_purged_floors":[],"is_endless":false,"potions_floor_spawned":[5,6,8],"killed_by":"Gremlin Nob","ascension_level":10}}