{"host":"prxrhpgaxnj4om9r","time":1614259122,"event":{"mods":["AchievementEnabler","BaseMod","Colored Map","DeckTracker","Keyboard Shortcuts","Minty Spire (QoL Compilation)"],"gold_per_floor":[115,134,134,134,187,220,74,39,39,39,39,49,49,74,74,177,177,187,199,199,236,236,236,271,122,122,122,122,144,144,144,144,254,281,318,76,109,69,19,46,46,66,120,156,33,51,109,168,168,168,168,168,12,12,12],"floor_reached":54,"language":"KOR","playtime":2136,"items_purged":[],"score":790,"play_id":"9ef24894-a63c-4fbb-9b58-befcb5e08706","local_time":"20210225221842","is_ascension_mode":false,"campfire_choices":[{"data":"LessonLearned","floor":10.0,"key":"SMITH"},{"data":"PathToVictory","floor":13.0,"key":"SMITH"},{"data":"WheelKick","floor":15.0,"key":"SMITH"},{"data":"Crescendo","floor":23.0,"key":"SMITH"},{"floor":27.0,"key":"RECALL"},{"data":"Judgement","floor":30.0,"key":"SMITH"},{"data":"FearNoEvil","floor":32.0,"key":"SMITH"},{"floor":41,"key":"REST"},{"floor":49,"key":"REST"},{"data":"Madness","floor":52,"key":"SMITH"}],"circlet_count":0,"master_deck":["Strike_P+1","Strike_P+1","Strike_P+1","Defend_P+1","Defend_P+1","Defend_P+1","Eruption+1","Vigilance+1","BowlingBash+1","PathToVictory+1","LessonLearned+1","PathToVictory+1","WheelKick+1","Judgement+1","Halt+1","Protect+1","SignatureMove+1","Crescendo+1","JustLucky+1","FearNoEvil+1","EmptyBody+1","Ragnarok+1","ReachHeaven+1","Wallop+1","Swivel+1","Prostrate+1","TalkToTheHand+1","PathToVictory+1","PathToVictory+1","ReachHeaven+1","FollowUp+1","MentalFortress","Madness+1","Madness","DeusExMachina+1","CutThroughFate+1"],"relics":["PureWater","Omamori","War Paint","Whetstone","Prayer Wheel","Sling","CloakClasp","TungstenRod","Black Star","CeramicFish","Meat on the Bone","Blue Candle","Regal Pillow","Ornamental Fan","Astrolabe","Yang","Question Card","Bronze Scales","Juzu Bracelet","White Beast Statue","Molten Egg 2","Peace Pipe","FossilizedHelix","Damaru"],"acts_visited":["Exordium","TheCity","TheBeyond","TheEnding"],"potions_floor_usage":[40,40,44,47,48,50],"damage_taken":[{"damage":12.0,"enemies":"2 Louse","floor":1.0,"turns":2.0},{"damage":0.0,"enemies":"Small Slimes","floor":2.0,"turns":2.0},{"damage":20.0,"enemies":"Gremlin Nob","floor":6.0,"turns":4.0},{"damage":0.0,"enemies":"Jaw Worm","floor":12.0,"turns":1.0},{"damage":7.0,"enemies":"Lagavulin","floor":14.0,"turns":4.0},{"damage":17.0,"enemies":"Hexaghost","floor":16.0,"turns":6.0},{"damage":0.0,"enemies":"Spheric Guardian","floor":18.0,"turns":3.0},{"damage":15.0,"enemies":"2 Thieves","floor":19.0,"turns":2.0},{"damage":8.0,"enemies":"Cultist and Chosen","floor":21.0,"turns":2.0},{"damage":5.0,"enemies":"Book of Stabbing","floor":24.0,"turns":4.0},{"damage":6.0,"enemies":"3 Cultists","floor":29.0,"turns":3.0},{"damage":57.0,"enemies":"Champ","floor":33.0,"turns":10.0},{"damage":17,"enemies":"3 Darklings","floor":35,"turns":4},{"damage":0,"enemies":"Orb Walker","floor":37,"turns":2},{"damage":18,"enemies":"Nemesis","floor":40,"turns":7},{"damage":0,"enemies":"4 Shapes","floor":42,"turns":6},{"damage":0,"enemies":"Reptomancer","floor":44,"turns":3},{"damage":42,"enemies":"2 Orb Walkers","floor":47,"turns":5},{"damage":5,"enemies":"Mind Bloom Boss Battle","floor":48,"turns":6},{"damage":80,"enemies":"Awakened One","floor":50,"turns":14},{"damage":181,"enemies":"Shield and Spear","floor":54,"turns":6}],"seed_played":"-4187275549698858062","potions_obtained":[{"floor":14.0,"key":"Block Potion"},{"floor":16.0,"key":"AttackPotion"},{"floor":19.0,"key":"Ambrosia"},{"floor":29.0,"key":"Weak Potion"},{"floor":35,"key":"DistilledChaos"},{"floor":42,"key":"SteroidPotion"},{"floor":44,"key":"GamblersBrew"},{"floor":47,"key":"Block Potion"},{"floor":48,"key":"Energy Potion"}],"is_trial":false,"path_per_floor":["M","M","?","?","T","E","$","?","T","R","?","M","R","E","R","B",null,"M","M","?","M","?","R","E","$","T","R","?","M","R","?","R","B",null,"M","$","M","?","$","E","R","M","T","E","$","?","?","?","R","B",null,"R","$","E"],"character_chosen":"WATCHER","items_purchased":["Sling","Regal Pillow","Yang","Block Potion","FairyPotion","MentalFortress","Damaru"],"campfire_rested":2,"item_purchase_floors":[7,25,36,39,45,45,53],"current_hp_per_floor":[60,60,46,43,43,23,23,41,41,41,59,59,59,52,52,35,72,72,57,57,49,49,49,44,44,44,44,82,76,76,76,76,31,82,65,65,65,65,65,47,82,82,82,82,82,73,43,50,82,14,82,82,82,0,0],"gold":12,"neow_bonus":"RANDOM_COMMON_RELIC","is_daily":false,"chose_seed":false,"campfire_upgraded":7,"win_rate":0.0,"timestamp":1614259122,"path_taken":["M","M","?","?","?","E","$","?","T","R","?","M","R","E","R","BOSS","M","M","?","M","?","R","E","?","T","R","?","?","R","?","R","BOSS","M","$","M","?","?","E","R","M","T","E","$","?","?","?","R","BOSS","R","$","E"],"items_purchased_type":["Relic","Relic","Relic","Potion","Potion","Card","Relic"],"build_version":"2020-12-22","purchased_purges":0,"victory":false,"max_hp_per_floor":[72,72,72,72,72,72,72,72,72,72,72,72,72,72,72,72,72,72,72,72,72,72,72,72,72,72,72,82,82,82,82,82,82,82,82,82,82,82,82,82,82,82,82,82,82,82,82,82,82,82,82,82,82,82,82],"card_choices":[{"not_picked":["FollowUp","Prostrate"],"picked":"BowlingBash","floor":1.0},{"not_picked":["CutThroughFate","BattleHymn"],"picked":"PathToVictory","floor":2.0},{"not_picked":["WaveOfTheHand","CrushJoints"],"picked":"LessonLearned","floor":6.0},{"not_picked":["FlyingSleeves","PathToVictory","EmptyBody"],"picked":"SKIP","floor":12.0},{"not_picked":["ClearTheMind","Prostrate","ThirdEye"],"picked":"SKIP","floor":12.0},{"not_picked":["FlyingSleeves","EmptyBody"],"picked":"PathToVictory","floor":12.0},{"not_picked":["ClearTheMind","Prostrate"],"picked":"ThirdEye","floor":12.0},{"not_picked":["Perseverance","Prostrate"],"picked":"WheelKick","floor":14.0},{"not_picked":["Ragnarok","SpiritShield"],"picked":"Judgement","floor":16.0},{"not_picked":["JustLucky","WaveOfTheHand"],"picked":"Halt","floor":18.0},{"not_picked":["FlurryOfBlows","ThirdEye"],"picked":"LessonLearned","floor":18.0},{"not_picked":["ReachHeaven","ClearTheMind"],"picked":"Protect+1","floor":19.0},{"not_picked":["EmptyFist","Consecrate"],"picked":"SignatureMove","floor":19.0},{"not_picked":["Evaluate","Conclude+1"],"picked":"Crescendo","floor":21.0},{"not_picked":["Halt","Evaluate"],"picked":"JustLucky+1","floor":21.0},{"not_picked":["JustLucky","FollowUp"],"picked":"FearNoEvil","floor":24.0},{"not_picked":["BowlingBash","InnerPeace"],"picked":"EmptyBody+1","floor":29.0},{"not_picked":["WheelKick","EmptyFist","ThirdEye"],"picked":"SKIP","floor":29.0},{"not_picked":["LessonLearned","Omniscience"],"picked":"Ragnarok","floor":33.0},{"not_picked":["FlurryOfBlows","Protect+1"],"picked":"Prostrate+1","floor":35},{"not_picked":["Crescendo","EmptyFist"],"picked":"TalkToTheHand","floor":35},{"not_picked":["Evaluate","EmptyBody+1"],"picked":"PathToVictory+1","floor":37},{"not_picked":["FlyingSleeves","EmptyFist"],"picked":"PathToVictory+1","floor":37},{"not_picked":["Omniscience","BowlingBash","Crescendo"],"picked":"SKIP","floor":40},{"not_picked":["Wallop+1","ThirdEye+1","FlyingSleeves"],"picked":"ReachHeaven+1","floor":42},{"not_picked":["FollowUp","Meditate+1","BattleHymn","Consecrate"],"picked":"SKIP","floor":42},{"not_picked":["EmptyFist+1","Consecrate+1","EmptyBody"],"picked":"FollowUp+1","floor":44},{"not_picked":["CrushJoints+1","Vengeance+1","FollowUp+1"],"picked":"DeusExMachina","floor":47},{"not_picked":["Evaluate+1","SashWhip+1","ClearTheMind"],"picked":"CutThroughFate+1","floor":48}],"player_experience":658355,"relics_obtained":[{"floor":5.0,"key":"Whetstone"},{"floor":6.0,"key":"Prayer Wheel"},{"floor":9.0,"key":"CloakClasp"},{"floor":14.0,"key":"TungstenRod"},{"floor":24.0,"key":"Meat on the Bone"},{"floor":24.0,"key":"Blue Candle"},{"floor":40,"key":"Question Card"},{"floor":40,"key":"Bronze Scales"},{"floor":43,"key":"Juzu Bracelet"},{"floor":44,"key":"White Beast Statue"},{"floor":44,"key":"Molten Egg 2"},{"floor":47,"key":"Peace Pipe"},{"floor":48,"key":"FossilizedHelix"}],"event_choices":[{"damage_healed":0.0,"max_hp_gain":0.0,"max_hp_loss":0.0,"gold_gain":0.0,"event_name":"Shining Light","player_choice":"Entered Light","floor":3.0,"gold_loss":0.0,"damage_taken":14.0,"cards_upgraded":["Defend_P","BowlingBash"]},{"damage_healed":0.0,"max_hp_gain":0.0,"max_hp_loss":0.0,"gold_gain":0.0,"event_name":"Scrap Ooze","player_choice":"Success","floor":4.0,"gold_loss":0.0,"damage_taken":3.0,"relics_obtained":["War Paint"]},{"damage_healed":18.0,"max_hp_gain":0.0,"max_hp_loss":0.0,"gold_gain":0.0,"event_name":"The Cleric","player_choice":"Healed","floor":8.0,"gold_loss":35.0,"damage_taken":0.0},{"damage_healed":18.0,"max_hp_gain":0.0,"max_hp_loss":0.0,"gold_gain":0.0,"event_name":"Mushrooms","player_choice":"Healed and dodged fight","floor":11.0,"gold_loss":0.0,"damage_taken":0.0,"cards_obtained":["Parasite"]},{"damage_healed":0.0,"max_hp_gain":0.0,"max_hp_loss":0.0,"gold_gain":0.0,"event_name":"Addict","player_choice":"Stole Relic","floor":20.0,"gold_loss":0.0,"damage_taken":0.0,"relics_obtained":["CeramicFish"],"cards_obtained":["Shame"]},{"damage_healed":0.0,"max_hp_gain":0.0,"max_hp_loss":0.0,"gold_gain":0.0,"event_name":"Back to Basics","player_choice":"Simplicity","floor":22.0,"gold_loss":0.0,"damage_taken":0.0,"cards_upgraded":["Strike_P","Strike_P","Defend_P"]},{"cards_removed":["LessonLearned"],"damage_healed":28.0,"max_hp_gain":10.0,"max_hp_loss":0.0,"gold_gain":0.0,"event_name":"Bonfire Elementals","player_choice":"Offered Rare","floor":28.0,"gold_loss":0.0,"damage_taken":0.0},{"damage_healed":0.0,"max_hp_gain":0.0,"max_hp_loss":0.0,"gold_gain":0.0,"event_name":"The Mausoleum","player_choice":"Opened","floor":31.0,"gold_loss":0.0,"damage_taken":0.0,"relics_obtained":["Ornamental Fan"]},{"damage_healed":0,"gold_gain":0,"player_choice":"Upgraded Two","damage_taken":0,"max_hp_gain":0,"max_hp_loss":0,"event_name":"Designer","floor":38,"gold_loss":40,"cards_upgraded":["Halt","SignatureMove"]},{"damage_healed":0,"gold_gain":0,"player_choice":"Embrace Madness","damage_taken":10,"max_hp_gain":0,"max_hp_loss":0,"event_name":"Winding Halls","floor":46,"gold_loss":0,"cards_obtained":["Madness","Madness"]},{"damage_healed":0,"gold_gain":0,"player_choice":"Fight","damage_taken":0,"max_hp_gain":0,"max_hp_loss":0,"event_name":"Mysterious Sphere","floor":47,"gold_loss":0},{"damage_healed":0,"gold_gain":0,"player_choice":"Fight","damage_taken":0,"max_hp_gain":0,"max_hp_loss":0,"event_name":"MindBloom","floor":48,"gold_loss":0}],"is_beta":false,"boss_relics":[{"not_picked":["HolyWater","Sozu"],"picked":"Black Star"},{"not_picked":["Pandora\u0027s Box","VioletLotus"],"picked":"Astrolabe"}],"items_purged_floors":[],"is_endless":false,"potions_floor_spawned":[14,16,19,29,35,42,44,47,48],"killed_by":"Shield and Spear","ascension_level":0}}