{"host":"avybiddlniqinkgc","time":1614262195,"event":{"mods":["AchievementEnabler","BaseMod","Colored Map","DeckTracker","Highlight Path","KOR Keyword Fix","Keyboard Shortcuts","Minty Spire (QoL Compilation)","Permanent Neow","Quick Restart","Random Character Button","Rare Cards Sparkle","StSLib","SuperFastMode"],"gold_per_floor":[219,229,105,180,2,34,34,34,34,34,45,45,45,65,65,166,166,182,107,107,85,135,135,153,153,207,218,218,245,245,255,255,357,357,370,592,170,170,190,190,222,238,238,291,316,166,179,190,190,190],"floor_reached":51,"language":"KOR","playtime":732,"items_purged":["Strike_G","Strike_G","Defend_G","Strike_G"],"score":835,"play_id":"deb038a7-20de-4b97-afa1-e7d2308f52e4","local_time":"20210225230955","is_ascension_mode":true,"campfire_choices":[{"floor":8.0,"key":"REST"},{"data":"Deadly Poison","floor":10.0,"key":"SMITH"},{"data":"Deadly Poison","floor":13.0,"key":"SMITH"},{"data":"Catalyst","floor":15.0,"key":"SMITH"},{"data":"Crippling Poison","floor":23.0,"key":"SMITH"},{"data":"Neutralize","floor":25.0,"key":"SMITH"},{"data":"Bouncing Flask","floor":30.0,"key":"SMITH"},{"floor":32.0,"key":"REST"},{"data":"Burst","floor":40.0,"key":"SMITH"},{"floor":49,"key":"REST"}],"circlet_count":0,"master_deck":["Strike_G","Defend_G","Defend_G","Defend_G","Defend_G","Survivor","Neutralize+1","Deadly Poison+1","Poisoned Stab","Backflip","Crippling Poison+1","Deadly Poison+1","Acrobatics","Catalyst+1","Caltrops+1","Dodge and Roll","Dagger Spray","Bouncing Flask+1","Catalyst","Deadly Poison","Burst+1","Madness","Madness","Catalyst+1","Deadly Poison+1","Blur"],"relics":["Ring of the Snake","Paper Crane","Pear","Philosopher\u0027s Stone","Vajra","MealTicket","Red Mask","Velvet Choker","Torii","Nunchaku","Frozen Egg 2","Lizard Tail","Bottled Tornado"],"acts_visited":["Exordium","TheCity","TheBeyond"],"potions_floor_usage":[],"damage_taken":[{"damage":0.0,"enemies":"2 Louse","floor":1.0,"turns":3.0},{"damage":3.0,"enemies":"Jaw Worm","floor":2.0,"turns":4.0},{"damage":30.0,"enemies":"Gremlin Nob","floor":6.0,"turns":5.0},{"damage":0.0,"enemies":"Cultist","floor":11.0,"turns":3.0},{"damage":1.0,"enemies":"2 Fungi Beasts","floor":14.0,"turns":4.0},{"damage":4.0,"enemies":"The Guardian","floor":16.0,"turns":6.0},{"damage":6.0,"enemies":"Shell Parasite","floor":18.0,"turns":4.0},{"damage":0.0,"enemies":"Spheric Guardian","floor":24.0,"turns":3.0},{"damage":2.0,"enemies":"Snake Plant","floor":27.0,"turns":4.0},{"damage":9.0,"enemies":"Masked Bandits","floor":29.0,"turns":4.0},{"damage":19.0,"enemies":"3 Cultists","floor":31.0,"turns":5.0},{"damage":54.0,"enemies":"Collector","floor":33.0,"turns":7.0},{"damage":15.0,"enemies":"3 Darklings","floor":35.0,"turns":4.0},{"damage":1.0,"enemies":"3 Shapes","floor":39.0,"turns":3.0},{"damage":18.0,"enemies":"Reptomancer","floor":41.0,"turns":3.0},{"damage":1.0,"enemies":"Maw","floor":42.0,"turns":3.0},{"damage":9.0,"enemies":"2 Orb Walkers","floor":44.0,"turns":3.0},{"damage":9,"enemies":"Giant Head","floor":45,"turns":4},{"damage":7,"enemies":"4 Shapes","floor":47,"turns":5},{"damage":43,"enemies":"Sphere and 2 Shapes","floor":48,"turns":4},{"damage":33,"enemies":"Time Eater","floor":50,"turns":5}],"seed_played":"-8927944168453984082","potions_obtained":[{"floor":2.0,"key":"Dexterity Potion"},{"floor":11.0,"key":"SkillPotion"},{"floor":16.0,"key":"Energy Potion"},{"floor":27.0,"key":"EssenceOfSteel"},{"floor":31.0,"key":"Weak Potion"},{"floor":39.0,"key":"Explosive Potion"},{"floor":41.0,"key":"Block Potion"},{"floor":47,"key":"Dexterity Potion"}],"is_trial":false,"path_per_floor":["M","M","$","?","$","E","?","R","T","R","M","?","R","M","R","B",null,"M","?","?","$","T","R","M","R","T","M","?","?","R","M","R","B",null,"M","?","$","?","M","R","E","M","T","?","E","$","M","M","R","B",null],"character_chosen":"THE_SILENT","items_purchased":["Backflip","Crippling Poison","Dodge and Roll","Torii"],"campfire_rested":3,"item_purchase_floors":[3,5,21,37],"current_hp_per_floor":[70,67,67,56,56,26,33,57,57,57,57,62,62,61,61,57,85,79,79,79,79,79,79,79,79,79,77,77,68,68,49,74,20,85,70,70,85,74,73,73,55,54,54,45,36,51,44,1,26,42],"gold":190,"neow_bonus":"HUNDRED_GOLD","is_daily":false,"chose_seed":false,"campfire_upgraded":7,"win_rate":0.0,"timestamp":1614262195,"path_taken":["M","M","$","?","$","E","?","R","T","R","M","?","R","M","R","BOSS","M","?","?","$","?","R","?","R","T","M","?","?","R","M","R","BOSS","M","?","$","?","M","R","E","M","T","?","E","?","?","M","R","BOSS"],"items_purchased_type":["Card","Card","Card","Relic"],"build_version":"2020-12-22","purchased_purges":4,"victory":true,"max_hp_per_floor":[70,70,70,70,70,70,80,80,80,80,80,85,85,85,85,85,85,85,85,85,85,85,85,85,85,85,85,85,85,85,85,85,85,85,85,85,85,85,85,85,85,85,85,85,85,85,85,85,85,85],"card_choices":[{"not_picked":["Reflex","PiercingWail"],"picked":"Deadly Poison","floor":1.0},{"not_picked":["Distraction","Escape Plan"],"picked":"Poisoned Stab","floor":2.0},{"not_picked":["Dagger Spray","Endless Agony"],"picked":"Deadly Poison","floor":6.0},{"not_picked":["Poisoned Stab","Die Die Die"],"picked":"Acrobatics","floor":11.0},{"not_picked":["Riddle With Holes","Terror"],"picked":"Catalyst","floor":14.0},{"not_picked":["Crippling Poison+1","Calculated Gamble"],"picked":"Caltrops+1","floor":18.0},{"not_picked":["Infinite Blades","Dodge and Roll"],"picked":"Dagger Spray","floor":24.0},{"not_picked":["Dash","Predator"],"picked":"Bouncing Flask","floor":27.0},{"not_picked":["Flechettes","Skewer"],"picked":"Deadly Poison","floor":29.0},{"not_picked":["Sucker Punch","Flying Knee+1","PiercingWail"],"picked":"SKIP","floor":31.0},{"not_picked":["Unload","Wraith Form v2"],"picked":"Burst","floor":33.0},{"not_picked":["Dodge and Roll+1","Dagger Spray","All Out Attack+1"],"picked":"SKIP","floor":35.0},{"not_picked":["Terror","All Out Attack"],"picked":"Catalyst+1","floor":39.0},{"not_picked":["Poisoned Stab","Catalyst+1","Riddle With Holes"],"picked":"SKIP","floor":41.0},{"not_picked":["Slice","Deflect"],"picked":"Deadly Poison+1","floor":42.0},{"not_picked":["Expertise+1","Deadly Poison","Reflex+1"],"picked":"SKIP","floor":45},{"not_picked":["Bouncing Flask","Slice+1"],"picked":"Blur","floor":47},{"not_picked":["Eviscerate","All Out Attack","Backstab"],"picked":"SKIP","floor":48}],"player_experience":13693,"relics_obtained":[{"floor":6.0,"key":"Paper Crane"},{"floor":22.0,"key":"Vajra"},{"floor":26.0,"key":"MealTicket"},{"floor":29.0,"key":"Red Mask"},{"floor":41.0,"key":"Nunchaku"},{"floor":43.0,"key":"Frozen Egg 2"},{"floor":44.0,"key":"Lizard Tail"},{"floor":45,"key":"Bottled Tornado"}],"event_choices":[{"damage_healed":0.0,"max_hp_gain":0.0,"max_hp_loss":0.0,"gold_gain":75.0,"event_name":"World of Goop","player_choice":"Gather Gold","floor":4.0,"gold_loss":0.0,"damage_taken":11.0},{"damage_healed":0.0,"max_hp_gain":0.0,"max_hp_loss":0.0,"gold_gain":0.0,"event_name":"Scrap Ooze","player_choice":"Success","floor":7.0,"gold_loss":0.0,"damage_taken":3.0,"relics_obtained":["Pear"]},{"damage_healed":0.0,"max_hp_gain":5.0,"max_hp_loss":0.0,"gold_gain":0.0,"event_name":"Big Fish","player_choice":"Donut","floor":12.0,"gold_loss":0.0,"damage_taken":0.0},{"cards_removed":["Strike_G"],"damage_healed":0.0,"max_hp_gain":0.0,"max_hp_loss":0.0,"gold_gain":0.0,"event_name":"Beggar","player_choice":"Gave Gold","floor":19.0,"gold_loss":75.0,"damage_taken":0.0},{"damage_healed":0.0,"max_hp_gain":0.0,"max_hp_loss":0.0,"gold_gain":0.0,"event_name":"Vampires","player_choice":"Ignored","floor":20.0,"gold_loss":0.0,"damage_taken":0.0},{"damage_healed":0.0,"max_hp_gain":0.0,"max_hp_loss":0.0,"gold_gain":0.0,"event_name":"The Library","player_choice":"Read","floor":28.0,"gold_loss":0.0,"damage_taken":0.0,"cards_obtained":["Catalyst"]},{"damage_healed":0.0,"max_hp_gain":0.0,"max_hp_loss":0.0,"gold_gain":0.0,"event_name":"Masked Bandits","player_choice":"Fought Bandits","floor":29.0,"gold_loss":0.0,"damage_taken":0.0},{"damage_healed":0.0,"max_hp_gain":0.0,"max_hp_loss":0.0,"gold_gain":222.0,"event_name":"Tomb of Lord Red Mask","player_choice":"Wore Mask","floor":36.0,"gold_loss":0.0,"damage_taken":0.0},{"damage_healed":0.0,"max_hp_gain":0.0,"max_hp_loss":0.0,"gold_gain":0.0,"event_name":"Winding Halls","player_choice":"Embrace Madness","floor":38.0,"gold_loss":0.0,"damage_taken":11.0,"cards_obtained":["Madness","Madness"]},{"damage_healed":0.0,"max_hp_gain":0.0,"max_hp_loss":0.0,"gold_gain":0.0,"event_name":"Mysterious Sphere","player_choice":"Fight","floor":44.0,"gold_loss":0.0,"damage_taken":0.0}],"is_beta":false,"boss_relics":[{"not_picked":["Fusion Hammer","Runic Dome"],"picked":"Philosopher\u0027s Stone"},{"not_picked":["Astrolabe","Ring of the Serpent"],"picked":"Velvet Choker"}],"items_purged_floors":[3,5,37,46],"is_endless":false,"potions_floor_spawned":[2,11,16,27,31,39,41,47,48],"ascension_level":1}}