{"host":"thy1foxqb9mxzg9y","time":1614262386,"event":{"mods":["2.2 Compatiblity","AchievementEnabler","Act Like it!","BaseMod","Best Route Mod","Custom Start","Exacting","Halation","Hallownest","Hubris","Jorbs\u0027s Wanderer Trilogy","Minty Spire (QoL Compilation)","Permanent Neow","Rare Cards Sparkle","Replay The Spire","Shop Mod","Slumbering Mod","StSLib","The Bug Knight","The Disciple","The Elementalist","The Exalted","The Hierophant","The Judge"],"gold_per_floor":[127,127,149,169,169,169,169,191,269,140,173,173,196,196,196,220,220],"floor_reached":16,"language":"ENG","playtime":1138,"items_purged":["HollowMod:QuickDashStart"],"score":100,"play_id":"7d564782-5602-4070-964d-c35248e00286","local_time":"20210225171306","is_ascension_mode":false,"campfire_choices":[{"data":"HollowMod:PureNailStrike","floor":6,"key":"SMITH"},{"data":"HollowMod:NewGlowingWomb","floor":15,"key":"SMITH"}],"circlet_count":1,"master_deck":["HollowMod:NailStrikeStart","HollowMod:NailStrikeStart","HollowMod:NailStrikeStart","HollowMod:NailStrikeStart","HollowMod:QuickDashStart","HollowMod:QuickDashStart+1","HollowMod:QuickDashStart","HollowMod:FocusHealStart","HollowMod:PogoStrike","HollowMod:PureNailStrike+1","HollowMod:MothsMistake","HollowMod:SoulEater","HollowMod:HowlingWraiths","HollowMod:CloakDash","HollowMod:NewGlowingWomb+1"],"relics":["HollowMod:VesselMask","Juzu Bracelet","halation:IllGainedPizza","Hallownest:DreamNailRelic","halation:EternalFortune","hubris:DisguiseKit","Nunchaku","Circlet","Hallownest:TeacherSealRelic"],"acts_visited":["Exordium"],"potions_floor_usage":[8,16,16],"damage_taken":[{"damage":8,"enemies":"Hallownest:2_Tiktiks_and_1_Crawlid","floor":1,"turns":4},{"damage":0,"enemies":"2_ Uuma","floor":3,"turns":5},{"damage":2,"enemies":"Hallownest:monsterHuskWarrior","floor":4,"turns":4},{"damage":12,"enemies":"Hallownest:Guard_and_Warrior","floor":8,"turns":5},{"damage":17,"enemies":"Hallownest:eliteMossKnight","floor":11,"turns":5},{"damage":14,"enemies":"Hallownest:monsterMossCharger","floor":13,"turns":4},{"damage":56,"enemies":"Hallownest:BossHornet","floor":16,"turns":7}],"seed_played":"7165149978024155433","potions_obtained":[{"floor":1,"key":"Weak Potion"},{"floor":4,"key":"DistilledChaos"},{"floor":8,"key":"EssenceOfSteel"}],"is_trial":false,"path_per_floor":["M","?","M","M","?","R","?","M","T","$","E","?","M","?","R","B"],"character_chosen":"THE_BUGKNIGHT","items_purchased":["HollowMod:CloakDash"],"campfire_rested":0,"item_purchase_floors":[10],"current_hp_per_floor":[73,73,75,73,73,73,76,64,64,64,47,47,39,39,39,0,0],"gold":220,"neow_bonus":"RANDOM_COMMON_RELIC","is_daily":false,"chose_seed":false,"campfire_upgraded":2,"win_rate":0.0,"timestamp":1614262386,"path_taken":["M","?","M","M","?","R","?","M","T","$","E","?","M","?","R","BOSS"],"items_purchased_type":["Card"],"build_version":"2020-12-22","purchased_purges":1,"victory":false,"max_hp_per_floor":[75,75,75,75,75,75,78,78,78,78,78,78,78,78,78,78,78],"card_choices":[{"not_picked":["HollowMod:MonarchWings","HollowMod:DescendingDark"],"picked":"HollowMod:PureNailStrike","floor":1},{"not_picked":["HollowMod:BlackTendrils","HollowMod:FastStrike"],"picked":"HollowMod:MothsMistake","floor":3},{"not_picked":["HollowMod:SiblingsShadow","HollowMod:SoulStrike"],"picked":"HollowMod:SoulEater","floor":4},{"not_picked":["HollowMod:GrimmsGift","HollowMod:InfectedCysts"],"picked":"HollowMod:HowlingWraiths","floor":8},{"not_picked":["HollowMod:DoubleDash","HollowMod:VengefulVoid","HollowMod:GreatSlash","ClearTheMind"],"picked":"SKIP","floor":11},{"not_picked":["HollowMod:CoiledNail","HollowMod:DesolateDive","CutThroughFate"],"picked":"HollowMod:NewGlowingWomb","floor":13}],"player_experience":128531,"relics_obtained":[{"floor":1,"key":"halation:IllGainedPizza"},{"floor":9,"key":"hubris:DisguiseKit"},{"floor":11,"key":"Nunchaku"}],"event_choices":[],"is_beta":false,"boss_relics":[],"items_purged_floors":[10],"is_endless":false,"potions_floor_spawned":[1,4,8],"killed_by":"Hallownest:BossHornet","ascension_level":0}}