{"host":"q6l9o5ad25lrm2yj","time":1614248216,"event":{"mods":["BaseMod","BetterRewards","Colored Powertips","Lobotomy","LobotomyExtend","Minty Spire (QoL Compilation)","Quick Restart","Replay The Spire","StSLib","[IsaacMod]ÒÔÈö¼âËþ"],"gold_per_floor":[111,127,139,239,256,256,256,256,280,280,280,280,280,90,90,186,186,197,197,197,207,221,221,221,236,286,286,286,286,303,303,303,303,303],"floor_reached":33,"language":"ZHS","playtime":1901,"items_purged":[],"score":283,"play_id":"cadf2f0b-9cce-40fd-97da-d729ed975cef","local_time":"20210225181656","daily_mods":["Hoarder","Heirloom","Time Dilation","Flight","Elite Swarm"],"is_ascension_mode":false,"campfire_choices":[{"floor":7,"key":"REST"},{"floor":13,"key":"REST"},{"data":"DoctorFetus","floor":15,"key":"SMITH"},{"data":"DoctorFetus","floor":15,"key":"SMITH"},{"floor":24,"key":"REST"},{"floor":32,"key":"DIG"}],"circlet_count":0,"master_deck":["SpecialBullet","SpecialBullet","SpecialBullet","SpecialBullet","SpecialBullet","SpecialBullet","SpecialBullet","SpecialBullet","DoctorFetus+1","Bloodbath","Bloodbath","Bloodbath","Harvest","Harvest","OSAHOGD","OSAHOGD","OSAHOGD","ControlCode","ControlCode","ControlCode","Lamp+1","Lamp+4","InformationCode","Wingbeat+1","Wingbeat+1","Wingbeat+1","ShyLook","ShyLook","Clumsy","ReplayTheSpireMod:Splinters","VoidDream","VoidDream","VoidDream","MHz","MHz","MHz","WhiteNight","WhiteNight","WhiteNight","SecurityCode","SecurityCode","SecurityCode"],"relics":["CogitoBucket","HushsDoor","Replay:Arrowhead","PillsDrop","LetterFromLob","Akabeko","ClockworkSouvenir","Kintsugi","AspirationHeart","Art of War","Darkstone Periapt"],"acts_visited":["Exordium","TheCity"],"potions_floor_usage":[25],"damage_taken":[{"damage":10,"enemies":"Small Slimes","floor":1,"turns":3},{"damage":6,"enemies":"Cultist","floor":2,"turns":3},{"damage":0,"enemies":"2 Louse","floor":3,"turns":1},{"damage":16,"enemies":"Large Slime","floor":5,"turns":4},{"damage":12,"enemies":"Slime Boss","floor":16,"turns":7},{"damage":10,"enemies":"2 Thieves","floor":18,"turns":4},{"damage":40,"enemies":"Shell Parasite","floor":21,"turns":8},{"damage":28,"enemies":"Snake Plant","floor":22,"turns":4},{"damage":18,"enemies":"Chosen and Byrds","floor":25,"turns":8},{"damage":0,"enemies":"Snecko","floor":30,"turns":4},{"damage":149,"enemies":"Automaton","floor":33,"turns":14}],"seed_played":"837800921141538599","potions_obtained":[{"floor":22,"key":"Languid Potion"},{"floor":25,"key":"SpeedPotion"}],"is_trial":true,"path_per_floor":["M","M","M","?","M","R","R","R","T","R","?","R","R","$","R","B",null,"M","M","?","M","M","R","R","M","T","R","R","R","M","?","R","B"],"character_chosen":"Angela","items_purchased":["Wingbeat+1","ClockworkSouvenir"],"campfire_rested":3,"item_purchase_floors":[14,14],"current_hp_per_floor":[60,61,63,63,49,49,70,70,70,70,55,55,73,73,73,67,77,81,81,81,48,25,25,25,82,82,82,82,82,94,94,94,0,0],"gold":303,"neow_bonus":"","is_daily":false,"chose_seed":false,"campfire_upgraded":2,"win_rate":0.0,"timestamp":1614248216,"path_taken":["M","M","M","?","M","R","R","R","T","R","?","R","R","$","R","BOSS","M","?","?","M","M","R","R","M","T","R","R","R","M","?","R","BOSS"],"items_purchased_type":["Card","Relic"],"build_version":"2020-12-22","purchased_purges":0,"victory":false,"max_hp_per_floor":[70,73,73,73,73,73,73,73,73,73,73,73,73,73,73,77,77,91,91,91,95,94,94,94,94,94,94,94,94,94,94,94,94,94],"card_choices":[{"not_picked":[],"picked":"DoctorFetus","floor":0},{"not_picked":["Wellcheers","VoidDream"],"picked":"Bloodbath","floor":1},{"not_picked":["Diffraction","Horn"],"picked":"SKIP","floor":1},{"not_picked":["CrimsonScar"],"picked":"Harvest","floor":2},{"not_picked":["BeautyBeast","GreedKing"],"picked":"OSAHOGD","floor":2},{"not_picked":["Loneliness","WristCuter"],"picked":"SKIP","floor":3},{"not_picked":["Laetitia_ego"],"picked":"Lamp","floor":4},{"not_picked":["FrostShard","Christmas"],"picked":"SKIP","floor":5},{"not_picked":["UniverseFragment","WallGazer"],"picked":"ShyLook","floor":16},{"not_picked":["HappyTeddy","BlackArmy"],"picked":"VoidDream","floor":18},{"not_picked":["Horn+1","WristCuter"],"picked":"SKIP","floor":18},{"not_picked":["BigBird","OldLady"],"picked":"MHz","floor":21},{"not_picked":["ShedSkin","Loneliness"],"picked":"SKIP","floor":21},{"not_picked":["Freischutz","LaLuna"],"picked":"WhiteNight","floor":22},{"not_picked":["Regret_ego+1","Tough"],"picked":"SKIP","floor":22},{"not_picked":["FeatherOfHonor","Beak"],"picked":"SKIP","floor":25},{"not_picked":["Discord","Laetitia_ego"],"picked":"SKIP","floor":30}],"player_experience":32416,"relics_obtained":[{"floor":1,"key":"LetterFromLob"},{"floor":9,"key":"Akabeko"},{"floor":26,"key":"Art of War"},{"floor":32,"key":"Darkstone Periapt"}],"event_choices":[{"damage_healed":0,"gold_gain":0,"player_choice":"Entered Light","damage_taken":15,"max_hp_gain":0,"max_hp_loss":0,"event_name":"Shining Light","floor":11,"gold_loss":0,"cards_upgraded":["DoctorFetus","Lamp"]},{"damage_healed":0,"gold_gain":0,"player_choice":"Ignored","damage_taken":0,"max_hp_gain":0,"max_hp_loss":0,"event_name":"Ghosts","floor":20,"gold_loss":0}],"is_beta":false,"boss_relics":[{"not_picked":["Honey Jar","Runic Dome"],"picked":"Kintsugi"},{"not_picked":[]}],"items_purged_floors":[],"is_endless":false,"potions_floor_spawned":[22,25],"killed_by":"Automaton","ascension_level":0}}