{"host":"7fyy23rucerupe6i","time":1614230234,"event":{"mods":["AchievementEnabler","Act Like it!","Aspiration","BaseMod","Better Note","BetterRewards","Colored Map","Colored Powertips","Conspire","Curses Come First","Custom Start","Downfall","Googly Eyes","Marisa£®ÏF”Í°°ƒß¿Ì…≥£©","Minty Spire (QoL Compilation)","Quick Restart","Relic Stats","Shop Mod","ShortenTheSpire","Spicy Shops","StSLib","SuperFastMode","The Blackbeard","The Construct","The Cursed","The Senshi","The Servant 0.9.4"],"gold_per_floor":[110,127,147,167,186,186,213,268,268,282,282,282,282],"floor_reached":12,"language":"ZHS","playtime":507,"items_purged":["Normality"],"score":164,"play_id":"7c03f02e-f66b-45e4-8580-9d2efa88797e","local_time":"20210225131714","is_ascension_mode":true,"campfire_choices":[{"data":"Eruption","floor":6,"key":"SMITH"},{"data":"Adaptation","floor":11,"key":"SMITH"}],"circlet_count":0,"master_deck":["AscendersBane","Strike_P","Strike_P","Strike_P","Strike_P","Defend_P","Defend_P","Defend_P","Defend_P","Eruption+1","Vigilance","Tantrum","ClearTheMind","SignatureMove","Halt","Vengeance","Halt","Adaptation+1","FlurryOfBlows","Halt"],"relics":["PureWater","Cauldron","MerchantsRug","Blood Vial","Turnip","Bag of Marbles","Pear"],"acts_visited":["Exordium"],"potions_floor_usage":[3,5,7,12],"damage_taken":[{"damage":0,"enemies":"Cultist","floor":1,"turns":2},{"damage":12,"enemies":"Jaw Worm","floor":2,"turns":2},{"damage":0,"enemies":"2 Louse","floor":3,"turns":1},{"damage":0,"enemies":"Large Slime","floor":4,"turns":4},{"damage":17,"enemies":"Looter","floor":5,"turns":2},{"damage":5,"enemies":"Gremlin Nob","floor":7,"turns":3},{"damage":0,"enemies":"Exordium Wildlife","floor":10,"turns":3},{"damage":35,"enemies":"3 Sentries","floor":12,"turns":3}],"seed_played":"-5521500055188079743","potions_obtained":[{"floor":0,"key":"PowerPotion"},{"floor":0,"key":"Block Potion"},{"floor":0,"key":"conspire:TimeTravelPotion"},{"floor":0,"key":"EssenceOfSteel"},{"floor":1,"key":"Fire Potion"},{"floor":2,"key":"PowerPotion"},{"floor":5,"key":"ColorlessPotion"},{"floor":7,"key":"champ:CounterPotion"}],"is_trial":false,"path_per_floor":["M","M","M","M","M","R","E","?","T","M","R","E"],"character_chosen":"WATCHER","items_purchased":["Cauldron","MerchantsRug","Tantrum","Blood Vial","ClearTheMind","SignatureMove","Halt"],"campfire_rested":0,"item_purchase_floors":[0,0,0,0,0,0,0],"current_hp_per_floor":[32,22,24,26,11,11,8,8,18,20,20,0,0],"gold":282,"neow_bonus":"","is_daily":false,"chose_seed":false,"campfire_upgraded":2,"win_rate":0.0,"timestamp":1614230234,"path_taken":["M","M","?","M","M","R","E","?","T","M","R","E"],"items_purchased_type":["Relic","Relic","Card","Relic","Card","Card","Card"],"build_version":"2020-12-22","purchased_purges":1,"victory":false,"max_hp_per_floor":[68,68,68,68,68,68,68,68,78,78,78,78,78],"relic_stats":{"Blood Vial":16,"counters":[23,70],"Turnip":[5],"obtain_stats":[{"Regal Pillow":0,"Whetstone":0,"Ancient Tea Set":12,"ClockworkSouvenir":0,"Blood Vial":0,"Lizard Tail":3,"HornCleat":0,"Shovel":0,"Slimebound:StickyStick":0,"aspiration:AnachronicSnailShell":6,"Tiny Chest":0,"Kunai":9,"aspiration:DSix":0,"aspiration:ChemicalBlood":6,"Potion Belt":0,"MerchantsRug":0,"Lee\u0027s Waffle":0,"Pear":9,"Golden Idol":2,"PreservedInsect":0,"aspiration:HummingbirdHeart":0,"Mercury Hourglass":0,"Cauldron":0,"Turnip":0,"Bag of Marbles":0,"PureWater":0},{"Regal Pillow":3,"Whetstone":0,"Ancient Tea Set":13,"ClockworkSouvenir":3,"Blood Vial":15,"Lizard Tail":2,"HornCleat":3,"Shovel":3,"Slimebound:StickyStick":0,"aspiration:AnachronicSnailShell":11,"Tiny Chest":0,"Kunai":12,"aspiration:DSix":7,"aspiration:ChemicalBlood":6,"Potion Belt":0,"MerchantsRug":15,"Lee\u0027s Waffle":7,"Pear":21,"Golden Idol":4,"PreservedInsect":3,"aspiration:HummingbirdHeart":7,"Mercury Hourglass":0,"Cauldron":15,"Turnip":15,"Bag of Marbles":7,"PureWater":0},{"Regal Pillow":7,"Whetstone":0,"Ancient Tea Set":42,"ClockworkSouvenir":7,"Blood Vial":50,"Lizard Tail":5,"HornCleat":7,"Shovel":7,"Slimebound:StickyStick":0,"aspiration:AnachronicSnailShell":31,"Tiny Chest":0,"Kunai":34,"aspiration:DSix":21,"aspiration:ChemicalBlood":16,"Potion Belt":0,"MerchantsRug":50,"Lee\u0027s Waffle":21,"Pear":64,"Golden Idol":11,"PreservedInsect":7,"aspiration:HummingbirdHeart":21,"Mercury Hourglass":0,"Cauldron":50,"Turnip":50,"Bag of Marbles":21,"PureWater":0}]},"card_choices":[{"not_picked":["Swivel","DeceiveReality"],"picked":"Vengeance","floor":1},{"not_picked":["SandsOfTime","Study"],"picked":"Halt","floor":2},{"not_picked":["Wireheading","CutThroughFate"],"picked":"Adaptation","floor":3},{"not_picked":["JustLucky","Worship"],"picked":"FlurryOfBlows","floor":4},{"not_picked":["Crescendo","BowlingBash","Nirvana"],"picked":"SKIP","floor":5},{"not_picked":["DeceiveReality","FearNoEvil"],"picked":"Halt","floor":7},{"not_picked":["Sanctity","Prostrate","Tantrum"],"picked":"SKIP","floor":10}],"player_experience":609113,"relics_obtained":[{"floor":7,"key":"Bag of Marbles"},{"floor":9,"key":"Pear"}],"event_choices":[{"damage_healed":0,"gold_gain":55,"player_choice":"Gained Gold","damage_taken":0,"max_hp_gain":0,"max_hp_loss":0,"event_name":"Golden Wing","floor":8,"gold_loss":0}],"is_beta":false,"boss_relics":[],"items_purged_floors":[0],"is_endless":false,"potions_floor_spawned":[1,2,5,7],"killed_by":"3 Sentries","ascension_level":20}}