{"host":"ox77rn1xcurm2t5a","time":1614281759,"event":{"mods":["2.2 Compatiblity","AchievementEnabler","Act Like it!","Aspiration","BaseMod","Best Route Mod","Better Match","Better Note","Better Sensory Stone","Block Reminder","Colored Map","Colored Powertips","Conjunction","Conspire","Custom Start","Energized Spire","GifTheSpireLib","Gold Saver","Gremlin Skip","Halation","Highlight Path","Hubris","Infinite Spire","Minty Spire (QoL Compilation)","Pale of the Ancients","Quick Restart","Reliquary","Replay The Spire","Reworked Bosses","ShortenTheSpire","Spire Exporter","StSLib","Stuff the Spire","Wandering Minibosses"],"gold_per_floor":[455,466,2,32,42,42,59,89,89,89,89,89,7,22,22,22,22],"floor_reached":16,"language":"ENG","playtime":363,"items_purged":["Defend_R"],"score":160,"play_id":"8fc85bf3-1222-442e-bebc-d8ca241b2cbb","local_time":"20210225213559","is_ascension_mode":true,"campfire_choices":[{"floor":6,"key":"RECALL"},{"data":"Sword Boomerang","floor":10,"key":"SMITH"},{"floor":12,"key":"REST"},{"data":"Uppercut","floor":15,"key":"SMITH"}],"circlet_count":0,"master_deck":["AscendersBane","Strike_R","Strike_R","Strike_R","Strike_R","Strike_R","Defend_R","Defend_R+1","Defend_R","Bash+1","Sword Boomerang+1","Heavy Blade","Twin Strike+1","Uppercut+1","Perfected Strike"],"relics":["Burning Blood","infinitespire:CheckeredPen","MealTicket","Vajra"],"acts_visited":["Exordium"],"potions_floor_usage":[4,8,16],"damage_taken":[{"damage":3,"enemies":"2 Louse","floor":1,"turns":3},{"damage":1,"enemies":"Small Slimes","floor":2,"turns":4},{"damage":18,"enemies":"conspire:MimicChest","floor":4,"turns":4},{"damage":0,"enemies":"Cultist","floor":5,"turns":2},{"damage":25,"enemies":"Gremlin Gang","floor":7,"turns":5},{"damage":24,"enemies":"Gremlin Nob","floor":8,"turns":4},{"damage":6,"enemies":"Exordium Thugs","floor":14,"turns":3},{"damage":83,"enemies":"Fading Forest","floor":16,"turns":9}],"seed_played":"-6986305571912212277","potions_obtained":[{"floor":2,"key":"Reflective Coating"},{"floor":7,"key":"Conjunction:LightningMarble"},{"floor":14,"key":"SkillPotion"}],"is_trial":false,"path_per_floor":["M","M","$","?","M","R","M","E","T","R","?","R","$","M","R","B"],"character_chosen":"IRONCLAD","items_purchased":["infinitespire:CheckeredPen","Fruit Juice","Heavy Blade","Uppercut"],"campfire_rested":1,"item_purchase_floors":[3,3,3,13],"current_hp_per_floor":[75,80,80,73,79,79,60,42,42,42,25,50,65,65,65,0,0],"gold":22,"neow_bonus":"RANDOM_EVENT","is_daily":false,"chose_seed":false,"campfire_upgraded":2,"win_rate":0.0,"timestamp":1614281759,"path_taken":["M","M","$","?","M","R","M","E","T","R","?","R","$","M","R","BOSS"],"items_purchased_type":["Relic","Potion","Card","Card"],"build_version":"2020-12-22","purchased_purges":1,"victory":false,"max_hp_per_floor":[80,80,80,85,85,85,85,85,85,85,85,85,85,85,85,85,85],"card_choices":[{"not_picked":["StuffTheSpire:Resist","Anger"],"picked":"Sword Boomerang","floor":1},{"not_picked":["Clothesline","Shrug It Off","Carnage"],"picked":"SKIP","floor":2},{"not_picked":["ReplayTheSpireMod:Strike From Hell","Iron Wave","Sentinel"],"picked":"SKIP","floor":5},{"not_picked":["Defy Death","Second Wind","Run Through"],"picked":"SKIP","floor":7},{"not_picked":["StuffTheSpire:RagingBull","ReplayTheSpireMod:Corrosion Curse"],"picked":"Twin Strike","floor":8},{"not_picked":["Flex","Run Through"],"picked":"Perfected Strike","floor":14}],"player_experience":3275963,"relics_obtained":[{"floor":4,"key":"MealTicket"},{"floor":8,"key":"Vajra"}],"event_choices":[{"damage_healed":0,"gold_gain":0,"player_choice":"Grow","damage_taken":0,"max_hp_gain":0,"max_hp_loss":0,"event_name":"Living Wall","floor":0,"gold_loss":0,"cards_upgraded":["Bash"]},{"damage_healed":0,"gold_gain":0,"player_choice":"Entered Light","damage_taken":17,"max_hp_gain":0,"max_hp_loss":0,"event_name":"Shining Light","floor":11,"gold_loss":0,"cards_upgraded":["Defend_R","Twin Strike"]}],"is_beta":false,"boss_relics":[],"items_purged_floors":[3],"is_endless":false,"potions_floor_spawned":[2,7,14],"killed_by":"Fading Forest","ascension_level":12}}