{"host":"dwqr8rfkubzfvfti","time":1614220171,"event":{"mods":["BaseMod","Colored Map","Colored Powertips","Minty Spire (QoL Compilation)","Rare Cards Sparkle","Relic Stats"],"gold_per_floor":[112,124,124,134,146,146,111,111,111,137,155,155,180,198,198,198,198],"floor_reached":16,"language":"ENG","playtime":658,"items_purged":[],"score":276,"play_id":"0ce03edb-63d9-4cd5-9c19-8ba2089b7b30","local_time":"20210224192931","is_ascension_mode":true,"campfire_choices":[{"data":"Backstab","floor":6,"key":"SMITH"},{"data":"Burst","floor":8,"key":"SMITH"},{"floor":12,"key":"REST"},{"data":"Neutralize","floor":15,"key":"SMITH"}],"circlet_count":0,"master_deck":["AscendersBane","Strike_G","Strike_G","Strike_G","Strike_G","Strike_G","Defend_G","Defend_G","Defend_G","Defend_G","Defend_G","Survivor","Neutralize+1","CurseOfTheBell","PiercingWail","Backstab+1","Backstab+1","Burst+1","Dagger Spray","Dash","Endless Agony+1"],"relics":["Calling Bell","Ancient Tea Set","Pear","Peace Pipe","Toy Ornithopter","Singing Bowl","Molten Egg 2"],"acts_visited":["Exordium"],"potions_floor_usage":[5,13,16],"damage_taken":[{"damage":9,"enemies":"Jaw Worm","floor":1,"turns":8},{"damage":6,"enemies":"Small Slimes","floor":2,"turns":6},{"damage":0,"enemies":"2 Louse","floor":4,"turns":2},{"damage":4,"enemies":"Lots of Slimes","floor":5,"turns":5},{"damage":16,"enemies":"3 Sentries","floor":10,"turns":14},{"damage":22,"enemies":"Exordium Thugs","floor":11,"turns":5},{"damage":17,"enemies":"Gremlin Nob","floor":13,"turns":4},{"damage":0,"enemies":"Red Slaver","floor":14,"turns":2}],"seed_played":"-652612978412092816","potions_obtained":[{"floor":1,"key":"Poison Potion"},{"floor":4,"key":"CunningPotion"},{"floor":5,"key":"Fruit Juice"},{"floor":14,"key":"Block Potion"}],"is_trial":false,"path_per_floor":["M","M","?","M","M","R","?","R","T","E","M","R","E","M","R","B"],"character_chosen":"THE_SILENT","items_purchased":[],"campfire_rested":1,"item_purchase_floors":[],"current_hp_per_floor":[64,58,58,58,59,59,80,80,80,64,42,67,55,57,57,0,0],"gold":198,"neow_bonus":"BOSS_RELIC","is_daily":false,"chose_seed":false,"campfire_upgraded":3,"win_rate":0.0,"timestamp":1614220171,"path_taken":["M","M","?","M","M","R","?","R","T","E","M","R","E","M","R","BOSS"],"items_purchased_type":[],"build_version":"2020-12-22","purchased_purges":0,"victory":false,"max_hp_per_floor":[80,80,80,80,85,85,85,85,85,85,85,85,85,87,87,87,87],"relic_stats":{"Peace Pipe":0,"Singing Bowl":2,"counters":[9,71],"obtain_stats":[{"Calling Bell":0,"Peace Pipe":0,"Pear":0,"Singing Bowl":10,"Molten Egg 2":13,"Ancient Tea Set":0,"Toy Ornithopter":9,"Ring of the Snake":0},{"Calling Bell":0,"Peace Pipe":0,"Pear":0,"Singing Bowl":5,"Molten Egg 2":7,"Ancient Tea Set":0,"Toy Ornithopter":4,"Ring of the Snake":0},{"Calling Bell":0,"Peace Pipe":0,"Pear":0,"Singing Bowl":35,"Molten Egg 2":44,"Ancient Tea Set":0,"Toy Ornithopter":21,"Ring of the Snake":0}],"Toy Ornithopter":10},"card_choices":[{"not_picked":["Slice","Accuracy"],"picked":"PiercingWail","floor":1},{"not_picked":["Deadly Poison","Acrobatics"],"picked":"Backstab","floor":2},{"not_picked":["Well Laid Plans","Backflip"],"picked":"Backstab","floor":4},{"not_picked":["Reflex","Dagger Throw"],"picked":"Burst","floor":5},{"not_picked":["Poisoned Stab","Sucker Punch"],"picked":"Dagger Spray","floor":10},{"not_picked":["Acrobatics","Blur"],"picked":"Dash","floor":11},{"not_picked":["Underhanded Strike+1","Dagger Throw+1"],"picked":"Endless Agony+1","floor":13},{"not_picked":["Blade Dance","Dagger Throw+1","Bane+1"],"picked":"Singing Bowl","floor":14}],"player_experience":511046,"relics_obtained":[{"floor":0,"key":"Ancient Tea Set"},{"floor":0,"key":"Pear"},{"floor":0,"key":"Peace Pipe"},{"floor":9,"key":"Toy Ornithopter"},{"floor":10,"key":"Singing Bowl"},{"floor":13,"key":"Molten Egg 2"}],"event_choices":[{"damage_healed":0,"gold_gain":0,"player_choice":"Grow","damage_taken":0,"max_hp_gain":0,"max_hp_loss":0,"event_name":"Living Wall","floor":3,"gold_loss":0,"cards_upgraded":["Backstab"]},{"damage_healed":21,"gold_gain":0,"player_choice":"Healed","damage_taken":0,"max_hp_gain":0,"max_hp_loss":0,"event_name":"The Cleric","floor":7,"gold_loss":35}],"is_beta":false,"boss_relics":[],"items_purged_floors":[],"is_endless":false,"potions_floor_spawned":[1,4,5,14],"killed_by":"The Guardian","ascension_level":11}}