{"host":"a1eatafr7pisesky","time":1614267333,"event":{"mods":["AchievementEnabler","BaseMod","Colored Map","Keyboard Shortcuts","Minty Spire (QoL Compilation)","Say the Spire","StSLib","SuperFastMode","everything is the same but u backflip on backflip"],"gold_per_floor":[117,127,127,138,158,193,193,193,217,243,11,11,25,36,36,36,36],"floor_reached":16,"language":"KOR","playtime":313,"items_purged":["Strike_G"],"score":207,"play_id":"ad4b0421-e75e-460d-ba12-1b55405cddf5","local_time":"20210226003533","is_ascension_mode":true,"campfire_choices":[{"floor":7.0,"key":"REST"},{"floor":12.0,"key":"REST"},{"data":"Glass Knife","floor":15.0,"key":"SMITH"}],"circlet_count":0,"master_deck":["AscendersBane","Strike_G","Strike_G","Strike_G","Defend_G","Defend_G","Defend_G","Defend_G","Defend_G","Survivor","Neutralize","Glass Knife+1","Crippling Poison","Poisoned Stab","PiercingWail","Calculated Gamble","Endless Agony","Dagger Spray","Dagger Spray"],"relics":["Ring of the Snake","Blood Vial","Ancient Tea Set","Nunchaku","Akabeko"],"acts_visited":["Exordium"],"potions_floor_usage":[16],"damage_taken":[{"damage":4.0,"enemies":"Jaw Worm","floor":1.0,"turns":3.0},{"damage":0.0,"enemies":"Cultist","floor":2.0,"turns":3.0},{"damage":4.0,"enemies":"Small Slimes","floor":4.0,"turns":3.0},{"damage":11.0,"enemies":"Looter","floor":5.0,"turns":4.0},{"damage":29.0,"enemies":"Lagavulin","floor":6.0,"turns":8.0},{"damage":25.0,"enemies":"3 Sentries","floor":10.0,"turns":10.0},{"damage":0.0,"enemies":"Exordium Wildlife","floor":13.0,"turns":1.0},{"damage":11.0,"enemies":"Exordium Thugs","floor":14.0,"turns":4.0},{"damage":23,"enemies":"Hexaghost","floor":16,"turns":8}],"seed_played":"920748285458448857","potions_obtained":[{"floor":1.0,"key":"AttackPotion"},{"floor":5.0,"key":"SpeedPotion"},{"floor":10.0,"key":"SkillPotion"}],"is_trial":false,"path_per_floor":["M","M","?","M","M","E","R","?","T","E","$","R","M","M","R","B"],"character_chosen":"THE_SILENT","items_purchased":["Akabeko"],"campfire_rested":2,"item_purchase_floors":[11],"current_hp_per_floor":[55,55,55,51,40,11,30,30,30,7,7,26,28,19,19,0,0],"gold":36,"neow_bonus":"ONE_RANDOM_RARE_CARD","is_daily":false,"chose_seed":false,"campfire_upgraded":1,"win_rate":0.0,"timestamp":1614267333,"path_taken":["M","M","?","M","?","E","R","?","T","E","$","R","M","M","R","BOSS"],"items_purchased_type":["Relic"],"build_version":"2020-12-22","purchased_purges":1,"victory":false,"max_hp_per_floor":[66,66,66,66,66,66,66,66,66,66,66,66,66,66,66,66,66],"card_choices":[{"not_picked":["Deflect","Deadly Poison"],"picked":"Crippling Poison","floor":1.0},{"not_picked":["Bane","Slice"],"picked":"Poisoned Stab","floor":2.0},{"not_picked":["Masterful Stab","Dodge and Roll"],"picked":"PiercingWail","floor":4.0},{"not_picked":["Outmaneuver","Acrobatics"],"picked":"Calculated Gamble","floor":5.0},{"not_picked":["Grand Finale","Deflect"],"picked":"Endless Agony","floor":6.0},{"not_picked":["Dagger Throw","A Thousand Cuts"],"picked":"Dagger Spray","floor":10.0},{"not_picked":["Setup","Backstab","Backflip"],"picked":"SKIP","floor":13.0},{"not_picked":["Deflect","All Out Attack"],"picked":"Dagger Spray","floor":14.0}],"player_experience":498653,"relics_obtained":[{"floor":6.0,"key":"Blood Vial"},{"floor":9.0,"key":"Ancient Tea Set"},{"floor":10.0,"key":"Nunchaku"}],"event_choices":[{"cards_removed":["Strike_G"],"damage_healed":0.0,"max_hp_gain":0.0,"max_hp_loss":0.0,"gold_gain":0.0,"event_name":"Purifier","player_choice":"Purged","floor":3.0,"gold_loss":0.0,"damage_taken":0.0},{"damage_healed":0.0,"max_hp_gain":0.0,"max_hp_loss":0.0,"gold_gain":0.0,"event_name":"Shining Light","player_choice":"Ignored","floor":8.0,"gold_loss":0.0,"damage_taken":0.0}],"is_beta":false,"boss_relics":[],"items_purged_floors":[11],"is_endless":false,"potions_floor_spawned":[1,5,10],"killed_by":"Hexaghost","ascension_level":17}}