{"host":"y080dcqw8fj32q7d","time":1614282806,"event":{"mods":["AchievementEnabler","BaseMod","Colored Map","Colored Powertips","DeckTracker","Minty Spire (QoL Compilation)","Relic Sorter"],"gold_per_floor":[119,119,138,138,138,174,174,195,249,268,287,287,308,326,326,449,512,525,625,614,248,269,313,313,326,326,326,340,340,340,340],"floor_reached":30,"language":"ENG","playtime":1498,"items_purged":["Strike_B"],"score":317,"play_id":"fc23e28c-e36e-46a4-afde-1fc0244384d6","local_time":"20210225225326","is_ascension_mode":true,"campfire_choices":[{"floor":7,"key":"REST"},{"floor":12,"key":"REST"},{"data":"Defragment","floor":15,"key":"SMITH"},{"floor":24,"key":"REST"},{"floor":27,"key":"REST"},{"floor":29,"key":"REST"}],"circlet_count":0,"master_deck":["Strike_B","Strike_B+1","Strike_B","Defend_B+1","Defend_B","Defend_B","Defend_B","Zap+1","Dualcast","Defragment+1","FTL","Conserve Battery","Amplify","Loop","Redo","Auto Shields+1","Aggregate","Echo Form","Turbo+1","Conserve Battery","Conserve Battery","Apotheosis","Conserve Battery","Ball Lightning","Turbo","Turbo+1","Defragment+1"],"relics":["Cracked Core","Golden Idol","Akabeko","Tiny House","War Paint","Mango"],"acts_visited":["Exordium","TheCity"],"potions_floor_usage":[6,10,22],"damage_taken":[{"damage":6,"enemies":"Jaw Worm","floor":1,"turns":3},{"damage":5,"enemies":"Small Slimes","floor":3,"turns":3},{"damage":27,"enemies":"Lagavulin","floor":6,"turns":6},{"damage":0,"enemies":"Cultist","floor":8,"turns":2},{"damage":20,"enemies":"Exordium Thugs","floor":10,"turns":4},{"damage":0,"enemies":"3 Louse","floor":11,"turns":3},{"damage":3,"enemies":"Red Slaver","floor":13,"turns":3},{"damage":3,"enemies":"Looter","floor":14,"turns":3},{"damage":20,"enemies":"Hexaghost","floor":16,"turns":8},{"damage":3,"enemies":"Chosen","floor":18,"turns":4},{"damage":15,"enemies":"2 Thieves","floor":20,"turns":5},{"damage":4,"enemies":"Centurion and Healer","floor":22,"turns":7},{"damage":62,"enemies":"Book of Stabbing","floor":23,"turns":8},{"damage":42,"enemies":"Sentry and Sphere","floor":25,"turns":6},{"damage":20,"enemies":"Snake Plant","floor":28,"turns":6},{"damage":57,"enemies":"Masked Bandits","floor":30,"turns":3}],"seed_played":"-4055375031741740217","potions_obtained":[{"floor":3,"key":"Fire Potion"},{"floor":8,"key":"SteroidPotion"},{"floor":10,"key":"CultistPotion"},{"floor":11,"key":"FearPotion"},{"floor":17,"key":"Regen Potion"},{"floor":22,"key":"FearPotion"}],"is_trial":false,"path_per_floor":["M","?","M","?","?","E","R","M","T","M","M","R","M","M","R","B",null,"M","?","M","$","M","E","R","M","T","R","M","R","?"],"character_chosen":"DEFECT","items_purchased":["Apotheosis","Conserve Battery","Ball Lightning"],"campfire_rested":5,"item_purchase_floors":[21,21,21],"current_hp_per_floor":[76,60,55,35,62,35,59,59,59,39,39,63,60,57,57,37,87,84,84,69,69,80,18,44,2,16,46,26,56,0,0],"gold":340,"neow_bonus":"TEN_PERCENT_HP_BONUS","is_daily":false,"chose_seed":false,"campfire_upgraded":1,"win_rate":0.0,"timestamp":1614282806,"path_taken":["M","?","M","?","?","E","R","M","T","M","M","R","M","M","R","BOSS","M","?","?","$","M","E","R","M","T","R","M","R","?"],"items_purchased_type":["Card","Card","Card"],"build_version":"2020-12-22","purchased_purges":1,"victory":false,"max_hp_per_floor":[82,82,82,82,82,82,82,82,82,82,82,82,82,82,82,82,87,87,87,87,87,87,87,87,87,101,101,101,101,101,101],"card_choices":[{"not_picked":["Stack","Streamline"],"picked":"Defragment","floor":1},{"not_picked":["Hologram","Redo"],"picked":"FTL","floor":3},{"not_picked":["Steam","Reprogram"],"picked":"Conserve Battery","floor":6},{"not_picked":["Genetic Algorithm","Steam"],"picked":"Amplify","floor":8},{"not_picked":["Lockon","Conserve Battery"],"picked":"Loop","floor":10},{"not_picked":["Chaos","Steam"],"picked":"Redo","floor":11},{"not_picked":["Double Energy","Barrage"],"picked":"Auto Shields","floor":13},{"not_picked":["Coolheaded","Doom and Gloom"],"picked":"Aggregate","floor":14},{"not_picked":["Multi-Cast","Hyperbeam"],"picked":"Echo Form","floor":16},{"not_picked":["Sweeping Beam","Rebound"],"picked":"Turbo","floor":17},{"not_picked":["Force Field","Streamline"],"picked":"Conserve Battery","floor":18},{"not_picked":["Coolheaded","Genetic Algorithm+1"],"picked":"Conserve Battery","floor":20},{"not_picked":["Coolheaded","Compile Driver"],"picked":"Turbo","floor":22},{"not_picked":["Beam Cell","Stack"],"picked":"Turbo+1","floor":23},{"not_picked":["Go for the Eyes+1","Stack","Cold Snap+1"],"picked":"SKIP","floor":25},{"not_picked":["Leap+1","Lockon"],"picked":"Defragment+1","floor":28}],"player_experience":397530,"relics_obtained":[{"floor":6,"key":"Akabeko"},{"floor":23,"key":"War Paint"},{"floor":26,"key":"Mango"}],"event_choices":[{"damage_healed":0,"gold_gain":0,"player_choice":"Entered Light","damage_taken":16,"max_hp_gain":0,"max_hp_loss":0,"event_name":"Shining Light","floor":2,"gold_loss":0,"cards_upgraded":["Strike_B","Zap"]},{"damage_healed":0,"gold_gain":0,"player_choice":"Take Damage","damage_taken":20,"relics_obtained":["Golden Idol"],"max_hp_gain":0,"max_hp_loss":0,"event_name":"Golden Idol","floor":4,"gold_loss":0},{"damage_healed":27,"gold_gain":0,"player_choice":"Banana","damage_taken":0,"max_hp_gain":0,"max_hp_loss":0,"event_name":"Big Fish","floor":5,"gold_loss":0},{"damage_healed":0,"gold_gain":100,"player_choice":"Pray","damage_taken":0,"max_hp_gain":0,"max_hp_loss":0,"event_name":"Golden Shrine","floor":19,"gold_loss":0},{"damage_healed":0,"gold_gain":0,"player_choice":"Fought Bandits","damage_taken":0,"max_hp_gain":0,"max_hp_loss":0,"event_name":"Masked Bandits","floor":30,"gold_loss":0}],"is_beta":false,"boss_relics":[{"not_picked":["Snecko Eye","FrozenCore"],"picked":"Tiny House"}],"items_purged_floors":[21],"is_endless":false,"potions_floor_spawned":[3,8,10,11,22,25],"killed_by":"Masked Bandits","ascension_level":1}}