{"host":"w2kjv12xyhtt0cv2","time":1614264025,"event":{"mods":["10 clothes from DAL","100% Spire Juice","Act Like it!","BaseMod","Colored Map","Friendly Minions","Gensokyo","GifTheSpireLib","Highlight Path","Hubris","Library of Ruina","Minty Spire (QoL Compilation)","Quick Restart","Relic Stats","Reliquary","Replay The Spire","Ring Of Destiny","Robot Space Explorer","Shop Mod","Spicy Shops","StSLib","The Dragon Tamer","UnlockEverythingMod","Waifu the Spire","[IsaacMod]以撒尖塔","[功能]功能增强和修复MOD","【功能Mod】Neow奖励","【功能Mod】聪明的最终Boss","【遗物卡牌】REMEMod","没有小屋子和绿帽子啦"],"gold_per_floor":[217,217,17,34,109,109,109,109],"floor_reached":7,"language":"ZHS","playtime":372,"items_purged":["RingOfDestiny:Strike_SF"],"score":41,"play_id":"8f3bc01c-df79-4827-b994-5db2edb7ac3b","local_time":"20210225224025","is_ascension_mode":true,"campfire_choices":[{"data":"RingOfDestiny:ShadowShackles","floor":6,"key":"SMITH"}],"circlet_count":0,"master_deck":["RingOfDestiny:Defend_SF","RingOfDestiny:Defend_SF","RingOfDestiny:Strike_SF","RingOfDestiny:Strike_SF","RingOfDestiny:ShadowCard","RingOfDestiny:PoisonedShiv","RingOfDestiny:FallenFlower","RingOfDestiny:RattanBeetle","BettingIsNotGood","DevaForm","Bomb","RingOfDestiny:FallenFlower","RingOfDestiny:FallenFlower","RingOfDestiny:ShadowShackles+1","RingOfDestiny:GasBomb"],"relics":["RingOfDestiny:ShadowKunai","REME_ComplimentaryCards","HushsDoor","Damocles","DALC_NINE","PageOfTodaysShyLook"],"acts_visited":["Exordium"],"potions_floor_usage":[],"damage_taken":[{"damage":0.0,"enemies":"Small Slimes","floor":1.0,"turns":2.0},{"damage":0,"enemies":"Cultist","floor":4,"turns":3},{"damage":30,"enemies":"3 Sentries","floor":7,"turns":2}],"seed_played":"-1171586285234612955","potions_obtained":[{"floor":4,"key":"Fire Potion"}],"is_trial":false,"path_per_floor":["M","?","$","M","?","R","E"],"character_chosen":"ShadowFlower","items_purchased":["RingOfDestiny:FallenFlower","RingOfDestiny:ShadowShackles"],"campfire_rested":0,"item_purchase_floors":[3,3],"current_hp_per_floor":[86,86,86,86,75,75,0,0],"gold":109,"neow_bonus":"HUNDRED_GOLD","is_daily":false,"chose_seed":false,"campfire_upgraded":1,"win_rate":0.0,"timestamp":1614264025,"path_taken":["M","?","?","?","?","R","E"],"items_purchased_type":["Card","Card"],"build_version":"2020-12-22","purchased_purges":1,"victory":false,"max_hp_per_floor":[86,86,86,86,86,86,86,86],"relic_stats":{"counters":[3,7],"obtain_stats":[{"KeepersGift":0,"Damocles":0,"RingOfDestiny:ShadowKunai":0,"DALC_NINE":1,"HushsDoor":0,"PageOfTodaysShyLook":4,"REME_ComplimentaryCards":0},{"KeepersGift":0,"Damocles":0,"RingOfDestiny:ShadowKunai":0,"DALC_NINE":1,"HushsDoor":0,"PageOfTodaysShyLook":2,"REME_ComplimentaryCards":0},{"KeepersGift":0,"Damocles":0,"RingOfDestiny:ShadowKunai":0,"DALC_NINE":2,"HushsDoor":0,"PageOfTodaysShyLook":5,"REME_ComplimentaryCards":0}]},"card_choices":[{"not_picked":[],"picked":"BettingIsNotGood","floor":0.0},{"not_picked":["RingOfDestiny:EthMudra","RingOfDestiny:FlashOfSlash"],"picked":"Bomb","floor":1.0},{"not_picked":["RingOfDestiny:PoisonedShiv","RingOfDestiny:HeptMudra"],"picked":"RingOfDestiny:GasBomb","floor":4}],"player_experience":64384,"relics_obtained":[{"floor":1.0,"key":"DALC_NINE"},{"floor":4,"key":"PageOfTodaysShyLook"}],"event_choices":[{"cards_removed":["RingOfDestiny:Defend_SF"],"damage_healed":0,"gold_gain":0,"player_choice":"Forget","damage_taken":0,"max_hp_gain":0,"max_hp_loss":0,"event_name":"Living Wall","floor":2,"gold_loss":0},{"damage_healed":0,"gold_gain":75,"player_choice":"Gather Gold","damage_taken":11,"max_hp_gain":0,"max_hp_loss":0,"event_name":"World of Goop","floor":5,"gold_loss":0}],"is_beta":false,"boss_relics":[],"items_purged_floors":[3],"is_endless":false,"potions_floor_spawned":[4],"killed_by":"3 Sentries","ascension_level":1}}