{"host":"9n6i2vl93jt4o42q","time":1614275472,"event":{"mods":["BaseMod","Minty Spire (QoL Compilation)","Relic Stats"],"gold_per_floor":[111,111,111,76,22,47,64,64,141,159,171,202,214,239,239,239,239],"floor_reached":16,"language":"ENG","playtime":719,"items_purged":[],"score":290,"play_id":"acee75fe-cf4c-48fb-b21b-0ce23a8e49dc","local_time":"20210225185112","is_ascension_mode":true,"campfire_choices":[{"data":"Perfected Strike","floor":8.0,"key":"SMITH"},{"data":"True Grit","floor":15.0,"key":"SMITH"}],"circlet_count":0,"master_deck":["AscendersBane","Strike_R","Strike_R","Strike_R","Strike_R+1","Strike_R+1","Defend_R","Defend_R","Defend_R","Defend_R","Bash","Twin Strike","Iron Wave","Perfected Strike+1","Flame Barrier","True Grit+1","Ghostly Armor"],"relics":["Burning Blood","NeowsBlessing","Calipers","White Beast Statue","Pantograph","PreservedInsect","Anchor"],"acts_visited":["Exordium"],"potions_floor_usage":[16,16],"damage_taken":[{"damage":0.0,"enemies":"2 Louse","floor":1.0,"turns":1.0},{"damage":0.0,"enemies":"3 Sentries","floor":6.0,"turns":2.0},{"damage":0.0,"enemies":"Jaw Worm","floor":7.0,"turns":1.0},{"damage":6.0,"enemies":"Small Slimes","floor":10.0,"turns":3.0},{"damage":0.0,"enemies":"Looter","floor":11.0,"turns":2.0},{"damage":8.0,"enemies":"Gremlin Nob","floor":12.0,"turns":3.0},{"damage":6.0,"enemies":"Exordium Wildlife","floor":13.0,"turns":5.0},{"damage":8.0,"enemies":"Lagavulin","floor":14.0,"turns":6.0},{"damage":73,"enemies":"Hexaghost","floor":16,"turns":12}],"seed_played":"6428623379062110290","potions_obtained":[{"floor":7.0,"key":"PowerPotion"}],"is_trial":false,"path_per_floor":["M","?","?","?","$","E","M","R","T","M","M","E","M","E","R","B"],"character_chosen":"IRONCLAD","items_purchased":["Strength Potion"],"campfire_rested":0,"item_purchase_floors":[5],"current_hp_per_floor":[74,51,16,34,34,40,46,46,46,46,52,50,50,48,48,0,0],"gold":239,"neow_bonus":"THREE_ENEMY_KILL","is_daily":false,"chose_seed":false,"campfire_upgraded":2,"win_rate":0.0,"timestamp":1614275472,"path_taken":["M","?","?","?","?","E","M","R","T","M","M","E","M","E","R","BOSS"],"items_purchased_type":["Potion"],"build_version":"2020-12-22","purchased_purges":0,"victory":false,"max_hp_per_floor":[75,75,75,75,75,75,75,75,75,75,75,75,75,75,75,75,75],"relic_stats":{"counters":[9,35],"Pantograph":25,"PreservedInsect":29,"obtain_stats":[{"Anchor":14,"Calipers":3,"NeowsBlessing":0,"Pantograph":9,"PreservedInsect":12,"Burning Blood":0,"White Beast Statue":6},{"Anchor":8,"Calipers":1,"NeowsBlessing":0,"Pantograph":3,"PreservedInsect":6,"Burning Blood":0,"White Beast Statue":2},{"Anchor":23,"Calipers":1,"NeowsBlessing":0,"Pantograph":4,"PreservedInsect":12,"Burning Blood":0,"White Beast Statue":3}],"Burning Blood":48},"card_choices":[{"not_picked":["Sword Boomerang","Havoc"],"picked":"Twin Strike","floor":1.0},{"not_picked":["Twin Strike","True Grit"],"picked":"Iron Wave","floor":6.0},{"not_picked":["Armaments","Sword Boomerang"],"picked":"Perfected Strike","floor":7.0},{"not_picked":["Thunderclap","Havoc"],"picked":"Flame Barrier","floor":10.0},{"not_picked":["Searing Blow","Combust","Sword Boomerang"],"picked":"SKIP","floor":11.0},{"not_picked":["Berserk","Thunderclap"],"picked":"True Grit","floor":12.0},{"not_picked":["Fire Breathing","Iron Wave"],"picked":"Ghostly Armor","floor":13.0},{"not_picked":["Uppercut","Iron Wave","Combust"],"picked":"SKIP","floor":14.0}],"player_experience":2649788,"relics_obtained":[{"floor":6.0,"key":"White Beast Statue"},{"floor":9.0,"key":"Pantograph"},{"floor":12.0,"key":"PreservedInsect"},{"floor":14.0,"key":"Anchor"}],"event_choices":[{"damage_healed":0.0,"max_hp_gain":0.0,"max_hp_loss":0.0,"gold_gain":0.0,"event_name":"Shining Light","player_choice":"Entered Light","floor":2.0,"gold_loss":0.0,"damage_taken":23.0,"cards_upgraded":["Strike_R","Strike_R"]},{"damage_healed":0.0,"max_hp_gain":0.0,"max_hp_loss":0.0,"gold_gain":0.0,"event_name":"Scrap Ooze","player_choice":"Success","floor":3.0,"gold_loss":0.0,"damage_taken":35.0,"relics_obtained":["Calipers"]},{"damage_healed":18.0,"max_hp_gain":0.0,"max_hp_loss":0.0,"gold_gain":0.0,"event_name":"The Cleric","player_choice":"Healed","floor":4.0,"gold_loss":35.0,"damage_taken":0.0}],"is_beta":false,"boss_relics":[],"items_purged_floors":[],"is_endless":false,"potions_floor_spawned":[7,10,11,12,13,14],"killed_by":"Hexaghost","ascension_level":20}}