{"host":"v7nip9mocme4em3v","time":1614280709,"event":{"mods":["BaseMod","BetterRewards","Minty Spire (QoL Compilation)","Quick Restart","StSLib"],"gold_per_floor":[117,129,79,90,37,64,78,95,95,95,107,126,144,171,171,271,271,288,308,341,341,360,360,360],"floor_reached":23,"language":"ENG","playtime":1113,"items_purged":[],"score":207,"play_id":"7ee1eef8-2d2f-4e97-afaf-6a5d77ff2761","local_time":"20210225111829","is_ascension_mode":false,"campfire_choices":[{"data":"Fire Breathing","floor":10.0,"key":"SMITH"},{"data":"Metallicize","floor":15.0,"key":"SMITH"}],"circlet_count":0,"master_deck":["Strike_R","Strike_R","Strike_R","Strike_R","Defend_R","Defend_R","Defend_R","Defend_R","Bash","Rampage","Pommel Strike","Fire Breathing+1","True Grit","Searing Blow","Cleave","Flame Barrier","Twin Strike","Cleave","Sword Boomerang","Metallicize+1","Demon Form","Clothesline","Battle Trance","Inflame","Shrug It Off"],"relics":["Mark of Pain","Happy Flower","Darkstone Periapt","Ornamental Fan","SacredBark","Red Mask","MutagenicStrength"],"acts_visited":["Exordium","TheCity"],"potions_floor_usage":[23,23],"damage_taken":[{"damage":0.0,"enemies":"2 Louse","floor":1.0,"turns":2.0},{"damage":2.0,"enemies":"Small Slimes","floor":2.0,"turns":4.0},{"damage":1.0,"enemies":"Jaw Worm","floor":4.0,"turns":3.0},{"damage":17.0,"enemies":"Gremlin Nob","floor":6.0,"turns":4.0},{"damage":0.0,"enemies":"3 Louse","floor":7.0,"turns":3.0},{"damage":6.0,"enemies":"Large Slime","floor":8.0,"turns":6.0},{"damage":6.0,"enemies":"Red Slaver","floor":11.0,"turns":3.0},{"damage":7.0,"enemies":"Exordium Wildlife","floor":12.0,"turns":4.0},{"damage":7.0,"enemies":"Blue Slaver","floor":13.0,"turns":3.0},{"damage":8.0,"enemies":"3 Sentries","floor":14.0,"turns":4.0},{"damage":11.0,"enemies":"Hexaghost","floor":16.0,"turns":8.0},{"damage":0.0,"enemies":"3 Byrds","floor":18.0,"turns":2.0},{"damage":10.0,"enemies":"2 Thieves","floor":19.0,"turns":5.0},{"damage":43.0,"enemies":"Masked Bandits","floor":20.0,"turns":4.0},{"damage":21,"enemies":"Snake Plant","floor":22,"turns":5},{"damage":13,"enemies":"Gremlin Leader","floor":23,"turns":6}],"seed_played":"-7534898421146029268","potions_obtained":[{"floor":1.0,"key":"SkillPotion"},{"floor":2.0,"key":"Explosive Potion"},{"floor":7.0,"key":"Regen Potion"},{"floor":16.0,"key":"DuplicationPotion"},{"floor":18.0,"key":"DistilledChaos"},{"floor":22,"key":"SpeedPotion"}],"is_trial":false,"path_per_floor":["M","M","?","M","$","E","M","M","T","R","M","M","M","E","R","B",null,"M","M","?","?","M","E"],"character_chosen":"IRONCLAD","items_purchased":["True Grit"],"campfire_rested":0,"item_purchase_floors":[5],"current_hp_per_floor":[80,78,78,77,77,60,60,54,54,54,48,41,34,26,26,30,80,80,70,27,27,6,0,0],"gold":360,"neow_bonus":"BOSS_RELIC","is_daily":false,"chose_seed":false,"campfire_upgraded":2,"win_rate":0.0,"timestamp":1614280709,"path_taken":["M","M","?","M","$","E","M","M","T","R","M","M","M","E","R","BOSS","M","M","?","?","M","E"],"items_purchased_type":["Card"],"build_version":"2020-12-22","purchased_purges":0,"victory":false,"max_hp_per_floor":[80,80,80,80,80,80,80,80,80,80,80,80,80,80,80,80,80,80,80,80,80,80,80,80],"card_choices":[{"not_picked":["Dual Wield","Dropkick"],"picked":"Rampage","floor":1.0},{"not_picked":["Anger","Armaments"],"picked":"Pommel Strike","floor":2.0},{"not_picked":["Rampage","Pummel"],"picked":"Fire Breathing","floor":4.0},{"not_picked":["Second Wind","Entrench"],"picked":"Searing Blow","floor":6.0},{"not_picked":["Anger","Rupture"],"picked":"Cleave","floor":7.0},{"not_picked":["Armaments","Disarm"],"picked":"Flame Barrier","floor":8.0},{"not_picked":["Warcry","Flex"],"picked":"Twin Strike","floor":11.0},{"not_picked":["Blood for Blood","Anger"],"picked":"Cleave","floor":12.0},{"not_picked":["Body Slam","Dropkick"],"picked":"Sword Boomerang","floor":13.0},{"not_picked":["Hemokinesis","Entrench"],"picked":"Metallicize","floor":14.0},{"not_picked":["Corruption","Berserk"],"picked":"Demon Form","floor":16.0},{"not_picked":["Ghostly Armor+1","Clash"],"picked":"Clothesline","floor":18.0},{"not_picked":["Fire Breathing","Headbutt+1"],"picked":"Battle Trance","floor":19.0},{"not_picked":["Seeing Red+1","Clothesline"],"picked":"Inflame","floor":20.0},{"not_picked":["Anger","Clothesline"],"picked":"Shrug It Off","floor":22}],"player_experience":0,"relics_obtained":[{"floor":6.0,"key":"Happy Flower"},{"floor":9.0,"key":"Darkstone Periapt"},{"floor":14.0,"key":"Ornamental Fan"},{"floor":20.0,"key":"Red Mask"}],"event_choices":[{"cards_removed":["Strike_R"],"damage_healed":0.0,"max_hp_gain":0.0,"max_hp_loss":0.0,"gold_gain":0.0,"event_name":"The Cleric","player_choice":"Card Removal","floor":3.0,"gold_loss":50.0,"damage_taken":0.0},{"damage_healed":0.0,"max_hp_gain":0.0,"max_hp_loss":0.0,"gold_gain":0.0,"event_name":"Masked Bandits","player_choice":"Fought Bandits","floor":20.0,"gold_loss":0.0,"damage_taken":0.0},{"damage_healed":0.0,"max_hp_gain":0.0,"max_hp_loss":0.0,"gold_gain":0.0,"event_name":"Drug Dealer","player_choice":"Inject Mutagens","floor":21.0,"gold_loss":0.0,"damage_taken":0.0,"relics_obtained":["MutagenicStrength"]}],"is_beta":false,"boss_relics":[{"not_picked":["Ectoplasm","Tiny House"],"picked":"SacredBark"}],"items_purged_floors":[],"is_endless":false,"potions_floor_spawned":[1,2,7,8,11,14,16,18,22],"killed_by":"Gremlin Leader","ascension_level":0}}