{"host":"a1eatafr7pisesky","time":1614269230,"event":{"mods":["AchievementEnabler","BaseMod","Colored Map","Keyboard Shortcuts","Minty Spire (QoL Compilation)","Say the Spire","StSLib","SuperFastMode","everything is the same but u backflip on backflip"],"gold_per_floor":[111,111,128,147,164,164,192,210,210,51,51,70,99,99,99,190,190,209,244,265,625,97,131,131,171,171,191,209,250,250,271,271,364,364,388,406,474,162,162,162,202,220,273,273,273,316,4,44,44,44,44,44,44,44,83,83,83],"floor_reached":56,"language":"KOR","playtime":1638,"items_purged":["Strike_G","Strike_G","Strike_G"],"score":1607,"play_id":"1f6195d3-de24-4bcb-9f75-a8026b542f75","local_time":"20210226010710","is_ascension_mode":true,"campfire_choices":[{"floor":6.0,"key":"REST"},{"data":"Blade Dance","floor":11.0,"key":"SMITH"},{"data":"Cloak And Dagger","floor":15.0,"key":"SMITH"},{"data":"Terror","floor":24.0,"key":"SMITH"},{"data":"Malaise","floor":32.0,"key":"SMITH"},{"floor":40.0,"key":"REST"},{"floor":50.0,"key":"RECALL"},{"data":"Accuracy","floor":53.0,"key":"SMITH"}],"circlet_count":0,"master_deck":["AscendersBane","Defend_G","Defend_G","Defend_G","Defend_G","Defend_G","Survivor","Neutralize","Master of Strategy","Blade Dance+1","Dagger Spray","Backstab","Blade Dance+1","Sucker Punch","PiercingWail","Terror+1","Cloak And Dagger+1","Leg Sweep","Malaise+1","Infinite Blades","PiercingWail+1","Finisher","Bane","Reflex","Adrenaline","Caltrops+1","Blur+1","Cloak And Dagger+1","Accuracy+1","Cloak And Dagger","Infinite Blades","Acrobatics","Footwork"],"relics":["Ring of the Snake","Thread and Needle","Question Card","Gremlin Horn","Golden Idol","SacredBark","Red Mask","Paper Crane","Lee\u0027s Waffle","Torii","Potion Belt","Shuriken","Bottled Lightning","SlaversCollar","Mango","Mummified Hand","Oddly Smooth Stone","Lantern","Happy Flower"],"acts_visited":["Exordium","TheCity","TheBeyond","TheEnding"],"potions_floor_usage":[56],"damage_taken":[{"damage":23.0,"enemies":"Jaw Worm","floor":1.0,"turns":6.0},{"damage":0.0,"enemies":"Cultist","floor":3.0,"turns":3.0},{"damage":0.0,"enemies":"2 Louse","floor":4.0,"turns":2.0},{"damage":11.0,"enemies":"Exordium Wildlife","floor":5.0,"turns":4.0},{"damage":5.0,"enemies":"3 Sentries","floor":7.0,"turns":4.0},{"damage":3.0,"enemies":"3 Louse","floor":8.0,"turns":3.0},{"damage":3.0,"enemies":"Gremlin Gang","floor":12.0,"turns":4.0},{"damage":17.0,"enemies":"Gremlin Nob","floor":13.0,"turns":4.0},{"damage":8.0,"enemies":"Hexaghost","floor":16.0,"turns":10.0},{"damage":0.0,"enemies":"3 Byrds","floor":18.0,"turns":5.0},{"damage":0.0,"enemies":"Masked Bandits","floor":19.0,"turns":5.0},{"damage":20.0,"enemies":"Spheric Guardian","floor":20.0,"turns":4.0},{"damage":2.0,"enemies":"Gremlin Leader","floor":23.0,"turns":6.0},{"damage":16.0,"enemies":"Slavers","floor":25.0,"turns":7.0},{"damage":0.0,"enemies":"Cultist and Chosen","floor":27.0,"turns":5.0},{"damage":9.0,"enemies":"Chosen and Byrds","floor":28.0,"turns":4.0},{"damage":0.0,"enemies":"Gremlin Leader","floor":29.0,"turns":5.0},{"damage":0.0,"enemies":"3 Cultists","floor":31.0,"turns":4.0},{"damage":8.0,"enemies":"Champ","floor":33.0,"turns":9.0},{"damage":13.0,"enemies":"3 Darklings","floor":35.0,"turns":2.0},{"damage":0.0,"enemies":"Orb Walker","floor":36.0,"turns":2.0},{"damage":36.0,"enemies":"2 Orb Walkers","floor":37.0,"turns":4.0},{"damage":23.0,"enemies":"Giant Head","floor":41.0,"turns":7.0},{"damage":0.0,"enemies":"Sphere and 2 Shapes","floor":42.0,"turns":2.0},{"damage":0.0,"enemies":"3 Darklings","floor":44.0,"turns":1.0},{"damage":10.0,"enemies":"Nemesis","floor":46.0,"turns":7.0},{"damage":0.0,"enemies":"Reptomancer","floor":48.0,"turns":4.0},{"damage":1.0,"enemies":"Awakened One","floor":51.0,"turns":9.0},{"damage":12.0,"enemies":"Shield and Spear","floor":55.0,"turns":5.0},{"damage":42,"enemies":"The Heart","floor":56,"turns":6}],"seed_played":"-5587815721058626381","potions_obtained":[{"floor":3.0,"key":"BlessingOfTheForge"},{"floor":4.0,"key":"SneckoOil"},{"floor":5.0,"key":"AttackPotion"},{"floor":13.0,"key":"LiquidBronze"},{"floor":16.0,"key":"PowerPotion"},{"floor":20.0,"key":"FairyPotion"},{"floor":23.0,"key":"SkillPotion"},{"floor":27.0,"key":"SmokeBomb"},{"floor":29.0,"key":"GhostInAJar"},{"floor":36.0,"key":"SteroidPotion"},{"floor":41.0,"key":"EssenceOfSteel"},{"floor":42.0,"key":"Fire Potion"},{"floor":55.0,"key":"SteroidPotion"}],"is_trial":false,"path_per_floor":["M","?","M","M","M","R","E","M","T","$","R","M","E","?","R","B",null,"M","?","M","?","$","E","R","E","T","M","M","E","?","M","R","B",null,"M","M","?","$","?","R","E","M","T","M","M","E","$","E","$","R","B",null,"R","$","E","B"],"character_chosen":"THE_SILENT","items_purchased":["Terror","Finisher","Paper Crane","Lee\u0027s Waffle","Accuracy","Cloak And Dagger","Energy Potion","Strength Potion","Infinite Blades","SkillPotion","SkillPotion"],"campfire_rested":2,"item_purchase_floors":[10,22,22,22,38,38,38,38,47,47,47],"current_hp_per_floor":[36,36,36,36,25,43,38,35,35,35,35,32,15,15,15,7,42,42,42,22,20,61,59,59,43,43,43,34,34,34,34,34,26,52,39,39,17,17,17,38,15,15,15,15,15,5,5,5,5,5,4,54,54,54,42,0,0],"gold":83,"neow_bonus":"RANDOM_COLORLESS_2","is_daily":false,"chose_seed":false,"campfire_upgraded":5,"win_rate":0.0,"timestamp":1614269230,"path_taken":["M","?","M","?","M","R","E","M","T","$","R","M","E","?","R","BOSS","M","?","M","?","$","E","R","E","T","?","M","E","?","M","R","BOSS","M","M","?","$","?","R","E","M","T","M","M","E","?","E","$","R","BOSS","R","$","E","BOSS"],"items_purchased_type":["Card","Card","Relic","Relic","Card","Card","Potion","Potion","Card","Potion","Potion"],"build_version":"2020-12-22","purchased_purges":3,"victory":false,"max_hp_per_floor":[60,60,60,60,60,60,60,60,60,60,60,60,60,54,54,54,54,54,54,54,54,61,61,61,61,61,61,61,61,61,61,61,61,61,61,61,75,75,71,71,71,71,71,71,71,71,71,71,71,71,71,71,71,71,71,71,71],"card_choices":[{"not_picked":["Metamorphosis","Secret Technique"],"picked":"Master of Strategy","floor":0.0},{"not_picked":["Concentrate","PiercingWail"],"picked":"Blade Dance","floor":1.0},{"not_picked":["Footwork","Finisher"],"picked":"Dagger Spray","floor":3.0},{"not_picked":["Quick Slash","Dash"],"picked":"Backstab","floor":4.0},{"not_picked":["Dagger Throw","Poisoned Stab"],"picked":"Blade Dance","floor":5.0},{"not_picked":["Dodge and Roll","Slice"],"picked":"Sucker Punch","floor":7.0},{"not_picked":["Dodge and Roll","A Thousand Cuts"],"picked":"PiercingWail","floor":8.0},{"not_picked":["Heel Hook","Deadly Poison","Blade Dance"],"picked":"Cloak And Dagger","floor":12.0},{"not_picked":["Dagger Spray","Masterful Stab","Choke"],"picked":"Leg Sweep","floor":13.0},{"not_picked":["Night Terror","Grand Finale","Doppelganger"],"picked":"Malaise","floor":16.0},{"not_picked":["Choke","Poisoned Stab+1","Escape Plan"],"picked":"Infinite Blades","floor":18.0},{"not_picked":["Backstab","Bane","Infinite Blades"],"picked":"PiercingWail+1","floor":20.0},{"not_picked":["Concentrate","Acrobatics","Slice+1","Skewer+1"],"picked":"SKIP","floor":23.0},{"not_picked":["Masterful Stab","Dodge and Roll","Malaise","Skewer"],"picked":"SKIP","floor":25.0},{"not_picked":["Deflect","Heel Hook","Skewer","Backflip"],"picked":"SKIP","floor":27.0},{"not_picked":["Prepared","Dagger Throw+1","Eviscerate","Acrobatics"],"picked":"SKIP","floor":28.0},{"not_picked":["Dagger Spray","Bouncing Flask","Backstab","Deadly Poison"],"picked":"SKIP","floor":29.0},{"not_picked":["Crippling Poison","Deflect","Slice+1","Bane"],"picked":"SKIP","floor":31.0},{"not_picked":["Wraith Form v2","Die Die Die","Glass Knife"],"picked":"Adrenaline","floor":33.0},{"not_picked":["Infinite Blades","Deflect+1","Deadly Poison+1"],"picked":"Caltrops+1","floor":35.0},{"not_picked":["Riddle With Holes","Prepared","Dash+1"],"picked":"Blur+1","floor":36.0},{"not_picked":["Noxious Fumes","Setup","PiercingWail"],"picked":"Cloak And Dagger+1","floor":37.0},{"not_picked":["Cloak And Dagger","Concentrate","Outmaneuver","Escape Plan"],"picked":"SKIP","floor":41.0},{"not_picked":["Poisoned Stab","Distraction","Flying Knee","Prepared"],"picked":"SKIP","floor":42.0},{"not_picked":["Distraction","Backflip","Flying Knee","Finisher"],"picked":"SKIP","floor":46.0},{"not_picked":["Underhanded Strike+1","Endless Agony","Predator"],"picked":"Acrobatics","floor":48.0},{"not_picked":["Adrenaline","Caltrops","Blade Dance+1"],"picked":"Footwork","floor":55.0}],"player_experience":498966,"relics_obtained":[{"floor":7.0,"key":"Thread and Needle"},{"floor":9.0,"key":"Question Card"},{"floor":13.0,"key":"Gremlin Horn"},{"floor":19.0,"key":"Red Mask"},{"floor":23.0,"key":"Torii"},{"floor":25.0,"key":"Potion Belt"},{"floor":26.0,"key":"Shuriken"},{"floor":29.0,"key":"Bottled Lightning"},{"floor":37.0,"key":"Mango"},{"floor":41.0,"key":"Mummified Hand"},{"floor":46.0,"key":"Oddly Smooth Stone"},{"floor":48.0,"key":"Lantern"},{"floor":55.0,"key":"Happy Flower"}],"event_choices":[{"damage_healed":0.0,"max_hp_gain":0.0,"max_hp_loss":0.0,"gold_gain":0.0,"event_name":"Upgrade Shrine","player_choice":"Upgraded","floor":2.0,"gold_loss":0.0,"damage_taken":0.0,"cards_upgraded":["Blade Dance"]},{"damage_healed":0.0,"max_hp_gain":0.0,"max_hp_loss":6.0,"gold_gain":0.0,"event_name":"Golden Idol","player_choice":"Lose Max HP","floor":14.0,"gold_loss":0.0,"damage_taken":0.0,"relics_obtained":["Golden Idol"]},{"damage_healed":0.0,"max_hp_gain":0.0,"max_hp_loss":0.0,"gold_gain":0.0,"event_name":"Masked Bandits","player_choice":"Fought Bandits","floor":19.0,"gold_loss":0.0,"damage_taken":0.0},{"damage_healed":0.0,"max_hp_gain":0.0,"max_hp_loss":0.0,"gold_gain":360.0,"event_name":"Knowing Skull","player_choice":"GOLD GOLD GOLD GOLD POTION ","floor":21.0,"potions_obtained":["Dexterity Potion"],"gold_loss":0.0,"damage_taken":42.0,"cards_obtained":[]},{"damage_healed":0.0,"max_hp_gain":0.0,"max_hp_loss":0.0,"gold_gain":0.0,"cards_transformed":["Strike_G","Strike_G"],"event_name":"Drug Dealer","player_choice":"Became Test Subject","floor":30.0,"gold_loss":0.0,"damage_taken":0.0,"cards_obtained":["Bane","Reflex"]},{"damage_healed":0.0,"max_hp_gain":0.0,"max_hp_loss":0.0,"gold_gain":0.0,"event_name":"Mysterious Sphere","player_choice":"Fight","floor":37.0,"gold_loss":0.0,"damage_taken":0.0},{"damage_healed":0.0,"max_hp_gain":0.0,"max_hp_loss":4.0,"gold_gain":0.0,"event_name":"Winding Halls","player_choice":"Max HP","floor":39.0,"gold_loss":0.0,"damage_taken":0.0}],"is_beta":false,"boss_relics":[{"not_picked":["Sozu","Tiny House"],"picked":"SacredBark"},{"not_picked":["Empty Cage","Fusion Hammer"],"picked":"SlaversCollar"}],"items_purged_floors":[10,38,47],"is_endless":false,"potions_floor_spawned":[3,4,5,13,16,20,23,27,29,36,41,42,44,55],"killed_by":"The Heart","ascension_level":17}}