{"host":"eedodlo27pfhzv3w","time":1614248482,"event":{"mods":["BaseMod","Colored Map","Downfall","Minty Spire (QoL Compilation)","StSLib"],"gold_per_floor":[99,117,117,132,132,32,32,47,59,77,77,96,107,125,135,233,233,133,133,160,160,120,135,135,146,159,193,212,212,231,264,278,278,278,278],"floor_reached":33,"language":"ENG","playtime":1331,"items_purged":[],"score":360,"play_id":"dd9d3201-7142-4930-8fce-8f02bf9cbf62","local_time":"20210225112122","is_ascension_mode":false,"campfire_choices":[{"floor":1,"key":"RECALL"},{"floor":6,"key":"REST"},{"data":"bronze:AlphaBuild","floor":18,"key":"SMITH"},{"data":"bronze:DelayedSlice","floor":29,"key":"SMITH"}],"circlet_count":0,"master_deck":["bronze:Strike+1","bronze:Strike+1","bronze:Strike+1","bronze:Strike+1","bronze:Defend+1","bronze:Defend+1","bronze:Defend+1","bronze:Defend+1","bronze:Replicate","bronze:Goto","bronze:WildBeam+1","bronze:ChosenStrike","bronze:DazingPulse+1","bronze:Branch","bronze:Iterate","bronze:ChosenStrike","bronze:DelayedSlice+1","bronze:InfiniteBeams","bronze:Safeguard","bronze:BuggyMess","bronze:RecursiveStrike","bronze:AlphaBuild+1","Ghostly","Ghostly","Ghostly","Ghostly","Ghostly","bronze:Separator","bronze:WhirlingStrike","bronze:Backtrace+1","bronze:Frontload","bronze:AlphaBuild","bronze:DelayedSlice+1","bronze:Turbo","bronze:Verify","bronze:BugBarrage+1","bronze:OilSpill+1"],"relics":["bronze:BronzeCore","downfall:ShatteredFragment","downfall:HeartBlessingRed","bronze:MakeshiftBattery","downfall:HeartBlessingBlue","Anchor","Gremlin Horn","Whetstone","Happy Flower"],"acts_visited":["Exordium","TheCity"],"potions_floor_usage":[10,12,27,27,31,31,33],"damage_taken":[{"damage":2,"enemies":"2 Louse","floor":2,"turns":3},{"damage":1,"enemies":"Jaw Worm","floor":4,"turns":2},{"damage":0,"enemies":"Jaw Worm","floor":5,"turns":2},{"damage":2,"enemies":"Small Slimes","floor":8,"turns":2},{"damage":0,"enemies":"Exordium Wildlife","floor":9,"turns":1},{"damage":0,"enemies":"3 Louse","floor":10,"turns":3},{"damage":5,"enemies":"Exordium Thugs","floor":12,"turns":2},{"damage":0,"enemies":"Blue Slaver","floor":13,"turns":2},{"damage":8,"enemies":"Red Slaver","floor":14,"turns":2},{"damage":0,"enemies":"Large Slime","floor":15,"turns":2},{"damage":32,"enemies":"SI_SHIV_ARCHETYPE","floor":16,"turns":5},{"damage":5,"enemies":"downfall:FleeingMerchant","floor":22,"turns":4},{"damage":0,"enemies":"3 Byrds","floor":23,"turns":3},{"damage":0,"enemies":"Shell Parasite","floor":25,"turns":2},{"damage":0,"enemies":"Sentry and Sphere","floor":26,"turns":3},{"damage":0,"enemies":"Slavers","floor":27,"turns":3},{"damage":0,"enemies":"Snake Plant","floor":28,"turns":3},{"damage":0,"enemies":"3 Cultists","floor":30,"turns":2},{"damage":14,"enemies":"Book of Stabbing","floor":31,"turns":4},{"damage":0,"enemies":"Chosen and Byrds","floor":32,"turns":3},{"damage":27,"enemies":"IC_MUSHROOM_ARCHETYPE","floor":33,"turns":4}],"seed_played":"-1030744383356672100","potions_obtained":[{"floor":2,"key":"SteroidPotion"},{"floor":4,"key":"Dexterity Potion"},{"floor":5,"key":"Fire Potion"},{"floor":8,"key":"bronze:FreeFunctionsPotion"},{"floor":10,"key":"Fruit Juice"},{"floor":16,"key":"Slimebound:ThreeZeroPotion"},{"floor":25,"key":"champ:CounterPotion"},{"floor":28,"key":"Strength Potion"},{"floor":30,"key":"SkillPotion"},{"floor":31,"key":"Weak Potion"}],"is_trial":false,"path_per_floor":["R","M","?","M","?","R","T","M","M","M","?","M","M","M","M","B",null,"R","?","T","?","$","M","T","M","M","E","M","R","M","E","M","B"],"character_chosen":"THE_AUTOMATON","items_purchased":["bronze:WhirlingStrike"],"campfire_rested":1,"item_purchase_floors":[22],"current_hp_per_floor":[77,75,54,53,53,76,76,74,74,79,79,74,74,66,66,34,82,92,92,92,46,41,41,41,41,41,41,41,41,41,27,27,0,0,0],"gold":278,"neow_bonus":"TEN_PERCENT_HP_BONUS","is_daily":false,"chose_seed":false,"campfire_upgraded":2,"win_rate":0.0,"timestamp":1614248482,"path_taken":["R","M","?","M","?","R","T","M","M","M","?","M","M","M","M","BOSS","R","?","?","?","$","M","T","?","M","E","M","R","M","E","M","BOSS"],"items_purchased_type":["Card"],"build_version":"2020-12-22","purchased_purges":0,"victory":false,"max_hp_per_floor":[77,77,77,77,77,77,77,77,77,82,82,82,82,82,82,82,82,92,92,92,46,46,46,46,46,46,46,46,46,46,46,46,46,46,46],"card_choices":[{"not_picked":["bronze:Repulsor","bronze:Optimize"],"picked":"bronze:WildBeam","floor":2},{"not_picked":["bronze:Boost","bronze:BitShift"],"picked":"bronze:ChosenStrike","floor":4},{"not_picked":[],"picked":"bronze:DazingPulse","floor":5},{"not_picked":["bronze:Optimize","bronze:Frontload"],"picked":"bronze:Branch","floor":5},{"not_picked":["bronze:BitShift","bronze:Overload"],"picked":"bronze:Iterate","floor":8},{"not_picked":["bronze:Overheat","bronze:Allocate"],"picked":"bronze:ChosenStrike","floor":9},{"not_picked":["bronze:Library","bronze:WhirlingStrike"],"picked":"bronze:DelayedSlice","floor":10},{"not_picked":["bronze:Iterate","bronze:Shield"],"picked":"bronze:InfiniteBeams","floor":12},{"not_picked":["bronze:Deprecate","bronze:Invalidate"],"picked":"bronze:Safeguard","floor":13},{"not_picked":["bronze:Turbo","bronze:Separator"],"picked":"bronze:BuggyMess","floor":14},{"not_picked":["bronze:Iterate","bronze:Overheat"],"picked":"bronze:RecursiveStrike","floor":15},{"not_picked":["bronze:Library","bronze:HyperBeam"],"picked":"bronze:AlphaBuild","floor":16},{"not_picked":["bronze:Constructor+1","bronze:BuggyMess"],"picked":"bronze:Separator","floor":22},{"not_picked":["bronze:BitShift","bronze:OilSpill"],"picked":"bronze:Backtrace+1","floor":23},{"not_picked":["bronze:ForceShield","bronze:WildBeam+1"],"picked":"bronze:Frontload","floor":25},{"not_picked":["bronze:BuggyMess","bronze:Overheat+1"],"picked":"bronze:AlphaBuild","floor":26},{"not_picked":["bronze:WhirlingStrike","bronze:Invalidate+1"],"picked":"bronze:DelayedSlice","floor":27},{"not_picked":["bronze:Frontload","bronze:Iterate"],"picked":"bronze:Turbo","floor":28},{"not_picked":["bronze:DigitalCarnage","bronze:OilSpill"],"picked":"bronze:Verify","floor":30},{"not_picked":["bronze:Philosophize","bronze:CloningBeam"],"picked":"bronze:BugBarrage+1","floor":31},{"not_picked":["bronze:ItsAFeature","bronze:Invalidate+1"],"picked":"bronze:OilSpill+1","floor":32}],"player_experience":191196,"relics_obtained":[{"floor":20,"key":"Anchor"},{"floor":24,"key":"Gremlin Horn"},{"floor":27,"key":"Whetstone"},{"floor":31,"key":"Happy Flower"}],"event_choices":[{"damage_healed":0,"gold_gain":0,"player_choice":"Grow","damage_taken":0,"max_hp_gain":0,"max_hp_loss":0,"event_name":"Living Wall","floor":11,"gold_loss":0,"cards_upgraded":["bronze:DazingPulse"]},{"damage_healed":0,"gold_gain":0,"player_choice":"Became a Ghost","damage_taken":0,"max_hp_gain":0,"max_hp_loss":46,"event_name":"Ghosts","floor":21,"gold_loss":0,"cards_obtained":["Ghostly","Ghostly","Ghostly","Ghostly","Ghostly"]}],"is_beta":false,"boss_relics":[{"not_picked":["Busted Crown","Black Star"],"picked":"bronze:MakeshiftBattery"}],"items_purged_floors":[],"is_endless":false,"potions_floor_spawned":[2,4,5,8,10,16,25,28,30,31],"killed_by":"IC_MUSHROOM_ARCHETYPE","ascension_level":0}}