{"host":"gm50ke85n5jz306u","time":1614251585,"event":{"mods":["AchievementEnabler","AlwaysNeverKeys","Aspiration","BaseMod","Beaked The Cultist","Bestiary","Better Altar","Better Match","Better Note","Better Sensory Stone","Better Skull","Better Third Choice","Better Vampires","Better-Laid Plans","BetterRewards","Colored Powertips","Curses Come First","DNKmod","Defuse TimeMaze Blight","Disable Question Mark Monsters","Displayed Cursed Tome","Downfall","Emptier Cage","Extra Virgin Snecko Oil","Filter the Spire","Friendly Minions","Gremlin Skip","Hermit","Hubris","Hyrulean Relics","Ironclad Rager","Koishi","Lobotomy","Marisa????????","Marked Mod","Minty Spire (QoL Compilation)","Permanent Neow","Poor People Problems","Quick Restart","Reimu??????","Relic Filter Mod","Relic Sorter","Remove Card Discount Mod","Reorder Act Four","Replay The Spire","Shop Mod","StSLib","Synergy Search","Td1madao Mod","The Administrix","The Animator","The Blue Laboratory","The Bug Knight","The Construct","The Cursed","The Disciple","The Hierophant","The Necromancer","The Runesmith","The Senshi","The Servant 0.9.4","Thieving Mod","Transform Curses","WarShipGirlsR/????R mod"],"gold_per_floor":[10016,10030,9638,9658,9007,9007,9007,9007,9007,8905,8918,8918,8939,8990,8990,9063,9063,9078,9095,8792,8792,8052,8064,8084,8084,8155,8169,8180,8140,8140,8151,8151,8225,8225,8241,7609,7609,7609,7534,7534,7548,7548,7548],"floor_reached":42,"language":"ENG","playtime":1848,"items_purged":["Bash","Strike_R","Flex","Strike_R"],"score":687,"play_id":"46423df5-2348-4333-ac8c-378cc54f8b27","local_time":"20210225121304","is_ascension_mode":true,"campfire_choices":[{"data":"Body Slam","floor":6.0,"key":"SMITH"},{"data":"Flex","floor":8.0,"key":"SMITH"},{"data":"Defend_R","floor":12.0,"key":"SMITH"},{"data":"Body Slam","floor":15.0,"key":"SMITH"},{"data":"Defend_R","floor":25.0,"key":"SMITH"},{"data":"Defend_R","floor":30.0,"key":"SMITH"},{"data":"Strike_R","floor":32.0,"key":"SMITH"},{"data":"Demon Form","floor":40,"key":"SMITH"}],"circlet_count":0,"master_deck":["AscendersBane","Strike_R","Strike_R+1","Strike_R+1","Defend_R+1","Defend_R+1","Defend_R+1","Defend_R+1","Body Slam+1","Body Slam+1","Impervious+1","Limit Break+1","Panacea+1","Demon Form+1","Cleave+1","Trip+1"],"relics":["Burning Blood","aspiration:DSix","Snack Pack","InkBottle","Pen Nib","Odd Mushroom","Vajra","Frozen Eye","MerchantsRug","HollowMod:StagPassRelic","Eternal Feather","White Beast Statue","Strawberry","SacredBark","Singing Bowl","hubris:Backtick","Replay:Bottled Snecko","Medical Kit","Bronze Scales","Meat on the Bone"],"acts_visited":["Exordium","TheCity","TheBeyond"],"potions_floor_usage":[],"damage_taken":[{"damage":1.0,"enemies":"2 Louse","floor":1.0,"turns":3.0},{"damage":6.0,"enemies":"Jaw Worm","floor":2.0,"turns":5.0},{"damage":1.0,"enemies":"Cultist","floor":4.0,"turns":4.0},{"damage":4.0,"enemies":"Looter","floor":11.0,"turns":3.0},{"damage":11.0,"enemies":"The Mushroom Lair","floor":13.0,"turns":4.0},{"damage":84.0,"enemies":"Hexaghost","floor":16.0,"turns":12.0},{"damage":22.0,"enemies":"Spheric Guardian","floor":18.0,"turns":5.0},{"damage":14.0,"enemies":"Shell Parasite","floor":19.0,"turns":3.0},{"damage":40.0,"enemies":"Snake Plant","floor":23.0,"turns":4.0},{"damage":21.0,"enemies":"Shelled Parasite and Fungi","floor":24.0,"turns":3.0},{"damage":22.0,"enemies":"Centurion and Healer","floor":27.0,"turns":5.0},{"damage":19.0,"enemies":"Snecko","floor":28.0,"turns":6.0},{"damage":8.0,"enemies":"Cultist and Chosen","floor":31.0,"turns":5.0},{"damage":34.0,"enemies":"Champ","floor":33.0,"turns":10.0},{"damage":26.0,"enemies":"Orb Walker","floor":35.0,"turns":5.0},{"damage":41,"enemies":"3 Darklings","floor":41,"turns":4},{"damage":83,"enemies":"Reptomancer","floor":42,"turns":5}],"seed_played":"-6767695625446858328","potions_obtained":[{"floor":11.0,"key":"champ:CounterPotion"},{"floor":13.0,"key":"EntropicBrew"},{"floor":24.0,"key":"SneckoOil"},{"floor":27.0,"key":"Languid Potion"},{"floor":28.0,"key":"Guardian:BlockOnCardUsePotion"},{"floor":31.0,"key":"Languid Potion"},{"floor":33.0,"key":"CultistPotion"},{"floor":35.0,"key":"blueLaboratory:IronCompound"}],"is_trial":false,"path_per_floor":["M","M","$","M","$","R","?","R","T","?","M","R","?","T","R","B",null,"M","M","$","?","$","M","M","R","T","M","M","?","R","M","R","B",null,"M","$","?","?","?","R","M","E"],"character_chosen":"IRONCLAD","items_purchased":["Eternal Feather","MerchantsRug","HollowMod:StagPassRelic","Body Slam","White Beast Statue","Flex","blueLaboratory:FruitPunch","Limit Break","Pen Nib","blueLaboratory:FruitPunch","Frozen Eye","Snack Pack","Singing Bowl","Panacea","Medical Kit","Bronze Scales","Meat on the Bone","Trip","Dexterity Potion"],"campfire_rested":0,"item_purchase_floors":[3,3,5,5,5,5,5,20,20,20,22,22,22,22,36,36,36,36,36],"current_hp_per_floor":[77,77,77,80,80,80,64,70,70,77,79,85,82,82,88,10,69,53,45,45,50,50,20,13,19,19,68,57,57,63,65,71,45,89,69,69,69,69,75,84,65,0,0],"gold":7548,"neow_bonus":"DSIX","is_daily":false,"chose_seed":false,"campfire_upgraded":8,"win_rate":0.0,"timestamp":1614251584,"path_taken":["M","M","$","M","$","R","?","R","T","?","?","R","?","?","R","BOSS","M","M","$","?","$","M","M","R","T","M","?","?","R","M","R","BOSS","M","$","?","?","?","R","M","E"],"items_purchased_type":["Relic","Relic","Relic","Card","Relic","Card","Potion","Card","Relic","Potion","Relic","Relic","Relic","Card","Relic","Relic","Relic","Card","Potion"],"build_version":"2020-12-22","purchased_purges":4,"victory":false,"max_hp_per_floor":[80,80,80,80,80,80,80,80,80,87,87,87,89,89,89,89,89,89,89,89,89,89,91,97,97,97,99,101,101,101,103,103,103,103,103,103,103,103,109,109,111,111,111],"card_choices":[{"not_picked":["Thunderclap","Wild Strike","Replay:Undeath\u0027s Touch"],"picked":"SKIP","floor":1.0},{"not_picked":["Run Through","Warcry","Anger"],"picked":"SKIP","floor":2.0},{"not_picked":["Armaments","Havoc"],"picked":"Flex","floor":4.0},{"not_picked":["ReplayTheSpireMod:Strike From Hell","Perfected Strike","Uppercut"],"picked":"SKIP","floor":11.0},{"not_picked":["Defy Death","Power Through"],"picked":"Body Slam","floor":13.0},{"not_picked":["Exhume","hubris:StunningStrike"],"picked":"Impervious","floor":16.0},{"not_picked":["ReplayTheSpireMod:Strike From Hell","Sever Soul+1","Run Through"],"picked":"SKIP","floor":18.0},{"not_picked":["Pommel Strike","Burning Pact","Heavy Blade"],"picked":"SKIP","floor":19.0},{"not_picked":["Havoc","ReplayTheSpireMod:Limb From Limb","Clothesline"],"picked":"Singing Bowl","floor":23.0},{"not_picked":["Second Wind+1","Wild Strike","Body Slam"],"picked":"Singing Bowl","floor":24.0},{"not_picked":["Life Link","Uppercut+1","Feel No Pain"],"picked":"Singing Bowl","floor":27.0},{"not_picked":["Clash+1","Warcry","Infernal Blade"],"picked":"Singing Bowl","floor":28.0},{"not_picked":["Havoc","Run Through","Pommel Strike"],"picked":"Singing Bowl","floor":31.0},{"not_picked":["Fiend Fire","Immolate"],"picked":"Demon Form","floor":33.0},{"not_picked":["hubris:CleavingFinish","Iron Wave"],"picked":"Cleave+1","floor":35.0},{"not_picked":["Abandon","Reckless Charge","Dual Wield"],"picked":"Singing Bowl","floor":39},{"not_picked":["Second Wind","Bloodletting","Defy Death"],"picked":"Singing Bowl","floor":39},{"not_picked":["Demon Form","Immolate","Fiend Fire"],"picked":"Singing Bowl","floor":39},{"not_picked":["ReplayTheSpireMod:Stacked+1","Clash+1","Armaments"],"picked":"Singing Bowl","floor":41}],"player_experience":473515,"relics_obtained":[{"floor":13.0,"key":"Odd Mushroom"},{"floor":14.0,"key":"Vajra"},{"floor":26.0,"key":"InkBottle"}],"event_choices":[{"damage_healed":80.0,"max_hp_gain":0.0,"max_hp_loss":80.0,"gold_gain":0.0,"event_name":"betterThird:BetterShining","player_choice":"Upgrade","floor":7.0,"gold_loss":0.0,"damage_taken":16.0,"cards_upgraded":["Strike_R","Defend_R"]},{"damage_healed":0.0,"max_hp_gain":0.0,"max_hp_loss":0.0,"gold_gain":0.0,"event_name":"WeMeetAgain","player_choice":"Paid Gold","floor":10.0,"gold_loss":102.0,"damage_taken":0.0,"relics_obtained":["Strawberry"]},{"damage_healed":0.0,"max_hp_gain":0.0,"max_hp_loss":0.0,"gold_gain":0.0,"event_name":"Mushrooms","player_choice":"Fought Mushrooms","floor":13.0,"gold_loss":0.0,"damage_taken":0.0},{"cards_removed":["Flex"],"damage_healed":5.0,"max_hp_gain":0.0,"max_hp_loss":0.0,"gold_gain":0.0,"event_name":"Bonfire Elementals","player_choice":"Offered Common","floor":21.0,"gold_loss":0.0,"damage_taken":0.0},{"cards_removed":["Flex"],"damage_healed":5.0,"max_hp_gain":0.0,"max_hp_loss":0.0,"gold_gain":0.0,"event_name":"Bonfire Elementals","player_choice":"Offered Special","floor":21.0,"gold_loss":0.0,"damage_taken":0.0},{"damage_healed":0.0,"max_hp_gain":0.0,"max_hp_loss":0.0,"gold_gain":0.0,"event_name":"Designer","player_choice":"Upgrade","floor":29.0,"gold_loss":40.0,"damage_taken":0.0,"cards_upgraded":["Impervious"]},{"damage_healed":0,"gold_gain":0,"player_choice":"Ignored","damage_taken":0,"max_hp_gain":0,"max_hp_loss":0,"event_name":"Mysterious Sphere","floor":38,"gold_loss":0},{"damage_healed":0,"gold_gain":0,"player_choice":"1","damage_taken":0,"max_hp_gain":0,"max_hp_loss":0,"event_name":"betterMatch:BetterMatch","floor":39,"gold_loss":0,"cards_obtained":["betterMatch:UncommonCard","betterMatch:UncommonCard","betterMatch:RareCard"]}],"is_beta":false,"boss_relics":[{"not_picked":["aspiration:PoetsPen_weak","Replay:Bronze Core"],"picked":"SacredBark"},{"not_picked":["Coffee Dripper","Fusion Hammer"],"picked":"hubris:Backtick"}],"items_purged_floors":[3,3,5,22],"is_endless":false,"potions_floor_spawned":[11,13,16,18,19,23,24,27,28,31,33,35,41],"killed_by":"Reptomancer","ascension_level":13}}