{"host":"t5vp0whyqzs05fb6","time":1614251554,"event":{"mods":["AchievementEnabler","BaseMod","Colored Map","Minty Spire (QoL Compilation)","Rare Cards Sparkle","SuperFastMode","everything is the same but u backflip on backflip"],"gold_per_floor":[112,129,204,204,52,85,101,101,151,167,181,181,194,206,206,206,206],"floor_reached":16,"language":"KOR","playtime":285,"items_purged":[],"score":129,"play_id":"df7de697-19f5-4e92-8d46-50fa0e512819","local_time":"20210225201234","is_ascension_mode":false,"campfire_choices":[{"data":"Wild Strike","floor":8,"key":"SMITH"},{"data":"Shrug It Off","floor":12,"key":"SMITH"},{"data":"Shockwave","floor":15,"key":"SMITH"}],"circlet_count":0,"master_deck":["Strike_R","Strike_R","Strike_R","Strike_R","Defend_R","Defend_R","Defend_R","Defend_R","Bash","Shrug It Off+1","Wild Strike+1","Carnage","Wild Strike","Thunderclap","Shockwave+1"],"relics":["Burning Blood","NeowsBlessing","Medical Kit","Tiny Chest","MealTicket"],"acts_visited":["Exordium"],"potions_floor_usage":[16],"damage_taken":[{"damage":0,"enemies":"Jaw Worm","floor":1,"turns":1},{"damage":0,"enemies":"Small Slimes","floor":2,"turns":1},{"damage":0,"enemies":"Lagavulin","floor":6,"turns":1},{"damage":1,"enemies":"Cultist","floor":7,"turns":4},{"damage":7,"enemies":"3 Louse","floor":10,"turns":4},{"damage":22,"enemies":"Large Slime","floor":11,"turns":6},{"damage":10,"enemies":"Looter","floor":13,"turns":3},{"damage":8,"enemies":"Red Slaver","floor":14,"turns":3},{"damage":50,"enemies":"Slime Boss","floor":16,"turns":8}],"seed_played":"-2417602574127885951","potions_obtained":[{"floor":1,"key":"SpeedPotion"},{"floor":11,"key":"Swift Potion"},{"floor":13,"key":"CultistPotion"},{"floor":14,"key":"Dexterity Potion"}],"is_trial":false,"path_per_floor":["M","M","?","?","$","E","M","R","T","M","M","R","M","M","R","B"],"character_chosen":"IRONCLAD","items_purchased":["Medical Kit"],"campfire_rested":0,"item_purchase_floors":[5],"current_hp_per_floor":[80,80,69,62,62,68,73,73,73,72,56,56,52,50,50,0,0],"gold":206,"neow_bonus":"THREE_ENEMY_KILL","is_daily":false,"chose_seed":false,"campfire_upgraded":3,"win_rate":0.0,"timestamp":1614251554,"path_taken":["M","M","?","?","?","E","?","R","T","M","M","R","M","M","R","BOSS"],"items_purchased_type":["Relic"],"build_version":"2020-12-22","purchased_purges":0,"victory":false,"max_hp_per_floor":[80,80,80,80,80,80,80,80,80,80,80,80,80,80,80,80,80],"card_choices":[{"not_picked":["Rupture","Intimidate","Twin Strike"],"picked":"SKIP","floor":1},{"not_picked":["Clothesline","Perfected Strike"],"picked":"Shrug It Off","floor":2},{"not_picked":["Clothesline","Brutality"],"picked":"Wild Strike","floor":6},{"not_picked":["Anger","True Grit","Flex"],"picked":"SKIP","floor":7},{"not_picked":["Body Slam","Dropkick"],"picked":"Carnage","floor":10},{"not_picked":["Armaments","Iron Wave"],"picked":"Wild Strike","floor":11},{"not_picked":["Pummel","Flex"],"picked":"Thunderclap","floor":13},{"not_picked":["Perfected Strike","Flex"],"picked":"Shockwave","floor":14}],"player_experience":242714,"relics_obtained":[{"floor":6,"key":"Tiny Chest"},{"floor":9,"key":"MealTicket"}],"event_choices":[{"damage_healed":0,"gold_gain":75,"player_choice":"Gather Gold","damage_taken":11,"max_hp_gain":0,"max_hp_loss":0,"event_name":"World of Goop","floor":3,"gold_loss":0},{"cards_removed":["Strike_R"],"damage_healed":0,"gold_gain":0,"player_choice":"Card Removal","damage_taken":7,"max_hp_gain":0,"max_hp_loss":0,"event_name":"Golden Wing","floor":4,"gold_loss":0}],"is_beta":false,"boss_relics":[],"items_purged_floors":[],"is_endless":false,"potions_floor_spawned":[1,11,13,14],"killed_by":"Slime Boss","ascension_level":0}}