{"host":"nz11ypxva4e39b7q","time":1614261893,"event":{"mods":["BaseMod","Better Third Choice","Better Vampires","Colored Map","Minty Spire (QoL Compilation)","Quick Restart","Shapeshifter Mod","StSLib"],"gold_per_floor":[116,266,266,283,298,331,331,331,331],"floor_reached":8,"language":"ENG","playtime":190,"items_purged":[],"score":104,"play_id":"317c141e-b42e-4ae6-87ad-61412fecb4b7","local_time":"20210225150453","is_ascension_mode":true,"campfire_choices":[{"data":"StSShapeShifter:BurstingSpore","floor":7,"key":"SMITH"}],"circlet_count":0,"master_deck":["AscendersBane","StSShapeShifter:ShapeShifter_Strike","StSShapeShifter:ShapeShifter_Strike","StSShapeShifter:ShapeShifter_Strike","StSShapeShifter:ShapeShifter_Strike","StSShapeShifter:ShapeShifter_Strike","StSShapeShifter:ShapeShifter_Defend","StSShapeShifter:ShapeShifter_Defend","StSShapeShifter:ShapeShifter_Defend","StSShapeShifter:ShapeShifter_Defend","StSShapeShifter:ShapeShifter_Defend","StSShapeShifter:Tortoise_Form","StSShapeShifter:Lynx_Form","Doubt","StSShapeShifter:BurstingSpore+1","StSShapeShifter:VileMushroom","StSShapeShifter:BarkSkin"],"relics":["StSShapeShifter:AnimalHeart","StSShapeShifter:TheShapeShiftersMagnolia","NeowsBlessing","StSShapeShifter:DruidicMedallion"],"acts_visited":["Exordium"],"potions_floor_usage":[6,8],"damage_taken":[{"damage":0,"enemies":"2 Louse","floor":1,"turns":1},{"damage":0,"enemies":"Cultist","floor":4,"turns":1},{"damage":0,"enemies":"Jaw Worm","floor":5,"turns":1},{"damage":31,"enemies":"Lagavulin","floor":6,"turns":5},{"damage":24,"enemies":"Gremlin Nob","floor":8,"turns":4}],"seed_played":"2262691307857869709","potions_obtained":[{"floor":3,"key":"FearPotion"},{"floor":3,"key":"SpeedPotion"}],"is_trial":false,"path_per_floor":["M","?","?","M","M","E","R","E"],"character_chosen":"SHAPESHIFTER","items_purchased":[],"campfire_rested":0,"item_purchase_floors":[],"current_hp_per_floor":[66,66,66,66,66,35,35,11,11],"gold":331,"neow_bonus":"THREE_ENEMY_KILL","is_daily":false,"chose_seed":false,"campfire_upgraded":1,"win_rate":0.0,"timestamp":1614261893,"path_taken":["M","?","?","M","?","E","R","E"],"items_purchased_type":[],"build_version":"2020-12-22","purchased_purges":0,"victory":false,"max_hp_per_floor":[73,73,73,73,73,73,73,73,73],"card_choices":[{"not_picked":["StSShapeShifter:Rest","StSShapeShifter:Rabid","StSShapeShifter:MonkeyForm"],"picked":"SKIP","floor":1},{"not_picked":["StSShapeShifter:Sapling","StSShapeShifter:MonkeyForm"],"picked":"StSShapeShifter:BurstingSpore","floor":4},{"not_picked":["StSShapeShifter:ThornToss","StSShapeShifter:EmbraceTheCycle"],"picked":"StSShapeShifter:VileMushroom","floor":5},{"not_picked":["StSShapeShifter:ShiftingStrike","StSShapeShifter:FlowerShield"],"picked":"StSShapeShifter:BarkSkin","floor":6}],"player_experience":1116194,"relics_obtained":[{"floor":6,"key":"StSShapeShifter:DruidicMedallion"}],"event_choices":[{"damage_healed":0,"gold_gain":150,"player_choice":"AGREE","damage_taken":116,"max_hp_gain":0,"max_hp_loss":0,"event_name":"betterThird:BetterSerpent","floor":2,"gold_loss":0},{"damage_healed":0,"gold_gain":0,"player_choice":"Got Potions","damage_taken":0,"max_hp_gain":0,"max_hp_loss":0,"event_name":"Lab","floor":3,"gold_loss":0}],"is_beta":false,"boss_relics":[],"items_purged_floors":[],"is_endless":false,"potions_floor_spawned":[5],"killed_by":"Gremlin Nob","ascension_level":17}}