{"host":"x7uw0zl1hulx3jrn","time":1614241074,"event":{"mods":["BaseMod","BetterRewards","Card Filter","Colored Powertips","Highlight Path","KOR Keyword Fix","Marisa£¨Ùöéë¡¡Øª×âÞÞ£©","Minty Spire (QoL Compilation)","Shop Mod","StSLib","SuperFastMode"],"gold_per_floor":[109,120,120,66,83,83,109,109,109,109,122,122,160,160,160,291,291,306,78,278,38,58,96,115,115,115,129,39,82,82,120,120,241,241,256,274,293,293,168,184,218,218,292,323,386,386,411,261,261,261,261,261,13,57,57],"floor_reached":56,"language":"KOR","playtime":4081,"items_purged":["Strike_MRS","Strike_MRS","Defend_MRS","OrrerysSun"],"score":1621,"play_id":"4641a467-cbf8-43d5-bd3c-5f0be5f2f74e","local_time":"20210225171754","is_ascension_mode":false,"campfire_choices":[{"data":"CollectingQuirk","floor":6,"key":"SMITH"},{"data":"BinaryStars","floor":8,"key":"SMITH"},{"data":"Bandage Up","floor":10,"key":"SMITH"},{"data":"PropBag","floor":15,"key":"SMITH"},{"floor":25,"key":"RECALL"},{"data":"MillisecondPulsars","floor":32,"key":"SMITH"},{"data":"FairyDestructionRay","floor":42,"key":"SMITH"},{"data":"EnergyFlow","floor":46,"key":"SMITH"},{"data":"Madness","floor":49,"key":"SMITH"},{"data":"MaximisePower","floor":52,"key":"SMITH"}],"circlet_count":0,"master_deck":["Defend_MRS","Defend_MRS+1","Defend_MRS","MasterSpark","UpSweep","SporeBomb","BinaryStars+1","Master of Strategy+1","Bandage Up+1","CollectingQuirk+1","AsteroidBelt","WitchLeyline","PropBag+1","MillisecondPulsars+1","WitchLeyline+1","FairyDestructionRay+1","MagicAbsorber","EnergyFlow+1","MaximisePower+1","SporeBomb","Madness","Madness+1","EventHorizon+1","MagicChant+1","MaximisePower+1","Blind+1","MagicAbsorber+1"],"relics":["MiniHakkero","Orichalcum","Thread and Needle","Pen Nib","BreadOfAWashokuLover","Mercury Hourglass","Medical Kit","Lantern","AmplifyWand","Golden Idol","Vajra","RampagingMagicTools","Omamori","Letter Opener","Unceasing Top","Ice Cream","War Paint","Ornamental Fan","Bag of Preparation","Empty Cage","Blue Candle","White Beast Statue","Toxic Egg 2","Turnip","DollysMirror","StoneCalendar"],"acts_visited":["Exordium","TheCity","TheBeyond","TheEnding"],"potions_floor_usage":[55,55,55],"damage_taken":[{"damage":0,"enemies":"Cultist","floor":1,"turns":4},{"damage":0,"enemies":"Small Slimes","floor":2,"turns":3},{"damage":0,"enemies":"2 Louse","floor":5,"turns":1},{"damage":1,"enemies":"3 Sentries","floor":7,"turns":3},{"damage":0,"enemies":"Lots of Slimes","floor":11,"turns":2},{"damage":0,"enemies":"Lagavulin","floor":13,"turns":6},{"damage":0,"enemies":"Slime Boss","floor":16,"turns":6},{"damage":0,"enemies":"Spheric Guardian","floor":18,"turns":3},{"damage":0,"enemies":"Chosen","floor":22,"turns":3},{"damage":0,"enemies":"Slavers","floor":23,"turns":1},{"damage":0,"enemies":"Snecko","floor":24,"turns":1},{"damage":0,"enemies":"Snake Plant","floor":27,"turns":1},{"damage":0,"enemies":"Book of Stabbing","floor":29,"turns":2},{"damage":38,"enemies":"Slavers","floor":31,"turns":3},{"damage":0,"enemies":"Collector","floor":33,"turns":3},{"damage":0,"enemies":"3 Darklings","floor":35,"turns":3},{"damage":0,"enemies":"3 Shapes","floor":36,"turns":2},{"damage":5,"enemies":"Jaw Worm Horde","floor":37,"turns":2},{"damage":3,"enemies":"Spire Growth","floor":40,"turns":2},{"damage":9,"enemies":"Nemesis","floor":41,"turns":3},{"damage":13,"enemies":"Reptomancer","floor":44,"turns":3},{"damage":1,"enemies":"Mind Bloom Boss Battle","floor":45,"turns":3},{"damage":0,"enemies":"Writhing Mass","floor":47,"turns":2},{"damage":0,"enemies":"Awakened One","floor":50,"turns":4},{"damage":0,"enemies":"Shield and Spear","floor":54,"turns":2},{"damage":86,"enemies":"The Heart","floor":55,"turns":7}],"seed_played":"-5745793033897004639","potions_obtained":[{"floor":2,"key":"Strength Potion"},{"floor":7,"key":"SmokeBomb"},{"floor":16,"key":"Block Potion"},{"floor":18,"key":"SkillPotion"},{"floor":35,"key":"Swift Potion"},{"floor":44,"key":"DuplicationPotion"},{"floor":45,"key":"SteroidPotion"}],"is_trial":false,"path_per_floor":["M","M","?","$","M","R","E","R","T","R","M","?","E","?","R","B",null,"M","$","?","$","M","E","M","R","T","M","$","E","T","E","R","B",null,"M","M","M","?","$","M","E","R","T","E","?","R","M","$","R","B",null,"R","$","E","B",null],"character_chosen":"MARISA","items_purchased":["Orichalcum","Thread and Needle","SporeBomb","BinaryStars","Master of Strategy","Bandage Up","Pen Nib","BreadOfAWashokuLover","CollectingQuirk","WitchLeyline","FairyDestructionRay","Omamori","Letter Opener","Ice Cream","DollysMirror","Blind+1"],"campfire_rested":0,"item_purchase_floors":[0,0,0,0,0,0,0,0,0,4,19,19,21,28,53,53],"current_hp_per_floor":[71,71,68,68,72,72,75,75,75,75,75,57,66,66,66,75,75,75,75,75,75,88,88,88,88,88,88,88,88,88,50,50,50,88,88,88,88,77,77,74,71,71,71,64,69,69,69,69,69,75,88,88,88,88,8],"gold":57,"neow_bonus":"","is_daily":false,"chose_seed":false,"campfire_upgraded":9,"win_rate":0.0,"timestamp":1614241074,"path_taken":["M","M","?","$","M","R","E","R","T","R","M","?","E","?","R","BOSS","M","$","?","$","?","E","M","R","T","M","?","E","?","E","R","BOSS","M","M","M","?","$","M","E","R","T","E","?","R","M","?","R","BOSS","R","$","E","BOSS"],"items_purchased_type":["Relic","Relic","Card","Card","Card","Card","Relic","Relic","Card","Card","Card","Relic","Relic","Relic","Relic","Card"],"build_version":"2020-12-22","purchased_purges":4,"victory":true,"max_hp_per_floor":[75,75,75,75,75,75,75,75,75,75,75,75,75,75,75,75,75,75,75,75,75,88,88,88,88,88,88,88,88,88,88,88,88,88,88,88,88,88,88,88,88,88,88,88,88,88,88,88,88,88,88,88,88,88,88],"card_choices":[{"not_picked":["ShootingEcho","DoubleSpark"],"picked":"OrrerysSun","floor":1},{"not_picked":["MysteriousBeam","UnstableBomb"],"picked":"AsteroidBelt","floor":2},{"not_picked":["Orbital","LuminesStrike","GravityBeat"],"picked":"SKIP","floor":5},{"not_picked":["EventHorizon","ChargingUp"],"picked":"PropBag","floor":7},{"not_picked":["Robbery","GrandCross","SporeBomb"],"picked":"SKIP","floor":11},{"not_picked":["DC","PowerUp","LuminesStrike"],"picked":"SKIP","floor":13},{"not_picked":["BlazingStar","EscapeVelocity"],"picked":"MillisecondPulsars","floor":16},{"not_picked":["DC","LuminesStrike+1"],"picked":"WitchLeyline+1","floor":18},{"not_picked":["LuminesStrike","GalacticHalo+1"],"picked":"MagicAbsorber","floor":22},{"not_picked":["GravityBeat","EnergyFlow","MysteriousBeam"],"picked":"SKIP","floor":23},{"not_picked":["MysteriousBeam","CasketOfStar","PropBag"],"picked":"SKIP","floor":24},{"not_picked":["LuminesStrike","DoubleSpark","UnstableBomb"],"picked":"SKIP","floor":27},{"not_picked":["WitchOfGreed","NonDirectionalLaser"],"picked":"EnergyFlow","floor":29},{"not_picked":["MilkyWay","PropBag","RefractionSpark"],"picked":"SKIP","floor":31},{"not_picked":["UltimateShortwave","MillisecondPulsars"],"picked":"MaximisePower","floor":33},{"not_picked":["DC","MysteriousBeam+1","NonDirectionalLaser"],"picked":"SKIP","floor":35},{"not_picked":["WitchOfGreed","GravityBeat"],"picked":"SporeBomb","floor":36},{"not_picked":["StarBarrage+1","RefractionSpark+1","MilkyWay+1"],"picked":"SKIP","floor":37},{"not_picked":["BigCrunch","WitchLeyline+1"],"picked":"EventHorizon+1","floor":40},{"not_picked":["PulseMagic+1","SuperPerseids+1","MeteoricShower"],"picked":"SKIP","floor":41},{"not_picked":["StarBarrage","EnergyFlow","GalacticHalo+1"],"picked":"SKIP","floor":44},{"not_picked":["StarBarrage","EnergyFlow","GalacticHalo+1"],"picked":"SKIP","floor":44},{"not_picked":["UnstableBomb","LuminesStrike"],"picked":"MagicChant+1","floor":47},{"not_picked":["ChargeUpSpray","ShootingEcho"],"picked":"MagicAbsorber+1","floor":54}],"player_experience":401625,"relics_obtained":[{"floor":7,"key":"Lantern"},{"floor":9,"key":"AmplifyWand"},{"floor":13,"key":"Vajra"},{"floor":23,"key":"Unceasing Top"},{"floor":29,"key":"War Paint"},{"floor":30,"key":"Ornamental Fan"},{"floor":31,"key":"Bag of Preparation"},{"floor":41,"key":"Blue Candle"},{"floor":43,"key":"White Beast Statue"},{"floor":44,"key":"Toxic Egg 2"},{"floor":45,"key":"Turnip"},{"floor":54,"key":"StoneCalendar"}],"event_choices":[{"damage_healed":0,"gold_gain":0,"player_choice":"Success","damage_taken":3,"relics_obtained":["Mercury Hourglass"],"max_hp_gain":0,"max_hp_loss":0,"event_name":"Scrap Ooze","floor":3,"gold_loss":0},{"damage_healed":0,"gold_gain":0,"player_choice":"Take Damage","damage_taken":18,"relics_obtained":["Golden Idol"],"max_hp_gain":0,"max_hp_loss":0,"event_name":"Golden Idol","floor":12,"gold_loss":0},{"damage_healed":0,"gold_gain":0,"player_choice":"Ignored","damage_taken":0,"max_hp_gain":0,"max_hp_loss":0,"event_name":"Liars Game","floor":14,"gold_loss":0},{"damage_healed":0,"gold_gain":200,"player_choice":"Gold","damage_taken":0,"max_hp_gain":0,"max_hp_loss":0,"event_name":"Wheel of Change","floor":20,"gold_loss":0},{"damage_healed":0,"gold_gain":0,"player_choice":"Embrace Madness","damage_taken":11,"max_hp_gain":0,"max_hp_loss":0,"event_name":"Winding Halls","floor":38,"gold_loss":0,"cards_obtained":["Madness","Madness"]},{"damage_healed":0,"gold_gain":0,"player_choice":"Fight","damage_taken":0,"max_hp_gain":0,"max_hp_loss":0,"event_name":"MindBloom","floor":45,"gold_loss":0}],"is_beta":false,"boss_relics":[{"not_picked":["SlaversCollar","Fusion Hammer"],"picked":"RampagingMagicTools"},{"not_picked":["Black Star","Sozu"],"picked":"Empty Cage"}],"items_purged_floors":[0,0,39,48],"is_endless":false,"potions_floor_spawned":[2,7,16,18,24,29,35,41,44,45,47,54],"ascension_level":0}}