{"host":"xpgmdkzynapqiwc4","time":1614268769,"event":{"mods":["BaseMod","Colored Map","Hubris","Minty Spire (QoL Compilation)","StSLib"],"gold_per_floor":[110,127,202,220,240,265,278,313,365,391,403,403,414,424,424,524,524,540,557,557,557,185,211,211,241,241,88,123,123,23,36,36,36,36],"floor_reached":33,"language":"ENG","playtime":2225,"items_purged":["Writhe","Strike_R"],"score":455,"play_id":"f6c1209d-7304-4888-8dbf-17078f892996","local_time":"20210225095929","is_ascension_mode":true,"campfire_choices":[{"data":"Armaments","floor":15,"key":"SMITH"},{"data":"Body Slam","floor":24,"key":"SMITH"},{"floor":32,"key":"REST"}],"circlet_count":0,"master_deck":["Strike_R+1","Strike_R","Defend_R","Defend_R","Defend_R","Defend_R+1","Bash","Body Slam+1","Heavy Blade","Armaments+1","Feed","Pommel Strike","Evolve","Rage+1","Spot Weakness","Intimidate","Cleave+1","Offering","Pummel+1","RitualDagger","Limit Break","Impervious"],"relics":["Burning Blood","PreservedInsect","hubris:PeanutButter","Boot","Darkstone Periapt","hubris:Towel","Empty Cage","HornCleat","War Paint","Sling","Blood Vial","Happy Flower","hubris:GlazedTorus","Whetstone","Vajra"],"acts_visited":["Exordium","TheCity"],"potions_floor_usage":[6,6,13,16,16,19,33,33],"damage_taken":[{"damage":5,"enemies":"Jaw Worm","floor":1,"turns":6},{"damage":1,"enemies":"Cultist","floor":2,"turns":3},{"damage":2,"enemies":"2 Louse","floor":4,"turns":4},{"damage":2,"enemies":"2 Fungi Beasts","floor":5,"turns":5},{"damage":8,"enemies":"Gremlin Nob","floor":6,"turns":3},{"damage":1,"enemies":"Exordium Wildlife","floor":7,"turns":3},{"damage":20,"enemies":"3 Sentries","floor":8,"turns":9},{"damage":20,"enemies":"Gremlin Nob","floor":10,"turns":4},{"damage":0,"enemies":"Looter","floor":11,"turns":4},{"damage":4,"enemies":"Large Slime","floor":13,"turns":6},{"damage":7,"enemies":"2 Fungi Beasts","floor":14,"turns":4},{"damage":72,"enemies":"The Guardian","floor":16,"turns":10},{"damage":16,"enemies":"Spheric Guardian","floor":18,"turns":5},{"damage":26,"enemies":"3 Byrds","floor":19,"turns":5},{"damage":0,"enemies":"Gremlin Leader","floor":23,"turns":3},{"damage":14,"enemies":"Book of Stabbing","floor":25,"turns":3},{"damage":34,"enemies":"Slavers","floor":28,"turns":4},{"damage":27,"enemies":"Shelled Parasite and Fungi","floor":31,"turns":4},{"damage":64,"enemies":"Champ","floor":33,"turns":7}],"seed_played":"5825781948028042233","potions_obtained":[{"floor":2,"key":"DistilledChaos"},{"floor":4,"key":"DuplicationPotion"},{"floor":7,"key":"LiquidBronze"},{"floor":8,"key":"Strength Potion"},{"floor":11,"key":"DistilledChaos"},{"floor":14,"key":"DuplicationPotion"},{"floor":25,"key":"LiquidBronze"},{"floor":28,"key":"Fire Potion"},{"floor":31,"key":"Swift Potion"}],"is_trial":false,"path_per_floor":["M","M","?","M","M","E","M","E","T","E","M","?","M","M","R","B",null,"M","M","?","?","$","E","R","E","T","$","E","?","$","M","R","B"],"character_chosen":"IRONCLAD","items_purchased":["War Paint","Sling","Whetstone"],"campfire_rested":1,"item_purchase_floors":[22,22,27],"current_hp_per_floor":[80,80,72,76,83,85,90,79,79,65,71,71,76,78,78,12,99,92,76,82,76,76,85,85,79,79,79,56,31,31,15,52,0,0],"gold":36,"neow_bonus":"THREE_CARDS","is_daily":false,"chose_seed":false,"campfire_upgraded":2,"win_rate":0.0,"timestamp":1614268769,"path_taken":["M","M","?","M","?","E","M","E","T","E","M","?","M","M","R","BOSS","M","M","?","?","$","E","R","E","T","$","E","?","$","?","R","BOSS"],"items_purchased_type":["Relic","Relic","Relic"],"build_version":"2020-12-22","purchased_purges":2,"victory":false,"max_hp_per_floor":[80,80,80,80,83,87,90,93,93,93,93,93,96,99,99,99,99,102,106,112,112,112,115,115,115,115,115,118,123,123,126,126,126,126],"card_choices":[{"not_picked":["Warcry","Wild Strike"],"picked":"Body Slam","floor":0},{"not_picked":["Wild Strike","Thunderclap"],"picked":"Heavy Blade","floor":1},{"not_picked":["Wild Strike","Clothesline"],"picked":"Armaments","floor":2},{"not_picked":["Armaments","Warcry"],"picked":"Feed","floor":4},{"not_picked":["Clash","Heavy Blade"],"picked":"Pommel Strike","floor":5},{"not_picked":["Perfected Strike","Corruption"],"picked":"Evolve","floor":6},{"not_picked":["Wild Strike","hubris:SharpeningStone"],"picked":"Rage","floor":7},{"not_picked":["Rampage","hubris:ReadiedAction","Armaments"],"picked":"SKIP","floor":8},{"not_picked":["Iron Wave","Berserk"],"picked":"Spot Weakness","floor":10},{"not_picked":["Metallicize","Armaments"],"picked":"Intimidate","floor":11},{"not_picked":["Seeing Red","Perfected Strike","Infernal Blade"],"picked":"SKIP","floor":13},{"not_picked":["Dropkick","Anger"],"picked":"Cleave","floor":14},{"not_picked":["Brutality","Impervious"],"picked":"Offering","floor":16},{"not_picked":["True Grit","Iron Wave"],"picked":"Pummel+1","floor":18},{"not_picked":["Anger","Spot Weakness","Evolve"],"picked":"SKIP","floor":19},{"not_picked":["Carnage","Fiend Fire","Combust+1"],"picked":"SKIP","floor":23},{"not_picked":["Rupture","Blood for Blood"],"picked":"Limit Break","floor":25},{"not_picked":["Seeing Red","Fire Breathing"],"picked":"Impervious","floor":28},{"not_picked":["Power Through","Wild Strike+1","Rage"],"picked":"SKIP","floor":31}],"player_experience":19317,"relics_obtained":[{"floor":6,"key":"PreservedInsect"},{"floor":8,"key":"hubris:PeanutButter"},{"floor":9,"key":"Boot"},{"floor":10,"key":"Darkstone Periapt"},{"floor":23,"key":"Blood Vial"},{"floor":25,"key":"Happy Flower"},{"floor":26,"key":"hubris:GlazedTorus"},{"floor":28,"key":"Vajra"}],"event_choices":[{"damage_healed":0,"gold_gain":75,"player_choice":"Touch","damage_taken":8,"max_hp_gain":0,"max_hp_loss":0,"event_name":"FaceTrader","floor":3,"gold_loss":0},{"damage_healed":0,"gold_gain":0,"player_choice":"Opened","damage_taken":0,"relics_obtained":["HornCleat"],"max_hp_gain":0,"max_hp_loss":0,"event_name":"The Mausoleum","floor":20,"gold_loss":0,"cards_obtained":["Writhe"]},{"damage_healed":0,"gold_gain":0,"player_choice":"Joined the Cult","damage_taken":6,"max_hp_gain":0,"max_hp_loss":0,"event_name":"Nest","floor":21,"gold_loss":0,"cards_obtained":["RitualDagger"]},{"damage_healed":0,"gold_gain":0,"player_choice":"Shed Blood","damage_taken":30,"max_hp_gain":5,"max_hp_loss":0,"event_name":"Forgotten Altar","floor":29,"gold_loss":0}],"is_beta":false,"boss_relics":[{"not_picked":["hubris:CrackedHourglass","Velvet Choker"],"picked":"Empty Cage"}],"items_purged_floors":[22,30],"is_endless":false,"potions_floor_spawned":[2,4,7,8,11,14,25,28,31],"killed_by":"Champ","ascension_level":3}}