{"host":"u5p72gjg7qm9i6r4","time":1614233607,"event":{"mods":["AchievementEnabler","BaseMod","Curses Come First","Highlight Path","Minty Spire (QoL Compilation)","Rare Cards Sparkle","StSLib"],"gold_per_floor":[116,128,138,138,156,156,186,186,186,186,200,216,249,28,28,132,132,146,61,72,72,91,91,119,119,119,119,137,15,15,42,42,42,42],"floor_reached":33,"language":"ENG","playtime":1196,"items_purged":[],"score":438,"play_id":"60e9a334-1e29-4a17-a32c-d8901939c5b2","local_time":"20210225001327","is_ascension_mode":true,"campfire_choices":[{"data":"Bash","floor":6.0,"key":"SMITH"},{"data":"Shrug It Off","floor":8.0,"key":"SMITH"},{"data":"Wild Strike","floor":10.0,"key":"SMITH"},{"data":"Inflame","floor":15.0,"key":"SMITH"},{"data":"Feed","floor":23.0,"key":"SMITH"},{"floor":25.0,"key":"REST"},{"floor":32,"key":"REST"}],"circlet_count":0,"master_deck":["Strike_R","Strike_R","Strike_R","Strike_R","Defend_R","Defend_R","Defend_R","Defend_R","Bash+1","Wild Strike+1","Bloodletting","Thunderclap","Blood for Blood","Shrug It Off+1","Impervious","Disarm+1","Headbutt","Pummel","Inflame+1","Feed+1","Ghostly Armor+1","Uppercut","Regret","Shame","Shockwave+1","Shrug It Off+1"],"relics":["Burning Blood","Happy Flower","Nunchaku","Toxic Egg 2","Bird Faced Urn","Medical Kit","Cursed Key","Boot","Paper Frog","The Courier","Omamori","Toy Ornithopter"],"acts_visited":["Exordium","TheCity"],"potions_floor_usage":[31],"damage_taken":[{"damage":6.0,"enemies":"Cultist","floor":1.0,"turns":3.0},{"damage":9.0,"enemies":"Jaw Worm","floor":2.0,"turns":3.0},{"damage":3.0,"enemies":"2 Louse","floor":3.0,"turns":2.0},{"damage":3.0,"enemies":"Exordium Wildlife","floor":5.0,"turns":3.0},{"damage":8.0,"enemies":"Gremlin Nob","floor":7.0,"turns":3.0},{"damage":8.0,"enemies":"3 Louse","floor":11.0,"turns":3.0},{"damage":5.0,"enemies":"Exordium Thugs","floor":12.0,"turns":4.0},{"damage":5.0,"enemies":"3 Sentries","floor":13.0,"turns":6.0},{"damage":47.0,"enemies":"Slime Boss","floor":16.0,"turns":8.0},{"damage":12.0,"enemies":"Shell Parasite","floor":18.0,"turns":5.0},{"damage":12.0,"enemies":"Chosen","floor":20.0,"turns":5.0},{"damage":35.0,"enemies":"Centurion and Healer","floor":22.0,"turns":4.0},{"damage":30.0,"enemies":"Book of Stabbing","floor":24.0,"turns":5.0},{"damage":20.0,"enemies":"Snake Plant","floor":28.0,"turns":4.0},{"damage":41,"enemies":"Gremlin Leader","floor":31,"turns":10},{"damage":40,"enemies":"Automaton","floor":33,"turns":4}],"seed_played":"-679195153879853566","potions_obtained":[{"floor":1.0,"key":"FearPotion"},{"floor":5.0,"key":"LiquidMemories"},{"floor":11.0,"key":"ColorlessPotion"},{"floor":22.0,"key":"Explosive Potion"},{"floor":24.0,"key":"Ancient Potion"},{"floor":31,"key":"LiquidMemories"}],"is_trial":false,"path_per_floor":["M","M","M","?","M","R","E","R","T","R","M","M","E","$","R","B",null,"M","?","M","$","M","R","E","R","T","T","M","$","$","E","R","B"],"character_chosen":"IRONCLAD","items_purchased":["Inflame","Medical Kit","Omamori"],"campfire_rested":2,"item_purchase_floors":[14,14,29],"current_hp_per_floor":[72,69,72,72,75,75,73,73,73,73,71,72,73,73,73,34,69,68,68,67,67,43,43,25,52,52,52,40,40,40,11,40,0,0],"gold":42,"neow_bonus":"RANDOM_COMMON_RELIC","is_daily":false,"chose_seed":false,"campfire_upgraded":5,"win_rate":0.0,"timestamp":1614233607,"path_taken":["M","M","M","?","M","R","E","R","T","R","M","M","E","$","R","BOSS","M","?","M","$","M","R","E","R","T","?","M","?","$","E","R","BOSS"],"items_purchased_type":["Card","Relic","Relic"],"build_version":"2020-12-22","purchased_purges":0,"victory":false,"max_hp_per_floor":[80,80,80,80,80,80,80,80,80,80,80,80,80,80,80,80,80,83,83,86,86,89,89,93,93,93,93,93,93,93,97,97,97,97],"card_choices":[{"not_picked":["Sentinel","Warcry"],"picked":"Wild Strike","floor":1.0},{"not_picked":["Heavy Blade","Flex"],"picked":"Bloodletting","floor":2.0},{"not_picked":["Clothesline","Heavy Blade"],"picked":"Thunderclap","floor":3.0},{"not_picked":["True Grit","Metallicize"],"picked":"Shrug It Off","floor":5.0},{"not_picked":["Feel No Pain","Burning Pact"],"picked":"Impervious","floor":7.0},{"not_picked":["Warcry+1","Twin Strike"],"picked":"Disarm+1","floor":11.0},{"not_picked":["Thunderclap","Heavy Blade"],"picked":"Headbutt","floor":12.0},{"not_picked":["Seeing Red+1","Heavy Blade"],"picked":"Pummel","floor":13.0},{"not_picked":["Reaper","Bludgeon"],"picked":"Feed","floor":16.0},{"not_picked":["Havoc+1","Flex+1"],"picked":"Ghostly Armor+1","floor":18.0},{"not_picked":["Wild Strike+1","Juggernaut","Perfected Strike"],"picked":"SKIP","floor":20.0},{"not_picked":["Heavy Blade","Havoc+1","Wild Strike"],"picked":"SKIP","floor":22.0},{"not_picked":["Body Slam","Wild Strike"],"picked":"Uppercut","floor":24.0},{"not_picked":["Iron Wave","Twin Strike"],"picked":"Shockwave+1","floor":28.0},{"not_picked":["Carnage","Searing Blow"],"picked":"Shrug It Off+1","floor":31}],"player_experience":167347,"relics_obtained":[{"floor":7.0,"key":"Nunchaku"},{"floor":9.0,"key":"Toxic Egg 2"},{"floor":13.0,"key":"Bird Faced Urn"},{"floor":24.0,"key":"Paper Frog"},{"floor":27.0,"key":"The Courier"},{"floor":31,"key":"Toy Ornithopter"}],"event_choices":[{"damage_healed":0.0,"max_hp_gain":0.0,"max_hp_loss":0.0,"gold_gain":0.0,"cards_transformed":["Strike_R"],"event_name":"Transmorgrifier","player_choice":"Transformed","floor":4.0,"gold_loss":0.0,"damage_taken":0.0,"cards_obtained":["Blood for Blood"]},{"damage_healed":0.0,"max_hp_gain":0.0,"max_hp_loss":0.0,"gold_gain":0.0,"event_name":"Addict","player_choice":"Obtained Relic","floor":19.0,"gold_loss":85.0,"damage_taken":0.0,"relics_obtained":["Boot"]}],"is_beta":false,"boss_relics":[{"not_picked":["Philosopher\u0027s Stone","Fusion Hammer"],"picked":"Cursed Key"}],"items_purged_floors":[],"is_endless":false,"potions_floor_spawned":[1,5,11,22,24,31],"killed_by":"Automaton","ascension_level":8}}