{"host":"yg0n53y7pkwvmbjt","time":1614225442,"event":{"mods":["Act Like it!","BaseMod","BetterRewards","Hermit","Jorbs\u0027s Wanderer Trilogy","Lobotomy","LobotomyExtend","Marisa（F雨　魔理沙）","Minty Spire (QoL Compilation)","Quick Restart","READ ME - Guardian Mod","Ruina","SOS（斯巴达之子）","StSLib","The Bladedancer","The Construct","The Cursed","The Forsaken","The Hierophant","The Necromancer"],"gold_per_floor":[115,131,146,166,72,99,110,136,163,163,189,200,200,220,220,315,315,315,88,88,102,122,122,122,122],"floor_reached":24,"language":"ZHS","playtime":2170,"items_purged":["Defend_B"],"score":198,"play_id":"0ff2f3c7-ce6d-46f1-a51d-181c3d08362f","local_time":"20210225115722","is_ascension_mode":false,"campfire_choices":[{"floor":10,"key":"REST"},{"floor":13,"key":"REST"},{"floor":15,"key":"REST"},{"floor":23,"key":"REST"}],"circlet_count":0,"master_deck":["Strike_B","Strike_B","Strike_B","Defend_B","Defend_B","Defend_B","Zap","Dualcast+1","Melter","Hologram","Dramatic Entrance","Zap","Flash of Steel","Conserve Battery","FTL","Ball Lightning","Coolheaded","Barrage","Cold Snap","Aggregate","Go for the Eyes","Multi-Cast","Redo","Double Energy+1","Thunder Strike","Barrage+1"],"relics":["Cracked Core","Bag of Preparation","PreservedInsect","DollysMirror","LetterFromLob","Ginger","Odd Mushroom","Boot","Nunchaku","SlaversCollar","Moonlight_r","Strawberry"],"acts_visited":["Exordium","ruina:Briah"],"potions_floor_usage":[16,16],"damage_taken":[{"damage":0,"enemies":"2 Louse","floor":1,"turns":1},{"damage":0,"enemies":"Jaw Worm","floor":2,"turns":1},{"damage":0,"enemies":"Cultist","floor":3,"turns":2},{"damage":8,"enemies":"Large Slime","floor":4,"turns":4},{"damage":6,"enemies":"Lagavulin","floor":6,"turns":3},{"damage":4,"enemies":"3 Louse","floor":7,"turns":2},{"damage":12,"enemies":"The Mushroom Lair","floor":8,"turns":3},{"damage":0,"enemies":"Lots of Slimes","floor":12,"turns":1},{"damage":9,"enemies":"Exordium Wildlife","floor":14,"turns":3},{"damage":20,"enemies":"Slime Boss","floor":16,"turns":8},{"damage":36,"enemies":"ruina:BadWolf","floor":21,"turns":4},{"damage":16,"enemies":"ruina:Nosferatu","floor":22,"turns":4},{"damage":34,"enemies":"ruina:KnightOfDespair","floor":24,"turns":4}],"seed_played":"3685164901325662364","potions_obtained":[{"floor":1,"key":"FocusPotion"},{"floor":2,"key":"Weak Potion"},{"floor":7,"key":"PowerPotion"}],"is_trial":false,"path_per_floor":["M","M","M","M","$","E","M","?","T","R","T","M","R","M","R","B",null,"M","$","?","M","M","R","M"],"character_chosen":"DEFECT","items_purchased":["Bag of Preparation","PreservedInsect","Melter","Hologram","Dramatic Entrance","DollysMirror","Flash of Steel","Conserve Battery","Barrage","Cold Snap","Strawberry"],"campfire_rested":4,"item_purchase_floors":[0,0,0,0,0,0,0,0,5,5,19],"current_hp_per_floor":[40,40,40,32,32,26,22,10,10,32,32,32,54,45,67,47,75,31,38,62,26,10,34,0,0],"gold":122,"neow_bonus":"","is_daily":false,"chose_seed":false,"campfire_upgraded":0,"win_rate":0.0,"timestamp":1614225442,"path_taken":["M","M","M","M","$","E","M","?","T","R","?","M","R","M","R","BOSS","M","$","?","M","M","R","M"],"items_purchased_type":["Relic","Relic","Card","Card","Card","Relic","Card","Card","Card","Card","Relic"],"build_version":"2020-12-22","purchased_purges":1,"victory":false,"max_hp_per_floor":[75,75,75,75,75,75,75,75,75,75,75,75,75,75,75,75,75,75,82,82,82,82,82,82,82],"card_choices":[{"not_picked":["Melter","Rip and Tear"],"picked":"FTL","floor":1},{"not_picked":["Reprogram","Hologram","Sweeping Beam"],"picked":"SKIP","floor":2},{"not_picked":["Stack","Hologram"],"picked":"Ball Lightning","floor":3},{"not_picked":["Conserve Battery","Steam"],"picked":"Coolheaded","floor":4},{"not_picked":["Redo","Ball Lightning"],"picked":"Aggregate","floor":6},{"not_picked":["Streamline","Hologram"],"picked":"Go for the Eyes","floor":7},{"not_picked":["Reprogram","Beam Cell"],"picked":"Multi-Cast","floor":8},{"not_picked":["Cold Snap","Beam Cell"],"picked":"Redo","floor":12},{"not_picked":["Redo","Doom and Gloom"],"picked":"Double Energy","floor":14},{"not_picked":["Seek","Creative AI"],"picked":"Thunder Strike","floor":16},{"not_picked":["Cold Snap","Barrage","Sweeping Beam"],"picked":"SKIP","floor":21},{"not_picked":["Hologram","Conserve Battery"],"picked":"Barrage+1","floor":22}],"player_experience":12094,"relics_obtained":[{"floor":1,"key":"LetterFromLob"},{"floor":6,"key":"Ginger"},{"floor":8,"key":"Odd Mushroom"},{"floor":9,"key":"Boot"},{"floor":11,"key":"Nunchaku"}],"event_choices":[{"damage_healed":0,"gold_gain":0,"player_choice":"Fought Mushrooms","damage_taken":0,"max_hp_gain":0,"max_hp_loss":0,"event_name":"Mushrooms","floor":8,"gold_loss":0}],"is_beta":false,"boss_relics":[{"not_picked":["Fusion Hammer","Velvet Choker"],"picked":"SlaversCollar"}],"items_purged_floors":[19],"is_endless":false,"potions_floor_spawned":[1,2,4,7],"killed_by":"ruina:KnightOfDespair","ascension_level":0}}