{"host":"gzsdmyo07u314vug","time":1614229435,"event":{"mods":["2.2 Compatiblity","Astrologer","BaseMod","Colored Powertips","GifTheSpireLib","Gremlin Mod","Hermit","Jorbs\u0027s Wanderer Trilogy","Minty Spire (QoL Compilation)","Quick Restart","Rare Cards Sparkle","Relic Stats","Replay The Spire","Robot Space Explorer","Shop Mod","StSLib","The Bladedancer","The Bug Knight","The Construct","The Cursed","The Elementalist","The Hierophant","The IronCluck","The Marked","The Necromancer","The Runesmith","The Servant 0.9.4","Unceasing Turn Reminder","everything is the same but u backflip on backflip","slay the spire mod where everything is the same but ironclad has a cowboy hat"],"gold_per_floor":[20,32,32,51,61,94,104,131,154,154,104,104,54,72,72,170,170,188,199,81,93,110,110,143,143,143,172,172,122,136,153,153,257,257,273,273,273,273,291,291,324,339,365,365,240,270,152,102,102,102],"floor_reached":51,"language":"ENG","playtime":2220,"items_purged":["blademaster:Strike","blademaster:Defend","blademaster:Strike","blademaster:Defend","blademaster:Strike","blademaster:Defend","blademaster:RagingBlow"],"score":2650,"play_id":"362412dd-02be-4521-a73b-f93f479b8de7","local_time":"20210225020355","is_ascension_mode":true,"campfire_choices":[{"data":"blademaster:Bloodbath","floor":10.0,"key":"SMITH"},{"data":"blademaster:DaggerAndCloak","floor":12.0,"key":"SMITH"},{"data":"blademaster:Sharpen","floor":15.0,"key":"SMITH"},{"data":"blademaster:AspectOfWind","floor":23,"key":"SMITH"},{"data":"blademaster:Breeze","floor":32,"key":"SMITH"},{"data":"blademaster:StanceMastery","floor":40,"key":"SMITH"},{"data":"blademaster:LightningDraw","floor":44,"key":"SMITH"},{"data":"blademaster:SharpBlades","floor":49,"key":"SMITH"}],"circlet_count":0,"master_deck":["blademaster:HighVoltage","blademaster:Bloodbath+1","blademaster:Slice","blademaster:DaggerAndCloak+1","blademaster:Havoc","blademaster:Sharpen+1","blademaster:LightningDraw+1","blademaster:AspectOfWind+1","blademaster:Breeze+1","blademaster:Safeguard+1","blademaster:UnrelentingWind+1","blademaster:DaggerAndCloak+1","blademaster:StanceMastery+1","blademaster:Frontflip+1","blademaster:SharpBlades+1","blademaster:Quickness"],"relics":["blademaster:DancersAmulet","Thread and Needle","Quantum Egg","Smiling Mask","Toy Ornithopter","Juzu Bracelet","Coffee Dripper","Replay:Wax Seal","MutagenicStrength","Toxic Egg 2","Meat on the Bone","Empty Cage","Art of War","Orichalcum","Dream Catcher","Torii"],"acts_visited":["Exordium","TheCity","TheBeyond"],"potions_floor_usage":[19,19,50],"damage_taken":[{"damage":0.0,"enemies":"Cultist","floor":1.0,"turns":3.0},{"damage":0.0,"enemies":"Small Slimes","floor":2.0,"turns":4.0},{"damage":8.0,"enemies":"Jaw Worm","floor":4.0,"turns":3.0},{"damage":0.0,"enemies":"2 Fungi Beasts","floor":5.0,"turns":5.0},{"damage":12.0,"enemies":"Gremlin Nob","floor":6.0,"turns":3.0},{"damage":0.0,"enemies":"Red Slaver","floor":7.0,"turns":6.0},{"damage":6.0,"enemies":"3 Sentries","floor":8.0,"turns":7.0},{"damage":0.0,"enemies":"Large Slime","floor":14.0,"turns":3.0},{"damage":12.0,"enemies":"Slime Boss","floor":16.0,"turns":8.0},{"damage":15.0,"enemies":"Spheric Guardian","floor":18.0,"turns":4.0},{"damage":4,"enemies":"2 Thieves","floor":19,"turns":2},{"damage":0,"enemies":"Cultist and Chosen","floor":21,"turns":3},{"damage":2,"enemies":"Chosen and Byrds","floor":22,"turns":4},{"damage":6,"enemies":"Slavers","floor":24,"turns":3},{"damage":0,"enemies":"Gremlin Leader","floor":27,"turns":3},{"damage":6,"enemies":"Shelled Parasite and Fungi","floor":30,"turns":2},{"damage":0,"enemies":"3 Cultists","floor":31,"turns":3},{"damage":1,"enemies":"Pondfish","floor":33,"turns":6},{"damage":28,"enemies":"3 Shapes","floor":35,"turns":3},{"damage":0,"enemies":"3 Darklings","floor":39,"turns":2},{"damage":0,"enemies":"Giant Head","floor":41,"turns":5},{"damage":0,"enemies":"Spire Growth","floor":42,"turns":3},{"damage":2,"enemies":"Reptomancer","floor":46,"turns":4},{"damage":13,"enemies":"Time Eater","floor":50,"turns":5}],"seed_played":"-8775147405431750776","potions_obtained":[{"floor":1.0,"key":"SkillPotion"},{"floor":4.0,"key":"Block Potion"},{"floor":5.0,"key":"SteroidPotion"},{"floor":6.0,"key":"Reflective Coating"},{"floor":8.0,"key":"Dexterity Potion"},{"floor":19,"key":"Reflective Coating"},{"floor":21,"key":"Dexterity Potion"},{"floor":24,"key":"SteroidPotion"},{"floor":35,"key":"Swift Potion"},{"floor":46,"key":"SteroidPotion"}],"is_trial":false,"path_per_floor":["M","M","?","M","M","E","M","E","T","R","$","R","$","M","R","B",null,"M","M","$","M","M","R","E","?","T","E","?","$","M","M","R","B",null,"M","?","?","?","M","R","E","M","T","R","$","E","$","$","R","B",null],"character_chosen":"THE_BLADEMASTER","items_purchased":["blademaster:Breeze","blademaster:SharpBlades","blademaster:Quickness"],"campfire_rested":0,"item_purchase_floors":[20,45,47],"current_hp_per_floor":[75,75,68,60,60,48,48,42,42,42,42,42,42,42,42,30,64,49,55,55,55,53,53,47,47,47,47,72,72,66,66,66,65,73,45,45,45,45,45,45,45,45,45,45,45,43,43,43,43,47],"gold":102,"neow_bonus":"ONE_RARE_RELIC","is_daily":false,"chose_seed":false,"campfire_upgraded":8,"win_rate":0.0,"timestamp":1614229435,"path_taken":["M","?","?","M","M","E","M","E","T","R","$","R","$","M","R","BOSS","M","M","$","M","M","R","E","?","T","E","?","$","M","M","R","BOSS","M","?","?","?","M","R","E","M","T","R","$","E","?","$","R","BOSS"],"items_purchased_type":["Card","Card","Card"],"build_version":"2020-12-22","purchased_purges":7,"victory":true,"max_hp_per_floor":[75,75,75,75,75,75,75,75,75,75,75,75,75,75,75,75,75,75,75,75,75,75,75,75,75,75,75,75,75,75,75,75,75,75,75,75,75,75,75,75,75,75,75,75,75,75,75,75,75,75],"relic_stats":{"Dream Catcher":0,"Torii":0,"counters":[24,94],"Juzu Bracelet":1,"Art of War":[1],"Orichalcum":[6],"Smiling Mask":700,"obtain_stats":[{"Torii":46,"Quantum Egg":3,"blademaster:BonusFuryPerk":27,"Thread and Needle":0,"Juzu Bracelet":9,"blademaster:OnAttackedChargePerk":46,"Orichalcum":41,"Smiling Mask":6,"Empty Cage":34,"Dream Catcher":43,"blademaster:FuryEveryTurnPerk":24,"MutagenicStrength":25,"blademaster:BleedingMoreDamagePerk":8,"blademaster:FinisherDrawCardPerk":6,"Coffee Dripper":17,"Art of War":38,"blademaster:DancersAmulet":0,"blademaster:DextrousPerk":41,"Replay:Wax Seal":24,"Toxic Egg 2":26,"Toy Ornithopter":8,"Meat on the Bone":27},{"Torii":23,"Quantum Egg":2,"blademaster:BonusFuryPerk":15,"Thread and Needle":0,"Juzu Bracelet":7,"blademaster:OnAttackedChargePerk":23,"Orichalcum":21,"Smiling Mask":5,"Empty Cage":18,"Dream Catcher":22,"blademaster:FuryEveryTurnPerk":14,"MutagenicStrength":14,"blademaster:BleedingMoreDamagePerk":7,"blademaster:FinisherDrawCardPerk":5,"Coffee Dripper":9,"Art of War":19,"blademaster:DancersAmulet":0,"blademaster:DextrousPerk":21,"Replay:Wax Seal":14,"Toxic Egg 2":14,"Toy Ornithopter":7,"Meat on the Bone":15},{"Torii":89,"Quantum Egg":7,"blademaster:BonusFuryPerk":61,"Thread and Needle":0,"Juzu Bracelet":31,"blademaster:OnAttackedChargePerk":89,"Orichalcum":82,"Smiling Mask":18,"Empty Cage":72,"Dream Catcher":85,"blademaster:FuryEveryTurnPerk":58,"MutagenicStrength":58,"blademaster:BleedingMoreDamagePerk":31,"blademaster:FinisherDrawCardPerk":18,"Coffee Dripper":42,"Art of War":75,"blademaster:DancersAmulet":0,"blademaster:DextrousPerk":82,"Replay:Wax Seal":58,"Toxic Egg 2":58,"Toy Ornithopter":31,"Meat on the Bone":61}],"Toy Ornithopter":15,"Meat on the Bone":12},"card_choices":[{"not_picked":["blademaster:AwakeningDefend","blademaster:Quickstep"],"picked":"blademaster:Bloodbath","floor":1.0},{"not_picked":["blademaster:Meditate","blademaster:DragonStrike"],"picked":"blademaster:Slice","floor":2.0},{"not_picked":["blademaster:AwakeningStrike","blademaster:DancingEdge","blademaster:AwakeningDefend"],"picked":"SKIP","floor":4.0},{"not_picked":["blademaster:EyeOfTheTornado","blademaster:BloodyBlow"],"picked":"blademaster:DaggerAndCloak","floor":5.0},{"not_picked":["blademaster:Cut","blademaster:Hailwind"],"picked":"blademaster:Havoc","floor":6.0},{"not_picked":["blademaster:AirSlash","blademaster:Slice","blademaster:TraverseCut"],"picked":"SKIP","floor":7.0},{"not_picked":["blademaster:Momentum","blademaster:Overcharge"],"picked":"blademaster:Sharpen","floor":8.0},{"not_picked":["blademaster:StanceMastery","blademaster:DeadlyDance","blademaster:AspectOfLightning"],"picked":"SKIP","floor":14.0},{"not_picked":["blademaster:HighVoltage","blademaster:Empower"],"picked":"blademaster:LightningDraw","floor":16.0},{"not_picked":["blademaster:BloodyBlow","blademaster:Sharpen","blademaster:RollingTyphoon"],"picked":"SKIP","floor":18.0},{"not_picked":["blademaster:Flurry","blademaster:BladeMastery"],"picked":"blademaster:AspectOfWind","floor":19},{"not_picked":["blademaster:Frenzy","blademaster:BladeMastery","blademaster:Overcharge"],"picked":"SKIP","floor":21},{"not_picked":["blademaster:StanceMastery","blademaster:LeechingStrike"],"picked":"blademaster:Safeguard+1","floor":22},{"not_picked":["blademaster:AncestralHealing+1","blademaster:LeechingStrike","blademaster:Quickstep"],"picked":"SKIP","floor":24},{"not_picked":["blademaster:CombatPrep+1","blademaster:IcyWind"],"picked":"blademaster:UnrelentingWind+1","floor":27},{"not_picked":["blademaster:EyeOfTheStorm","blademaster:AwakeningDefend+1"],"picked":"blademaster:DaggerAndCloak+1","floor":30},{"not_picked":["blademaster:ThunderSlash+1","blademaster:SlyStabs+1","blademaster:AspectOfWind+1"],"picked":"SKIP","floor":31},{"not_picked":["blademaster:HighVoltage+1","blademaster:Flash"],"picked":"blademaster:StanceMastery","floor":33},{"not_picked":["blademaster:Overcharge","blademaster:LeechingStrike","blademaster:Vortex+1"],"picked":"SKIP","floor":35},{"not_picked":["blademaster:ThunderSlash","blademaster:Thrust"],"picked":"blademaster:Frontflip+1","floor":39},{"not_picked":["blademaster:AspectOfLightning+1","blademaster:Safeguard+1","blademaster:AwakeningStrike+1"],"picked":"SKIP","floor":41},{"not_picked":["blademaster:Blockade","blademaster:DaggerAndCloak+1","blademaster:EyeOfTheTornado+1"],"picked":"SKIP","floor":42},{"not_picked":["blademaster:Thrust+1","blademaster:Sunder","blademaster:AwakeningDefend+1"],"picked":"SKIP","floor":46}],"player_experience":966132,"relics_obtained":[{"floor":6.0,"key":"Smiling Mask"},{"floor":6.0,"key":"blademaster:FinisherDrawCardPerk"},{"floor":8.0,"key":"Toy Ornithopter"},{"floor":8.0,"key":"blademaster:BleedingMoreDamagePerk"},{"floor":9.0,"key":"Juzu Bracelet"},{"floor":24,"key":"Replay:Wax Seal"},{"floor":24,"key":"blademaster:FuryEveryTurnPerk"},{"floor":26,"key":"Toxic Egg 2"},{"floor":27,"key":"Meat on the Bone"},{"floor":27,"key":"blademaster:BonusFuryPerk"},{"floor":41,"key":"Orichalcum"},{"floor":41,"key":"blademaster:DextrousPerk"},{"floor":43,"key":"Dream Catcher"},{"floor":46,"key":"Torii"},{"floor":46,"key":"blademaster:OnAttackedChargePerk"}],"event_choices":[{"damage_healed":0.0,"max_hp_gain":0.0,"max_hp_loss":0.0,"gold_gain":0.0,"event_name":"Scrap Ooze","player_choice":"Success","floor":3.0,"gold_loss":0.0,"damage_taken":7.0,"relics_obtained":["Quantum Egg"]},{"damage_healed":0,"gold_gain":0,"player_choice":"Inject Mutagens","damage_taken":0,"relics_obtained":["MutagenicStrength"],"max_hp_gain":0,"max_hp_loss":0,"event_name":"Drug Dealer","floor":25,"gold_loss":0},{"damage_healed":25,"gold_gain":0,"player_choice":"Heal","damage_taken":0,"max_hp_gain":0,"max_hp_loss":0,"event_name":"The Library","floor":28,"gold_loss":0},{"damage_healed":0,"gold_gain":0,"player_choice":"0 cards matched","damage_taken":0,"max_hp_gain":0,"max_hp_loss":0,"event_name":"Match and Keep!","floor":36,"gold_loss":0,"cards_obtained":[]},{"damage_healed":0,"gold_gain":0,"player_choice":"Ignored","damage_taken":0,"max_hp_gain":0,"max_hp_loss":0,"event_name":"Tomb of Lord Red Mask","floor":37,"gold_loss":0},{"damage_healed":0,"gold_gain":0,"player_choice":"Gave Potion","damage_taken":0,"relics_obtained":["Art of War"],"max_hp_gain":0,"max_hp_loss":0,"event_name":"WeMeetAgain","floor":38,"gold_loss":0}],"is_beta":false,"boss_relics":[{"not_picked":["Ectoplasm","construct:ClawGrip"],"picked":"Coffee Dripper"},{"not_picked":["Honey Jar","Snecko Eye"],"picked":"Empty Cage"}],"items_purged_floors":[11,13,20,29,45,47,48],"is_endless":false,"potions_floor_spawned":[1,4,5,6,8,19,21,24,31,35,46],"ascension_level":5}}