{"host":"we8ay8el3o9pwc2d","time":1614225892,"event":{"mods":["Act Like it!","Aspiration","BaseMod","BetterRewards","Colored Map","Conspire","Downfall","Elementarium","GungeonMod","Minty Spire (QoL Compilation)","Reliquary","Robot Space Explorer","Ruina","Spire Arcade","StSLib","The Marked","Waifu the Spire"],"gold_per_floor":[99,99,99,99,99,117,187,87,104,104,118,118,150,170,182,289,289,189,209,223,223,233,218,218,218,233,253,153,172,172,183,200,297,297,297,316,362,461,461,514,514,529,529,545,44,44,94,109,129,129,129,157,1,1,1,1],"floor_reached":57,"language":"ENG","playtime":3952,"items_purged":[],"score":1231,"play_id":"72c8ecdd-0ad3-4a20-a25d-6d2f6c85d7f1","local_time":"20210224210452","is_ascension_mode":false,"campfire_choices":[{"floor":1,"key":"RECALL"},{"data":"bronze:GetLatest","floor":8,"key":"SMITH"},{"data":"bronze:BuggyMess","floor":10,"key":"SMITH"},{"data":"bronze:Library","floor":18,"key":"SMITH"},{"data":"bronze:Flail","floor":28,"key":"SMITH"},{"data":"bronze:Overload","floor":35,"key":"SMITH"},{"data":"bronze:ShipIt","floor":43,"key":"SMITH"},{"floor":46,"key":"REST"},{"floor":54,"key":"REST"}],"circlet_count":0,"master_deck":["bronze:Strike","bronze:Defend","bronze:Defend","bronze:Defend","bronze:Replicate","bronze:Goto","bronze:WhirlingStrike","bronze:Repair","bronze:OilSpill","bronze:GetLatest+1","bronze:BuggyMess+1","bronze:Frontload","bronze:ChosenStrike","bronze:Optimize","bronze:Library+1","bronze:Flail+1","bronze:BugBarrage+1","bronze:Verify","Predator","Riddle With Holes","Dodge and Roll","bronze:Overload+1","bronze:ShipIt+1","bronze:ItsAFeature","bronze:Invalidate","expansioncontent:StudyTheSpire"],"relics":["bronze:BronzeCore","downfall:HeartsMalice","WarpedTongs","Shuriken","downfall:HeartBlessingRed","bronze:SilverBullet","aspiration:PoetsPen_weak","downfall:HeartBlessingGreen","downfall:HeartBlessingBlue","SlaversCollar","Anchor","reliquary:RoseTintedGlasses","Akabeko","reliquary:IridiumChain","conspire:GlowingRock","DemoMod:PartiallyEatenCheese","reliquary:PorcupineQuills","DemoMod:WhiteGuonStone"],"acts_visited":["Exordium","Elementarium:Elementarium","TheBeyond","TheEnding"],"potions_floor_usage":[11,16,19,23,33,36,36,50,55,55],"damage_taken":[{"damage":0,"enemies":"Jaw Worm","floor":2,"turns":1},{"damage":0,"enemies":"Cultist","floor":3,"turns":1},{"damage":0,"enemies":"downfall:FleeingMerchant","floor":4,"turns":1},{"damage":1,"enemies":"Small Slimes","floor":6,"turns":3},{"damage":0,"enemies":"Blue Slaver","floor":9,"turns":2},{"damage":13,"enemies":"Exordium Wildlife","floor":11,"turns":3},{"damage":12,"enemies":"3 Sentries","floor":13,"turns":4},{"damage":16,"enemies":"Exordium Thugs","floor":14,"turns":3},{"damage":0,"enemies":"3 Louse","floor":15,"turns":2},{"damage":31,"enemies":"DF_ARCHETYPE_STREAMLINE","floor":16,"turns":6},{"damage":0,"enemies":"Elementarium:2_ELEMENTALS","floor":19,"turns":1},{"damage":3,"enemies":"Elementarium:Cyclone","floor":20,"turns":3},{"damage":0,"enemies":"Elementarium:STONE_GOLEMS","floor":22,"turns":2},{"damage":0,"enemies":"downfall:FleeingMerchant","floor":23,"turns":4},{"damage":0,"enemies":"Elementarium:3_ELEMENTALS","floor":26,"turns":1},{"damage":1,"enemies":"Elementarium:RubyGolem","floor":27,"turns":2},{"damage":17,"enemies":"Elementarium:VOID_CORRUPTION_AND_TAR_GOLEM","floor":29,"turns":4},{"damage":0,"enemies":"Elementarium:STONE_GOLEMS","floor":31,"turns":1},{"damage":15,"enemies":"Elementarium:VOID_CORRUPTION_AND_ORB_OF_FIRE","floor":32,"turns":4},{"damage":13,"enemies":"IC_MUSHROOM_ARCHETYPE","floor":33,"turns":5},{"damage":24,"enemies":"3 Darklings","floor":36,"turns":3},{"damage":0,"enemies":"downfall:FleeingMerchant","floor":38,"turns":1},{"damage":2,"enemies":"3 Shapes","floor":42,"turns":2},{"damage":38,"enemies":"Transient","floor":44,"turns":5},{"damage":3,"enemies":"Transient","floor":47,"turns":4},{"damage":0,"enemies":"Spire Growth","floor":48,"turns":1},{"damage":19,"enemies":"Maw","floor":49,"turns":3},{"damage":30,"enemies":"WA_ARCHETYPE_DIVINITY","floor":50,"turns":6},{"damage":29,"enemies":"downfall:CharBossMerchant","floor":52,"turns":4},{"damage":8,"enemies":"downfall:NeowBoss","floor":55,"turns":8},{"damage":19,"enemies":"downfall:NeowBossFinal","floor":56,"turns":8}],"seed_played":"4034451408305098484","potions_obtained":[{"floor":6,"key":"Strength Potion"},{"floor":9,"key":"Strength Potion"},{"floor":11,"key":"DuplicationPotion"},{"floor":13,"key":"PowerPotion"},{"floor":22,"key":"Dexterity Potion"},{"floor":26,"key":"GamblersBrew"},{"floor":29,"key":"DemoMod:LeadSkinPotion"},{"floor":33,"key":"champ:CounterPotion"},{"floor":42,"key":"Guardian:BlockOnCardUsePotion"},{"floor":48,"key":"AttackPotion"},{"floor":52,"key":"Fire Potion"}],"is_trial":false,"path_per_floor":["R","M","M","$","?","M","T","R","M","R","M","?","E","M","M","B",null,"R","M","M","?","M","$","T","?","M","M","R","M","?","M","M","B",null,"R","M","T","$","?","T","T","M","R","M","$","R","?","M","M","B",null,"E","$","R","B","B",null],"character_chosen":"THE_AUTOMATON","items_purchased":["bronze:ItsAFeature","reliquary:RoseTintedGlasses","conspire:GlowingRock","expansioncontent:StudyTheSpire","DemoMod:WhiteGuonStone"],"campfire_rested":2,"item_purchase_floors":[38,38,45,45,53],"current_hp_per_floor":[70,70,70,70,70,69,69,69,69,69,63,63,51,42,42,11,70,70,70,67,67,67,70,70,70,70,69,79,62,70,70,65,52,88,88,64,64,64,64,64,64,62,62,31,31,57,64,64,55,25,88,59,59,85,80,69],"gold":1,"neow_bonus":"THREE_ENEMY_KILL","is_daily":false,"chose_seed":false,"campfire_upgraded":6,"win_rate":0.0,"timestamp":1614225892,"path_taken":["R","M","M","$","?","M","T","R","?","R","M","?","E","M","M","BOSS","R","M","M","?","M","$","T","?","M","?","R","M","?","M","M","BOSS","R","M","?","$","?","?","T","?","R","M","?","R","?","M","M","BOSS","E","$","R","BOSS","BOSS"],"items_purchased_type":["Card","Relic","Relic","Card","Relic"],"build_version":"2020-12-22","purchased_purges":0,"victory":true,"max_hp_per_floor":[70,70,70,70,70,70,70,70,70,70,70,70,70,70,70,70,70,70,70,70,70,70,70,70,70,70,70,80,80,88,88,88,88,88,88,88,88,88,88,88,88,88,88,88,88,88,88,88,88,88,88,88,88,88,88,88],"card_choices":[{"not_picked":["bronze:CloningBeam","bronze:Invalidate"],"picked":"bronze:WhirlingStrike","floor":2},{"not_picked":["bronze:Shield","bronze:ClassDefault"],"picked":"bronze:Repair","floor":3},{"not_picked":["bronze:ForLoop","bronze:WhirlingStrike"],"picked":"bronze:OilSpill","floor":4},{"not_picked":["bronze:Turbo","bronze:Philosophize"],"picked":"bronze:GetLatest","floor":6},{"not_picked":["bronze:NullPointer","bronze:Turbo"],"picked":"bronze:BuggyMess","floor":9},{"not_picked":["bronze:BronzeArmor","bronze:FineTuning","bronze:DelayedGuard"],"picked":"SKIP","floor":11},{"not_picked":["bronze:DelayedGuard","bronze:ClassDefault"],"picked":"bronze:Frontload","floor":13},{"not_picked":["bronze:Backtrace","bronze:Shield"],"picked":"bronze:ChosenStrike","floor":14},{"not_picked":["bronze:Constructor","bronze:FineTuning"],"picked":"bronze:Optimize","floor":15},{"not_picked":["bronze:HardenedForm","bronze:Assembly"],"picked":"bronze:Library","floor":16},{"not_picked":["bronze:Branch","bronze:Optimize","bronze:Turbo"],"picked":"SKIP","floor":19},{"not_picked":["bronze:Branch","bronze:BitShift+1"],"picked":"bronze:Flail","floor":20},{"not_picked":["bronze:Turbo","bronze:OilSpill"],"picked":"bronze:BugBarrage+1","floor":22},{"not_picked":["bronze:Invalidate","bronze:Repair+1"],"picked":"bronze:Verify","floor":23},{"not_picked":["bronze:Invalidate+1","bronze:Deprecate","bronze:OilSpill"],"picked":"SKIP","floor":26},{"not_picked":["bronze:Branch","bronze:OilSpill","bronze:Safeguard+1"],"picked":"SKIP","floor":27},{"not_picked":["bronze:Separator","bronze:BugBarrage","bronze:Branch"],"picked":"SKIP","floor":29},{"not_picked":["bronze:Branch+1","bronze:BitShift","bronze:Invalidate"],"picked":"SKIP","floor":31},{"not_picked":["bronze:ForceShield","bronze:DelayedGuard+1"],"picked":"bronze:Overload","floor":32},{"not_picked":["bronze:Overload","bronze:DigitalCarnage+1","bronze:BugBarrage"],"picked":"SKIP","floor":36},{"not_picked":["bronze:Constructor","bronze:Overheat"],"picked":"bronze:ShipIt","floor":38},{"not_picked":["bronze:DelayedSlice","bronze:BugBarrage+1","bronze:Invalidate+1"],"picked":"SKIP","floor":42},{"not_picked":["bronze:OilSpill","bronze:Frontload","bronze:BugBarrage"],"picked":"SKIP","floor":44},{"not_picked":["bronze:Refactor","bronze:FineTuning","bronze:Branch+1"],"picked":"SKIP","floor":48},{"not_picked":["bronze:WildBeam","bronze:Backtrace","bronze:BronzeOrb"],"picked":"SKIP","floor":49},{"not_picked":["bronze:BugBarrage","bronze:Flail","bronze:Verify"],"picked":"SKIP","floor":52}],"player_experience":2171950,"relics_obtained":[{"floor":7,"key":"Shuriken"},{"floor":13,"key":"bronze:SilverBullet"},{"floor":37,"key":"Anchor"},{"floor":40,"key":"Akabeko"},{"floor":41,"key":"reliquary:IridiumChain"},{"floor":47,"key":"DemoMod:PartiallyEatenCheese"},{"floor":52,"key":"reliquary:PorcupineQuills"}],"event_choices":[{"cards_removed":["Pain"],"damage_healed":0,"gold_gain":0,"player_choice":"Card Removal","damage_taken":0,"max_hp_gain":0,"max_hp_loss":0,"event_name":"The Cleric","floor":12,"gold_loss":0},{"damage_healed":0,"gold_gain":0,"player_choice":"Leave","damage_taken":0,"max_hp_gain":0,"max_hp_loss":0,"event_name":"conspire:Investor","floor":21,"gold_loss":0},{"damage_healed":0,"gold_gain":0,"player_choice":"Graft","damage_taken":0,"max_hp_gain":8,"max_hp_loss":0,"event_name":"Elementarium:SculptureGarden","floor":30,"gold_loss":0}],"is_beta":false,"boss_relics":[{"not_picked":["conspire:RunicOctahedron","aspiration:SilentSkillbook"],"picked":"aspiration:PoetsPen_weak"},{"not_picked":["conspire:RoyalGoblet","Runic Dome"],"picked":"SlaversCollar"}],"items_purged_floors":[],"is_endless":false,"potions_floor_spawned":[6,9,11,13,14,15,22,26,29,33,42,48,52],"ascension_level":0}}