{"host":"7jag2woc339g1nhm","time":1614274378,"event":{"mods":["AchievementEnabler","BaseMod","Bestiary","DeckTracker","Minty Spire (QoL Compilation)"],"gold_per_floor":[112,132,207,224,224,256,256,282,282,297,307,318,333,348,348,445,445,464,477,477,214,232,250,250,250],"floor_reached":24,"language":"ENG","playtime":1785,"items_purged":["Defend_P"],"score":264,"play_id":"28e47883-86e0-43a0-bf15-f8759c943c1d","local_time":"20210226040258","is_ascension_mode":false,"campfire_choices":[{"floor":7,"key":"REST"},{"floor":15,"key":"REST"}],"circlet_count":0,"master_deck":["Strike_P","Strike_P","Strike_P","Defend_P","Eruption","Vigilance","EmptyFist","EmptyBody","ClearTheMind","Weave","CutThroughFate","Crescendo","MentalFortress","Protect","Wireheading","Establishment","Protect","ThirdEye","Adaptation","Prostrate+1","Tantrum"],"relics":["PureWater","Art of War","Question Card","Blood Vial","Black Star","Pear","Lee\u0027s Waffle"],"acts_visited":["Exordium","TheCity"],"potions_floor_usage":[16,16,22,24],"damage_taken":[{"damage":0,"enemies":"Cultist","floor":1,"turns":2},{"damage":1,"enemies":"2 Louse","floor":2,"turns":3},{"damage":0,"enemies":"Small Slimes","floor":4,"turns":3},{"damage":25,"enemies":"Lagavulin","floor":6,"turns":6},{"damage":28,"enemies":"3 Sentries","floor":8,"turns":8},{"damage":1,"enemies":"2 Fungi Beasts","floor":10,"turns":3},{"damage":0,"enemies":"Exordium Thugs","floor":11,"turns":4},{"damage":9,"enemies":"Gremlin Gang","floor":12,"turns":4},{"damage":0,"enemies":"Exordium Wildlife","floor":13,"turns":3},{"damage":8,"enemies":"Looter","floor":14,"turns":3},{"damage":0,"enemies":"Slime Boss","floor":16,"turns":5},{"damage":25,"enemies":"Chosen","floor":18,"turns":4},{"damage":10,"enemies":"2 Thieves","floor":19,"turns":5},{"damage":63,"enemies":"Snake Plant","floor":22,"turns":6},{"damage":31,"enemies":"Shelled Parasite and Fungi","floor":23,"turns":7},{"damage":32,"enemies":"Cultist and Chosen","floor":24,"turns":4}],"seed_played":"7708483589018235272","potions_obtained":[{"floor":8,"key":"SteroidPotion"},{"floor":10,"key":"CultistPotion"},{"floor":11,"key":"FairyPotion"},{"floor":18,"key":"SteroidPotion"},{"floor":23,"key":"AttackPotion"}],"is_trial":false,"path_per_floor":["M","M","?","M","?","E","R","E","T","M","M","M","M","M","R","B",null,"M","M","?","$","M","M","M"],"character_chosen":"WATCHER","items_purchased":["Lee\u0027s Waffle","Adaptation"],"campfire_rested":2,"item_purchase_floors":[21,21],"current_hp_per_floor":[65,64,53,53,46,21,40,12,12,13,15,8,10,4,23,25,65,40,32,42,82,19,22,0,0],"gold":250,"neow_bonus":"REMOVE_TWO","is_daily":false,"chose_seed":false,"campfire_upgraded":0,"win_rate":0.0,"timestamp":1614274378,"path_taken":["M","?","?","M","?","E","R","E","T","M","M","M","M","M","R","BOSS","M","M","?","$","M","M","M"],"items_purchased_type":["Relic","Card"],"build_version":"2020-12-22","purchased_purges":1,"victory":false,"max_hp_per_floor":[65,65,65,65,65,65,65,65,65,65,65,65,65,65,65,65,65,65,65,75,82,82,82,82,82],"card_choices":[{"not_picked":["ClearTheMind","Crescendo"],"picked":"EmptyFist","floor":1},{"not_picked":["FlurryOfBlows","PathToVictory"],"picked":"EmptyBody","floor":2},{"not_picked":["FearNoEvil","FlurryOfBlows","Collect"],"picked":"SKIP","floor":4},{"not_picked":["CrushJoints","Weave"],"picked":"ClearTheMind","floor":6},{"not_picked":["WreathOfFlame","Indignation"],"picked":"Weave","floor":8},{"not_picked":["PathToVictory","JustLucky","Indignation"],"picked":"CutThroughFate","floor":10},{"not_picked":["PathToVictory","Ragnarok","JustLucky"],"picked":"Crescendo","floor":11},{"not_picked":["ClearTheMind","Halt","CrushJoints"],"picked":"MentalFortress","floor":12},{"not_picked":["DeceiveReality","BowlingBash","CarveReality"],"picked":"Protect","floor":13},{"not_picked":["JustLucky","ReachHeaven","WheelKick"],"picked":"Wireheading","floor":14},{"not_picked":["Blasphemy","ConjureBlade","Omniscience"],"picked":"Establishment","floor":16},{"not_picked":["WreathOfFlame","SashWhip","FearNoEvil"],"picked":"Protect","floor":18},{"not_picked":["EmptyFist+1","JustLucky+1","Wallop+1"],"picked":"ThirdEye","floor":19},{"not_picked":["FollowUp","Swivel","BowlingBash"],"picked":"Prostrate+1","floor":22},{"not_picked":["SashWhip","Meditate","CrushJoints"],"picked":"Tantrum","floor":23}],"player_experience":140095,"relics_obtained":[{"floor":6,"key":"Art of War"},{"floor":8,"key":"Question Card"},{"floor":9,"key":"Blood Vial"}],"event_choices":[{"damage_healed":0,"gold_gain":75,"player_choice":"Gather Gold","damage_taken":11,"max_hp_gain":0,"max_hp_loss":0,"event_name":"World of Goop","floor":3,"gold_loss":0},{"cards_removed":["Defend_P"],"damage_healed":0,"gold_gain":0,"player_choice":"Card Removal","damage_taken":7,"max_hp_gain":0,"max_hp_loss":0,"event_name":"Golden Wing","floor":5,"gold_loss":0},{"damage_healed":0,"gold_gain":0,"player_choice":"Opened","damage_taken":0,"relics_obtained":["Pear"],"max_hp_gain":0,"max_hp_loss":0,"event_name":"The Mausoleum","floor":20,"gold_loss":0}],"is_beta":false,"boss_relics":[{"not_picked":["Runic Pyramid","HolyWater"],"picked":"Black Star"}],"items_purged_floors":[21],"is_endless":false,"potions_floor_spawned":[8,10,11,14,18,23],"killed_by":"Cultist and Chosen","ascension_level":0}}