{"host":"sgdhw3pdkzxa44vc","time":1614213999,"event":{"mods":["BaseMod","Bestiary","Colored Map","Highlight Path","Minty Spire (QoL Compilation)","Relic Stats","Spire with Friends"],"gold_per_floor":[17,92,92,111,126,126,151,151,151,210,227,227,252,252,177,177,279,279,289,299,299,319,332,359,359,386,409,424,424,424,424,455,306,306,404,404,415,435,447,447,435,435,467,467,490,509,509,509,526,551,551,551,551,551,551,8,41,41,41],"floor_reached":60,"language":"ENG","playtime":4738,"items_purged":["Strike_G"],"score":1391,"play_id":"4259022d-f22c-46d5-8a97-a59293a80b71","local_time":"20210225024639","is_ascension_mode":true,"campfire_choices":[{"data":"Envenom","floor":6,"key":"SMITH"},{"floor":8,"key":"REST"},{"data":"Crippling Poison","floor":16,"key":"SMITH"},{"floor":25,"key":"REST"},{"floor":31,"key":"REST"},{"floor":34,"key":"REST"},{"floor":42,"key":"RECALL"},{"data":"After Image","floor":44,"key":"SMITH"},{"data":"A Thousand Cuts","floor":48,"key":"SMITH"},{"floor":52,"key":"REST"},{"data":"Footwork","floor":55,"key":"SMITH"}],"circlet_count":0,"master_deck":["Strike_G","Strike_G","Strike_G","Strike_G","Defend_G","Defend_G","Defend_G","Defend_G","Defend_G","Survivor","Neutralize+1","Blade Dance","Blade Dance","Envenom+1","Crippling Poison+1","Blade Dance","Deadly Poison","A Thousand Cuts+1","Deflect","Backflip","Infinite Blades","Blur","PiercingWail","Adrenaline","Bouncing Flask+1","After Image+1","Dodge and Roll+1","Catalyst","Accuracy+1","Footwork+1","Blur","Panacea","Blur"],"relics":["Ring of the Snake","TwistedFunnel","Ancient Tea Set","InkBottle","Boot","SlaversCollar","CaptainsWheel","Singing Bowl","Vajra","WristBlade","Blue Candle","Centennial Puzzle","Snake Skull","Bird Faced Urn","Ninja Scroll","Akabeko","Pear"],"acts_visited":["Exordium","TheCity","TheBeyond","TheEnding"],"potions_floor_usage":[7,17,17,23,24,28,35,39,49,50,53,59,59],"damage_taken":[{"damage":0,"enemies":"Small Slimes","floor":1,"turns":3},{"damage":0,"enemies":"2 Louse","floor":4,"turns":2},{"damage":4,"enemies":"Cultist","floor":5,"turns":3},{"damage":20,"enemies":"Lagavulin","floor":7,"turns":4},{"damage":14,"enemies":"Gremlin Nob","floor":10,"turns":3},{"damage":12,"enemies":"3 Louse","floor":11,"turns":2},{"damage":3,"enemies":"3 Sentries","floor":13,"turns":5},{"damage":17,"enemies":"Hexaghost","floor":17,"turns":6},{"damage":2,"enemies":"Chosen","floor":22,"turns":4},{"damage":20,"enemies":"2 Thieves","floor":23,"turns":3},{"damage":28,"enemies":"Book of Stabbing","floor":24,"turns":5},{"damage":10,"enemies":"Slavers","floor":26,"turns":4},{"damage":35,"enemies":"Sentry and Sphere","floor":28,"turns":8},{"damage":0,"enemies":"Gremlin Leader","floor":32,"turns":5},{"damage":50,"enemies":"Automaton","floor":35,"turns":10},{"damage":0,"enemies":"Orb Walker","floor":37,"turns":2},{"damage":8,"enemies":"3 Darklings","floor":38,"turns":6},{"damage":12,"enemies":"Transient","floor":39,"turns":5},{"damage":0,"enemies":"Reptomancer","floor":43,"turns":5},{"damage":3,"enemies":"Maw","floor":46,"turns":7},{"damage":8,"enemies":"Jaw Worm Horde","floor":49,"turns":3},{"damage":8,"enemies":"Nemesis","floor":50,"turns":5},{"damage":93,"enemies":"Time Eater","floor":53,"turns":12},{"damage":4,"enemies":"Shield and Spear","floor":57,"turns":6},{"damage":41,"enemies":"The Heart","floor":59,"turns":9}],"seed_played":"-685637683064435872","potions_obtained":[{"floor":5,"key":"Fire Potion"},{"floor":10,"key":"LiquidBronze"},{"floor":11,"key":"Poison Potion"},{"floor":13,"key":"LiquidMemories"},{"floor":17,"key":"SteroidPotion"},{"floor":22,"key":"DuplicationPotion"},{"floor":24,"key":"FearPotion"},{"floor":26,"key":"SpeedPotion"},{"floor":33,"key":"FairyPotion"},{"floor":39,"key":"LiquidBronze"},{"floor":46,"key":"LiquidMemories"},{"floor":50,"key":"FairyPotion"}],"is_trial":false,"path_per_floor":["M","?","?","M","M","R","E","R","T","?","M","?","E","?","C","R","B",null,"-","-","?","M","M","E","R","E","T","M","?","?","R","E","C","R","B",null,"M","M","M","?","C","R","E","R","T","M","?","R","M","E","C","R","B",null,"R","$","E","C","B",null],"character_chosen":"THE_SILENT","items_purchased":["Ninja Scroll","Blur","Block Potion","Panacea"],"campfire_rested":5,"item_purchase_floors":[56,56,56,56],"current_hp_per_floor":[70,59,59,59,55,55,35,56,56,44,34,34,33,38,38,38,21,75,75,75,75,73,53,25,47,37,37,2,2,2,24,36,36,62,12,87,87,79,69,69,69,69,71,71,71,70,70,70,64,56,56,84,1,95,95,95,95,105,68],"gold":41,"neow_bonus":"","is_daily":false,"chose_seed":true,"campfire_upgraded":5,"win_rate":0.0,"timestamp":1614213999,"path_taken":["M","?","?","?","M","R","E","R","T","?","M","?","E","?","C","R","BOSS","-","-","?","M","M","E","R","E","T","M","?","?","R","E","C","R","BOSS","M","M","M","?","C","R","E","R","T","M","?","R","M","E","C","R","BOSS","R","$","E","C","BOSS"],"items_purchased_type":["Relic","Card","Potion","Card"],"build_version":"2020-12-22","purchased_purges":1,"victory":true,"max_hp_per_floor":[70,70,70,70,70,70,70,70,70,70,70,70,70,75,75,75,75,75,75,75,75,75,75,75,75,75,75,75,75,75,75,87,87,87,87,87,87,87,89,89,89,89,91,91,91,93,93,93,95,95,95,95,95,95,95,95,95,105,105],"relic_stats":{"Centennial Puzzle":[18],"Singing Bowl":10,"counters":[25,127],"Blue Candle":[0],"Bird Faced Urn":[24],"Snake Skull":[72],"Boot":[114],"obtain_stats":[{"TwistedFunnel":0,"Pear":32,"Singing Bowl":26,"Blue Candle":43,"Vajra":30,"Snake Skull":50,"Ancient Tea Set":7,"Boot":13,"Akabeko":57,"SlaversCollar":18,"CaptainsWheel":24,"Centennial Puzzle":45,"WristBlade":36,"Ninja Scroll":56,"Bird Faced Urn":9,"InkBottle":10,"Ring of the Snake":0},{"TwistedFunnel":0,"Pear":14,"Singing Bowl":12,"Blue Candle":19,"Vajra":13,"Snake Skull":22,"Ancient Tea Set":4,"Boot":7,"Akabeko":24,"SlaversCollar":8,"CaptainsWheel":11,"Centennial Puzzle":19,"WristBlade":15,"Ninja Scroll":23,"Bird Faced Urn":4,"InkBottle":5,"Ring of the Snake":0},{"TwistedFunnel":0,"Pear":57,"Singing Bowl":44,"Blue Candle":85,"Vajra":52,"Snake Skull":100,"Ancient Tea Set":12,"Boot":22,"Akabeko":118,"SlaversCollar":28,"CaptainsWheel":40,"Centennial Puzzle":85,"WristBlade":67,"Ninja Scroll":112,"Bird Faced Urn":12,"InkBottle":15,"Ring of the Snake":0}],"InkBottle":[67],"Ring of the Snake":[50]},"card_choices":[{"not_picked":["Poisoned Stab","Cloak And Dagger"],"picked":"Blade Dance","floor":1},{"not_picked":["Dagger Spray","Sucker Punch"],"picked":"Blade Dance","floor":4},{"not_picked":["Flechettes","Finisher"],"picked":"Envenom","floor":5},{"not_picked":["Masterful Stab","Dodge and Roll"],"picked":"Bane","floor":7},{"not_picked":["Dagger Throw","Skewer"],"picked":"Crippling Poison","floor":10},{"not_picked":["Acrobatics","Bane"],"picked":"Blade Dance","floor":11},{"not_picked":["Dagger Throw","Acrobatics"],"picked":"Deadly Poison","floor":13},{"not_picked":["Bullet Time","Adrenaline"],"picked":"A Thousand Cuts","floor":17},{"not_picked":["Quick Slash","Acrobatics"],"picked":"Deflect","floor":20},{"not_picked":["Bane","Dagger Throw"],"picked":"Infinite Blades","floor":22},{"not_picked":["Dagger Throw+1","Masterful Stab"],"picked":"Blur","floor":23},{"not_picked":["Bane","Footwork"],"picked":"PiercingWail","floor":24},{"not_picked":["PiercingWail","Bane+1"],"picked":"Adrenaline","floor":26},{"not_picked":["Backflip+1","Flying Knee+1"],"picked":"Bouncing Flask+1","floor":28},{"not_picked":["Dodge and Roll","All Out Attack","A Thousand Cuts"],"picked":"Singing Bowl","floor":32},{"not_picked":["Wraith Form v2","Tools of the Trade"],"picked":"After Image","floor":35},{"not_picked":["Deflect","Sucker Punch+1"],"picked":"Dodge and Roll+1","floor":37},{"not_picked":["Dagger Spray","Deflect+1"],"picked":"Catalyst","floor":38},{"not_picked":["Bane","Expertise","Prepared+1"],"picked":"Singing Bowl","floor":39},{"not_picked":["Sucker Punch+1","Backflip","Acrobatics"],"picked":"Singing Bowl","floor":43},{"not_picked":["Flying Knee","Caltrops+1","Envenom"],"picked":"Singing Bowl","floor":46},{"not_picked":["Dodge and Roll+1","Calculated Gamble+1","Underhanded Strike"],"picked":"Singing Bowl","floor":49},{"not_picked":["Underhanded Strike","Backflip+1"],"picked":"Accuracy+1","floor":50},{"not_picked":[],"picked":"Footwork","floor":51},{"not_picked":["PiercingWail+1","Slice+1"],"picked":"Blur","floor":57}],"player_experience":577103,"relics_obtained":[{"floor":7,"key":"Ancient Tea Set"},{"floor":9,"key":"Bird Faced Urn"},{"floor":10,"key":"InkBottle"},{"floor":13,"key":"Boot"},{"floor":24,"key":"CaptainsWheel"},{"floor":26,"key":"Singing Bowl"},{"floor":32,"key":"Pear"},{"floor":43,"key":"Blue Candle"},{"floor":45,"key":"Centennial Puzzle"},{"floor":50,"key":"Snake Skull"},{"floor":51,"key":"Bird Faced Urn"},{"floor":57,"key":"Akabeko"},{"floor":58,"key":"Pear"}],"event_choices":[{"damage_healed":0,"gold_gain":75,"player_choice":"Gather Gold","damage_taken":11,"max_hp_gain":0,"max_hp_loss":0,"event_name":"World of Goop","floor":2,"gold_loss":0},{"damage_healed":0,"gold_gain":0,"player_choice":"Upgraded","damage_taken":0,"max_hp_gain":0,"max_hp_loss":0,"event_name":"Upgrade Shrine","floor":3,"gold_loss":0,"cards_upgraded":["Neutralize"]},{"damage_healed":0,"gold_gain":0,"player_choice":"Searched \u00271\u0027 times","damage_taken":0,"max_hp_gain":0,"max_hp_loss":0,"event_name":"Dead Adventurer","floor":10,"gold_loss":0},{"damage_healed":0,"gold_gain":0,"player_choice":"Ignored","damage_taken":0,"max_hp_gain":0,"max_hp_loss":0,"event_name":"Liars Game","floor":12,"gold_loss":0},{"damage_healed":0,"gold_gain":0,"player_choice":"Donut","damage_taken":0,"max_hp_gain":5,"max_hp_loss":0,"event_name":"Big Fish","floor":14,"gold_loss":0},{"damage_healed":0,"gold_gain":0,"player_choice":"Read","damage_taken":0,"max_hp_gain":0,"max_hp_loss":0,"event_name":"The Library","floor":21,"gold_loss":0,"cards_obtained":["Backflip"]},{"damage_healed":0,"gold_gain":0,"player_choice":"Ignored","damage_taken":0,"max_hp_gain":0,"max_hp_loss":0,"event_name":"Vampires","floor":29,"gold_loss":0},{"damage_healed":0,"gold_gain":0,"player_choice":"Opened","damage_taken":0,"relics_obtained":["Vajra"],"max_hp_gain":0,"max_hp_loss":0,"event_name":"The Mausoleum","floor":30,"gold_loss":0,"cards_obtained":["Writhe"]},{"damage_healed":0,"gold_gain":0,"player_choice":"Ignored","damage_taken":0,"max_hp_gain":0,"max_hp_loss":0,"event_name":"Mysterious Sphere","floor":40,"gold_loss":0},{"cards_removed":["Bane"],"damage_healed":0,"gold_gain":0,"player_choice":"Removed Attack","damage_taken":0,"max_hp_gain":0,"max_hp_loss":0,"event_name":"Falling","floor":47,"gold_loss":0}],"is_beta":false,"boss_relics":[{"not_picked":["Coffee Dripper","Tiny House"],"picked":"SlaversCollar"},{"not_picked":["Black Star","Runic Pyramid"],"picked":"WristBlade"}],"items_purged_floors":[56],"is_endless":false,"potions_floor_spawned":[5,10,11,13,17,22,24,26,39,43,46,50],"ascension_level":1}}