{"host":"q57ekfojy3i00x9o","time":1614237634,"event":{"mods":["Act Like it!","Arknights","Aspiration","BaseMod","Colored Map","Energized Spire","Hermit","Minty Spire (QoL Compilation)","Quick Restart","Ruina","Spicy Shops","Spikes Relics","StSLib","slay the spire mod where everything is the same but ironclad has a cowboy hat"],"gold_per_floor":[112,112,112,112,187,228,228,378,378,417,447,483,495,523,535,547,547],"floor_reached":16,"language":"RUS","playtime":258,"items_purged":[],"score":300,"play_id":"257d4153-6dd7-492e-a160-d21bc59d85ec","local_time":"20210225122034","is_ascension_mode":true,"campfire_choices":[{"floor":7,"key":"DIG"},{"data":"BlessedFruit","floor":13,"key":"SMITH"},{"floor":15,"key":"REST"}],"circlet_count":0,"master_deck":["AscendersBane","ats:Strike C","ats:Strike G","ats:Strike S","ats:Strike V","ats:Armor Crushing Shot","ats:Defend","ats:Defend","ats:Defend","ats:Defend","ats:Emotion Absorption","ats:Sashimi Platter","ats:Hammer On","Doubt","BlessedFruit+1","BlessedFruit","ats:Rat Pack","ats:Poison Spread","ats:Powerful Strike","ats:Cat Scratch"],"relics":["ats:Sanity","NeowsBlessing","Golden Idol","ats:Originium","Shovel","Regal Pillow","HeavenlyBonsai","MawBank"],"acts_visited":["Exordium"],"potions_floor_usage":[11,16],"damage_taken":[{"damage":0,"enemies":"2 Louse","floor":1,"turns":1},{"damage":0,"enemies":"3 Sentries","floor":6,"turns":2},{"damage":0,"enemies":"Gremlin Nob","floor":10,"turns":1},{"damage":27,"enemies":"Jaw Worm","floor":11,"turns":7},{"damage":10,"enemies":"Small Slimes","floor":12,"turns":3},{"damage":15,"enemies":"Exordium Wildlife","floor":14,"turns":4},{"damage":91,"enemies":"The Guardian","floor":16,"turns":8}],"seed_played":"8854626833515539481","potions_obtained":[{"floor":6,"key":"Weak Potion"},{"floor":12,"key":"DuplicationPotion"},{"floor":14,"key":"SmokeBomb"}],"is_trial":false,"path_per_floor":["M","$","?","?","?","E","R","?","T","E","M","M","R","M","R","B"],"character_chosen":"DOCTOR_CLASS","items_purchased":[],"campfire_rested":1,"item_purchase_floors":[],"current_hp_per_floor":[65,65,70,70,59,64,64,64,64,64,52,49,49,42,77,0,0],"gold":547,"neow_bonus":"THREE_ENEMY_KILL","is_daily":false,"chose_seed":false,"campfire_upgraded":1,"win_rate":0.0,"timestamp":1614237634,"path_taken":["M","$","?","?","?","E","R","?","T","E","M","M","R","M","R","BOSS"],"items_purchased_type":[],"build_version":"2020-12-22","purchased_purges":0,"victory":false,"max_hp_per_floor":[72,72,77,70,70,70,70,70,70,70,72,74,74,77,77,81,81],"card_choices":[{"not_picked":["ats:Apocalypse","ats:Curse Doll"],"picked":"ats:Sashimi Platter","floor":1},{"not_picked":["ats:Very Hot Blade","ats:Ignite"],"picked":"ats:Hammer On","floor":6},{"not_picked":["ats:Shell Defense","ats:Absolute Focus"],"picked":"ats:Rat Pack","floor":10},{"not_picked":["ats:Leaping Hammer","ats:Burning Ground"],"picked":"ats:Poison Spread","floor":11},{"not_picked":["ats:Spore Proliferation","ats:Assault Order"],"picked":"ats:Powerful Strike","floor":12},{"not_picked":["ats:Shell Defense","ats:Spore Proliferation"],"picked":"ats:Cat Scratch","floor":14}],"player_experience":793303,"relics_obtained":[{"floor":6,"key":"ats:Originium"},{"floor":6,"key":"Shovel"},{"floor":7,"key":"Regal Pillow"},{"floor":9,"key":"HeavenlyBonsai"},{"floor":10,"key":"ats:Originium"},{"floor":10,"key":"MawBank"}],"event_choices":[{"damage_healed":0,"gold_gain":0,"player_choice":"Donut","damage_taken":0,"max_hp_gain":5,"max_hp_loss":0,"event_name":"Big Fish","floor":3,"gold_loss":0},{"damage_healed":0,"gold_gain":0,"player_choice":"Lose Max HP","damage_taken":0,"relics_obtained":["Golden Idol"],"max_hp_gain":0,"max_hp_loss":7,"event_name":"Golden Idol","floor":4,"gold_loss":0},{"damage_healed":0,"gold_gain":75,"player_choice":"Gather Gold","damage_taken":11,"max_hp_gain":0,"max_hp_loss":0,"event_name":"World of Goop","floor":5,"gold_loss":0},{"damage_healed":0,"gold_gain":150,"player_choice":"AGREE","damage_taken":0,"max_hp_gain":0,"max_hp_loss":0,"event_name":"Liars Game","floor":8,"gold_loss":0,"cards_obtained":["Doubt"]}],"is_beta":false,"boss_relics":[],"items_purged_floors":[],"is_endless":false,"potions_floor_spawned":[6,12,14],"killed_by":"The Guardian","ascension_level":18}}