{"host":"d7qmn60fs48wu5y6","time":1614295765,"event":{"mods":["BaseMod","Downfall","Marisa????????","Minty Spire (QoL Compilation)","Shade Mod","StSLib","The Bug Knight","The Cursed","The Necromancer","The Servant 0.9.4"],"gold_per_floor":[117,117,133,144,64,64,98,98,152,163,173,190,223,223,223,326,326,345,345,370,370,126,158,158,186,209,209,223,223,18,34,34,138,188,201,217,44,58,69,69,98,98,98,98,98,116,116,37,37,37,37,37,37,70,70,70],"floor_reached":55,"language":"ENG","playtime":2681,"items_purged":["Negative_Energy_Bomb+1","Strike_W"],"score":754,"play_id":"3e2df1b1-dcf4-4620-aff5-e1e80fb0de62","local_time":"20210225152925","is_ascension_mode":true,"campfire_choices":[{"data":"Summon_Death_Knight","floor":6,"key":"SMITH"},{"data":"Negative_Energy_Sphere","floor":8,"key":"SMITH"},{"floor":15,"key":"RECALL"},{"floor":24,"key":"REST"},{"floor":27,"key":"REST"},{"floor":32,"key":"REST"},{"floor":40,"key":"REST"},{"floor":42,"key":"REST"},{"data":"Forethought","floor":44,"key":"SMITH"},{"floor":49,"key":"REST"},{"data":"Negative_Energy_Shield","floor":52,"key":"SMITH"}],"circlet_count":0,"master_deck":["Defend_W","Defend_W","Defend_W","Negative_Energy_Arrows","Bone_Wall","Summon_Death_Knight+1","Bone_Prison","Negative_Energy_Burst","Negative_Energy_Sphere+1","Negative_Energy_Sphere+1","Bone_Bullets+1","Scare","Summon_Death_Knight+1","Whirlwind_of_Bones+1","Requiem+1","Summon_Undead+1","Blood_Curse+1","Summon_Lich","Forethought+1","Siphon_Strength","Negative_Energy_Shield+1","Enlightenment+1","Summon_Undead_Army+1","Negative_Energy_Shield","Grasp_Heart+1","Negative_Energy_Shield+1","Stop_Heart","Life_Drain+1","Summon_Undead_Army+1","Summon_Lich+1","Slay_Living+1"],"relics":["Vampire_Amulet","Bag of Marbles","Molten Egg 2","Kunai","Astrolabe","Red Mask","Oddly Smooth Stone","Vajra","PreservedInsect","Frozen Egg 2","Tiny House","Toy Ornithopter","Mercury Hourglass","Boot"],"acts_visited":["Exordium","TheCity","TheBeyond","TheEnding"],"potions_floor_usage":[13,20,20,25,25,50,50,50,54],"damage_taken":[{"damage":0,"enemies":"Small Slimes","floor":1,"turns":4},{"damage":3,"enemies":"2 Louse","floor":3,"turns":4},{"damage":5,"enemies":"Cultist","floor":4,"turns":4},{"damage":19,"enemies":"Lagavulin","floor":7,"turns":9},{"damage":0,"enemies":"3 Louse","floor":10,"turns":1},{"damage":4,"enemies":"Looter","floor":11,"turns":3},{"damage":1,"enemies":"2 Fungi Beasts","floor":12,"turns":3},{"damage":3,"enemies":"3 Sentries","floor":13,"turns":3},{"damage":11,"enemies":"The Guardian","floor":16,"turns":11},{"damage":0,"enemies":"Shell Parasite","floor":18,"turns":6},{"damage":41,"enemies":"Masked Bandits","floor":20,"turns":4},{"damage":29,"enemies":"Book of Stabbing","floor":23,"turns":7},{"damage":34,"enemies":"Slavers","floor":25,"turns":4},{"damage":6,"enemies":"3 Byrds","floor":28,"turns":3},{"damage":17,"enemies":"Centurion and Healer","floor":31,"turns":6},{"damage":29,"enemies":"Collector","floor":33,"turns":9},{"damage":6,"enemies":"3 Shapes","floor":35,"turns":7},{"damage":6,"enemies":"Orb Walker","floor":36,"turns":5},{"damage":60,"enemies":"Spire Growth","floor":38,"turns":5},{"damage":22,"enemies":"Jaw Worm Horde","floor":39,"turns":6},{"damage":8,"enemies":"Nemesis","floor":41,"turns":6},{"damage":17,"enemies":"Writhing Mass","floor":46,"turns":6},{"damage":76,"enemies":"Awakened One","floor":50,"turns":12},{"damage":42,"enemies":"Shield and Spear","floor":54,"turns":6},{"damage":64,"enemies":"The Heart","floor":55,"turns":5}],"seed_played":"-701726760514775167","potions_obtained":[{"floor":1,"key":"Block Potion"},{"floor":7,"key":"Guardian:BlockOnCardUsePotion"},{"floor":10,"key":"Dexterity Potion"},{"floor":13,"key":"Explosive Potion"},{"floor":23,"key":"Explosive Potion"},{"floor":28,"key":"Dexterity Potion"},{"floor":33,"key":"EntropicBrew"},{"floor":34,"key":"FearPotion"},{"floor":39,"key":"Guardian:BlockOnCardUsePotion"}],"is_trial":false,"path_per_floor":["M","?","M","M","?","R","E","R","T","M","M","M","E","?","R","B",null,"M","?","?","?","$","E","R","E","T","R","M","T","$","M","R","B",null,"M","M","$","M","M","R","E","R","T","R","?","M","?","$","R","B",null,"R","$","E","B"],"character_chosen":"NECROMANCER","items_purchased":["Summon_Lich","Forethought","Negative_Energy_Shield","Enlightenment","Summon_Undead_Army+1","Summon_Undead_Army+1","Summon_Lich+1"],"campfire_rested":6,"item_purchase_floors":[22,22,30,30,30,37,48],"current_hp_per_floor":[75,80,80,77,77,77,60,60,60,66,64,67,70,70,70,61,80,80,80,45,71,71,44,68,40,40,64,64,64,64,51,75,56,85,85,81,81,29,19,44,44,69,69,69,69,54,54,54,78,23,81,81,81,54,0,0],"gold":70,"neow_bonus":"ONE_RANDOM_RARE_CARD","is_daily":false,"chose_seed":false,"campfire_upgraded":4,"win_rate":0.0,"timestamp":1614295765,"path_taken":["M","?","M","M","?","R","E","R","T","?","M","M","E","?","R","BOSS","M","?","?","?","$","E","R","E","T","R","M","?","$","M","R","BOSS","M","M","$","M","M","R","E","R","T","R","?","?","?","$","R","BOSS","R","$","E","BOSS"],"items_purchased_type":["Card","Card","Card","Card","Card","Card","Card"],"build_version":"2020-12-22","purchased_purges":2,"victory":false,"max_hp_per_floor":[75,80,80,80,80,80,80,80,80,80,80,80,80,80,80,80,80,80,80,80,80,80,80,80,80,80,80,80,80,80,80,80,80,85,85,85,85,85,85,85,85,85,85,85,85,85,81,81,81,81,81,81,81,81,81,81],"card_choices":[{"not_picked":["Epidemic","Death_Coil"],"picked":"Bone_Prison","floor":1},{"not_picked":["Bone_Armor","Negative_Energy_Mist"],"picked":"Negative_Energy_Burst","floor":3},{"not_picked":["Bones_to_Steel","Finger_Of_Death"],"picked":"Negative_Energy_Sphere","floor":4},{"not_picked":["Bones_to_Steel","Bone_Shift"],"picked":"Negative_Energy_Sphere+1","floor":7},{"not_picked":["Blood_Magic","Bones_to_Steel"],"picked":"Bone_Bullets+1","floor":10},{"not_picked":["Consume_Illness","Life_Tap"],"picked":"Scare","floor":11},{"not_picked":["Death_Coil+1","Corrupt","Finger_Of_Death+1"],"picked":"SKIP","floor":12},{"not_picked":["Negative_Energy_Javelin+1","Bones_to_Steel","Uncharnel"],"picked":"SKIP","floor":13},{"not_picked":["Grasp_Heart+1","Requiem+1"],"picked":"Summon_Death_Knight","floor":16},{"not_picked":["Shade_Step+1","Negative_Energy_Javelin+1"],"picked":"Summon_Undead+1","floor":18},{"not_picked":["Bones_to_Steel","Flesh_Made_Foul+1"],"picked":"Blood_Curse+1","floor":20},{"not_picked":["Death_Knell+1","Detonate_Bones+1","Death_March_Dance+1"],"picked":"SKIP","floor":23},{"not_picked":["Death_Coil+1","Blood_Whip+1","Blood_for_Blood"],"picked":"SKIP","floor":25},{"not_picked":["Shackles_Of_Pain+1","Stop_Heart"],"picked":"Siphon_Strength","floor":28},{"not_picked":["Whirlwind_of_Bones+1","Necrotic_Claws+1"],"picked":"Negative_Energy_Shield","floor":31},{"not_picked":["Hellfire+1","Detonate_Bones+1"],"picked":"Grasp_Heart+1","floor":33},{"not_picked":["Bones_to_Steel+1","Bone_Spikes+1"],"picked":"Negative_Energy_Shield+1","floor":34},{"not_picked":["Acid_Javelin+1","Vampiric_Strike+1"],"picked":"Stop_Heart","floor":35},{"not_picked":["Slay_Living+1","Toxic_Smoke_Screen"],"picked":"Life_Drain+1","floor":36},{"not_picked":["Consume_Illness","Deaths_Shadow+1","Whirlwind_of_Bones+1"],"picked":"SKIP","floor":38},{"not_picked":["Death_Knell+1","Bones_to_Steel+1","Blood_Curse+1"],"picked":"SKIP","floor":39},{"not_picked":["Necrotic_Claws+1","Bone_Armor","Finger_Of_Death+1"],"picked":"SKIP","floor":41},{"not_picked":["Blood_Curse+1","Deaths_Shadow+1","Hellfire+1"],"picked":"SKIP","floor":46},{"not_picked":["Blood_Whip+1","Negative_Energy_Burst+1"],"picked":"Slay_Living+1","floor":54}],"player_experience":965364,"relics_obtained":[{"floor":7,"key":"Molten Egg 2"},{"floor":13,"key":"Kunai"},{"floor":20,"key":"Red Mask"},{"floor":23,"key":"Oddly Smooth Stone"},{"floor":25,"key":"Vajra"},{"floor":26,"key":"PreservedInsect"},{"floor":29,"key":"Frozen Egg 2"},{"floor":41,"key":"Toy Ornithopter"},{"floor":43,"key":"Mercury Hourglass"},{"floor":54,"key":"Boot"}],"event_choices":[{"damage_healed":0,"gold_gain":0,"player_choice":"Donut","damage_taken":0,"max_hp_gain":5,"max_hp_loss":0,"event_name":"Big Fish","floor":2,"gold_loss":0},{"damage_healed":0,"gold_gain":0,"player_choice":"Paid Gold","damage_taken":0,"relics_obtained":["Bag of Marbles"],"max_hp_gain":0,"max_hp_loss":0,"event_name":"WeMeetAgain","floor":5,"gold_loss":80},{"cards_removed":["Strike_W"],"damage_healed":0,"gold_gain":0,"player_choice":"Forget","damage_taken":0,"max_hp_gain":0,"max_hp_loss":0,"event_name":"Living Wall","floor":14,"gold_loss":0},{"damage_healed":0,"gold_gain":0,"player_choice":"Fought Bandits","damage_taken":0,"max_hp_gain":0,"max_hp_loss":0,"event_name":"Masked Bandits","floor":20,"gold_loss":0},{"damage_healed":26,"gold_gain":0,"player_choice":"Heal","damage_taken":0,"max_hp_gain":0,"max_hp_loss":0,"event_name":"The Library","floor":21,"gold_loss":0},{"damage_healed":0,"gold_gain":0,"player_choice":"Upgraded","damage_taken":0,"max_hp_gain":0,"max_hp_loss":0,"event_name":"Upgrade Shrine","floor":45,"gold_loss":0,"cards_upgraded":["Enlightenment"]},{"damage_healed":0,"gold_gain":0,"player_choice":"Max HP","damage_taken":0,"max_hp_gain":0,"max_hp_loss":4,"event_name":"Winding Halls","floor":47,"gold_loss":0}],"is_beta":false,"boss_relics":[{"not_picked":["Snecko Eye","Black Star"],"picked":"Astrolabe"},{"not_picked":["Pandora\u0027s Box","Runic Pyramid"],"picked":"Tiny House"}],"items_purged_floors":[22,37],"is_endless":false,"potions_floor_spawned":[1,7,10,13,23,28,33,39,41,46],"killed_by":"The Heart","ascension_level":1}}