{"host":"2lo6hma6kymb0g9i","time":1614239833,"event":{"mods":["BaseMod","Colored Map","DeckTracker","Minty Spire (QoL Compilation)"],"gold_per_floor":[113,113,113,123,45,45,76,76,76,76,100,0,13,51,51,146,146,159,173,186,186,211,255,255,293,293,306,306,331,331,362,362,433,433,453,453,453,453],"floor_reached":37,"language":"JPN","playtime":2328,"items_purged":["Strike_G"],"score":924,"play_id":"07f25bd8-af16-451e-8d91-8796d367b404","local_time":"20210225165713","is_ascension_mode":true,"campfire_choices":[{"data":"Blade Dance","floor":6.0,"key":"SMITH"},{"data":"Cloak And Dagger","floor":15.0,"key":"SMITH"},{"floor":24.0,"key":"REST"},{"floor":28.0,"key":"REST"},{"floor":32.0,"key":"REST"}],"circlet_count":0,"master_deck":["AscendersBane","Strike_G","Defend_G+1","Defend_G","Defend_G","Defend_G+1","Defend_G","Survivor","Neutralize","Blade Dance+1","Underhanded Strike","Accuracy","Finisher","Reflex","PiercingWail","Prepared","Cloak And Dagger+1","Storm of Steel","CurseOfTheBell","PiercingWail","Noxious Fumes","Acrobatics","After Image","Phantasmal Killer","Terror+1","Accuracy+1","Malaise","Metamorphosis","Apotheosis","Thinking Ahead"],"relics":["Ring of the Snake","War Paint","Akabeko","Mercury Hourglass","Bloody Idol","Snake Skull","Calling Bell","Nunchaku","Singing Bowl","Torii","Nloth\u0027s Gift","Bag of Marbles","Dream Catcher","PreservedInsect","Tiny Chest","Empty Cage"],"acts_visited":["Exordium","TheCity","TheBeyond"],"potions_floor_usage":[],"damage_taken":[{"damage":0.0,"enemies":"Jaw Worm","floor":1.0,"turns":1.0},{"damage":0.0,"enemies":"2 Louse","floor":4.0,"turns":1.0},{"damage":0.0,"enemies":"3 Sentries","floor":7.0,"turns":1.0},{"damage":0.0,"enemies":"Small Slimes","floor":11.0,"turns":1.0},{"damage":1.0,"enemies":"Exordium Wildlife","floor":13.0,"turns":3.0},{"damage":6.0,"enemies":"Gremlin Nob","floor":14.0,"turns":3.0},{"damage":30.0,"enemies":"Hexaghost","floor":16.0,"turns":9.0},{"damage":3.0,"enemies":"Shell Parasite","floor":18.0,"turns":5.0},{"damage":0.0,"enemies":"3 Byrds","floor":19.0,"turns":4.0},{"damage":25.0,"enemies":"Snecko","floor":20.0,"turns":6.0},{"damage":15.0,"enemies":"Centurion and Healer","floor":22.0,"turns":5.0},{"damage":5.0,"enemies":"Slavers","floor":23.0,"turns":5.0},{"damage":11.0,"enemies":"Book of Stabbing","floor":25.0,"turns":5.0},{"damage":31.0,"enemies":"Snake Plant","floor":27.0,"turns":4.0},{"damage":0.0,"enemies":"3 Cultists","floor":29.0,"turns":3.0},{"damage":3.0,"enemies":"Gremlin Leader","floor":31.0,"turns":5.0},{"damage":18.0,"enemies":"Champ","floor":33.0,"turns":10.0},{"damage":6.0,"enemies":"Orb Walker","floor":35.0,"turns":3.0},{"damage":54,"enemies":"3 Darklings","floor":37,"turns":4}],"seed_played":"-5205863717002089424","potions_obtained":[{"floor":4.0,"key":"SteroidPotion"},{"floor":7.0,"key":"FearPotion"},{"floor":14.0,"key":"SpeedPotion"},{"floor":16.0,"key":"FairyPotion"},{"floor":23.0,"key":"Ancient Potion"},{"floor":27.0,"key":"PowerPotion"},{"floor":33.0,"key":"LiquidMemories"}],"is_trial":false,"path_per_floor":["M","?","?","M","$","R","E","?","T","?","M","$","M","E","R","B",null,"M","M","M","?","M","E","R","E","T","M","R","M","?","E","R","B",null,"M","?","M"],"character_chosen":"THE_SILENT","items_purchased":["Accuracy","PiercingWail"],"campfire_rested":3,"item_purchase_floors":[5,12],"current_hp_per_floor":[59,59,59,59,59,59,59,54,54,54,54,54,53,47,47,17,49,46,46,21,21,8,3,21,12,12,3,24,24,24,26,47,34,60,61,51,0,0],"gold":453,"neow_bonus":"THREE_ENEMY_KILL","is_daily":false,"chose_seed":false,"campfire_upgraded":2,"win_rate":0.0,"timestamp":1614239833,"path_taken":["M","?","?","M","$","R","E","?","T","?","M","$","?","E","R","BOSS","M","M","M","?","M","E","R","E","T","?","R","M","?","E","R","BOSS","M","?","M"],"items_purchased_type":["Card","Card"],"build_version":"2020-12-22","purchased_purges":1,"victory":false,"max_hp_per_floor":[66,66,66,66,66,66,66,66,66,60,60,60,60,60,60,60,60,60,60,60,60,62,62,62,64,64,64,66,66,66,66,68,68,68,70,70,70,70],"card_choices":[{"not_picked":["Dodge and Roll","Terror"],"picked":"Blade Dance","floor":1.0},{"not_picked":["Riddle With Holes","Prepared"],"picked":"Underhanded Strike","floor":4.0},{"not_picked":["Expertise","Quick Slash"],"picked":"Finisher","floor":7.0},{"not_picked":["Bouncing Flask","Concentrate"],"picked":"Reflex","floor":11.0},{"not_picked":["Poisoned Stab","Underhanded Strike"],"picked":"Prepared","floor":13.0},{"not_picked":["Underhanded Strike","Backflip"],"picked":"Cloak And Dagger","floor":14.0},{"not_picked":["Corpse Explosion","Burst"],"picked":"Storm of Steel","floor":16.0},{"not_picked":["Setup","Quick Slash"],"picked":"PiercingWail","floor":18.0},{"not_picked":["Quick Slash","Deadly Poison"],"picked":"Noxious Fumes","floor":19.0},{"not_picked":["Underhanded Strike","Outmaneuver"],"picked":"Acrobatics","floor":20.0},{"not_picked":["Deadly Poison","Slice","Infinite Blades"],"picked":"Singing Bowl","floor":22.0},{"not_picked":["Grand Finale","Tactician"],"picked":"After Image","floor":23.0},{"not_picked":["Unload","Deadly Poison","Quick Slash"],"picked":"Singing Bowl","floor":25.0},{"not_picked":["Slice","Outmaneuver"],"picked":"Phantasmal Killer","floor":27.0},{"not_picked":["Bane","Underhanded Strike","Backflip"],"picked":"Singing Bowl","floor":28.0},{"not_picked":["Crippling Poison","Deflect"],"picked":"Terror+1","floor":29.0},{"not_picked":["Setup","Cloak And Dagger"],"picked":"Accuracy+1","floor":31.0},{"not_picked":["Well Laid Plans","Masterful Stab","PiercingWail"],"picked":"Singing Bowl","floor":32.0},{"not_picked":["Unload","Phantasmal Killer"],"picked":"Malaise","floor":33.0},{"not_picked":["Expertise","Dagger Spray","Predator"],"picked":"Singing Bowl","floor":35.0},{"not_picked":["Jack Of All Trades","Deep Breath"],"picked":"Metamorphosis","floor":36.0},{"not_picked":["Chrysalis","Panache"],"picked":"Apotheosis","floor":36.0},{"not_picked":["Secret Weapon","Purity"],"picked":"Thinking Ahead","floor":36.0}],"player_experience":1251314,"relics_obtained":[{"floor":7.0,"key":"War Paint"},{"floor":9.0,"key":"Mercury Hourglass"},{"floor":14.0,"key":"Snake Skull"},{"floor":17.0,"key":"Nunchaku"},{"floor":17.0,"key":"Singing Bowl"},{"floor":17.0,"key":"Torii"},{"floor":23.0,"key":"Bag of Marbles"},{"floor":25.0,"key":"Dream Catcher"},{"floor":26.0,"key":"PreservedInsect"},{"floor":31.0,"key":"Tiny Chest"}],"event_choices":[{"damage_healed":0.0,"max_hp_gain":0.0,"max_hp_loss":0.0,"gold_gain":0.0,"event_name":"Liars Game","player_choice":"Ignored","floor":2.0,"gold_loss":0.0,"damage_taken":0.0},{"cards_removed":["Strike_G"],"damage_healed":0.0,"max_hp_gain":0.0,"max_hp_loss":0.0,"gold_gain":0.0,"event_name":"Living Wall","player_choice":"Forget","floor":3.0,"gold_loss":0.0,"damage_taken":0.0},{"damage_healed":0.0,"max_hp_gain":0.0,"max_hp_loss":0.0,"gold_gain":0.0,"event_name":"Scrap Ooze","player_choice":"Success","floor":8.0,"gold_loss":0.0,"damage_taken":5.0,"relics_obtained":["Akabeko"]},{"damage_healed":0.0,"max_hp_gain":0.0,"max_hp_loss":6.0,"gold_gain":0.0,"event_name":"Golden Idol","player_choice":"Lose Max HP","floor":10.0,"gold_loss":0.0,"damage_taken":0.0,"relics_obtained":["Golden Idol"]},{"damage_healed":0.0,"max_hp_gain":0.0,"max_hp_loss":0.0,"gold_gain":0.0,"event_name":"N\u0027loth","player_choice":"Traded Relic","floor":21.0,"relics_lost":["NeowsBlessing"],"gold_loss":0.0,"damage_taken":0.0,"relics_obtained":["Nloth\u0027s Gift"]},{"damage_healed":0.0,"max_hp_gain":0.0,"max_hp_loss":0.0,"gold_gain":0.0,"event_name":"Forgotten Altar","player_choice":"Gave Idol","floor":30.0,"relics_lost":["Golden Idol"],"gold_loss":0.0,"damage_taken":0.0,"relics_obtained":["Bloody Idol"]},{"damage_healed":0.0,"max_hp_gain":0.0,"max_hp_loss":0.0,"gold_gain":0.0,"event_name":"SensoryStone","player_choice":"Memory 3","floor":36.0,"gold_loss":0.0,"damage_taken":10.0}],"is_beta":false,"boss_relics":[{"not_picked":["Snecko Eye","Black Star"],"picked":"Calling Bell"},{"not_picked":["Tiny House","Sozu"],"picked":"Empty Cage"}],"items_purged_floors":[12],"is_endless":false,"potions_floor_spawned":[4,7,14,16,18,23,27,33],"killed_by":"3 Darklings","ascension_level":20}}