{"host":"mp4nw1ahnxiisuiw","time":1614285819,"event":{"mods":["AchievementEnabler","BaseMod","Better Note","Block Reminder","Colored Map","Colored Powertips","Curses Come First","DeckTracker","Dio Mod","Downfall","Hero for Fun","Highlight Path","HololiveMod","Koishi","Marisa????????","Minty Spire (QoL Compilation)","Permanent Neow","Quick Restart","Rare Cards Sparkle","Relic Sorter","Relic Stats","Remilia??????","Replay The Spire","Small Relic Pack","Spikes Relics","StSLib","Td1madao Mod","The Animator","The Bug Knight","The Senshi","Waifu the Spire","Wandering Minibosses"],"gold_per_floor":[82,82,82,98,98,98,98],"floor_reached":6,"language":"ENG","playtime":213,"items_purged":[],"score":39,"play_id":"95310413-ba19-45f4-8077-2176e1a5a60e","local_time":"20210225214339","is_ascension_mode":true,"campfire_choices":[],"circlet_count":0,"master_deck":["Hololive_Strike","Hololive_Strike","Hololive_Defend","Hololive_Defend","Hololive_Psychosis","Hololive_CallCivia","Hololive_CallAZKi","Hololive_CallDoris","Hololive_CallAmaneKanata","Hololive_CallArtia","Hololive_CallYuzukiChoco","Hololive_CallYuzukiChoco"],"relics":["Hololive_TheStar","relicPack:DSword"],"acts_visited":["Exordium"],"potions_floor_usage":[6],"damage_taken":[{"damage":0,"enemies":"Small Slimes","floor":1,"turns":4},{"damage":0,"enemies":"2 Louse","floor":4,"turns":3},{"damage":9,"enemies":"3 Sentries","floor":6,"turns":5}],"seed_played":"1039687245845429798","potions_obtained":[{"floor":4,"key":"champ:CounterPotion"}],"is_trial":false,"path_per_floor":["M","?","$","M","?","E"],"character_chosen":"Hololive_HololiveCharacter","items_purchased":[],"campfire_rested":0,"item_purchase_floors":[],"current_hp_per_floor":[40,5,5,5,5,0,0],"gold":98,"neow_bonus":"RANDOM_EVENT","is_daily":false,"chose_seed":false,"campfire_upgraded":0,"win_rate":0.0,"timestamp":1614285819,"path_taken":["M","?","$","M","?","E"],"items_purchased_type":[],"build_version":"2020-12-22","purchased_purges":0,"victory":false,"max_hp_per_floor":[40,40,40,40,40,40,40],"relic_stats":{"counters":[3,12],"obtain_stats":[{"relicPack:DSword":2,"Hololive_TheStar":0},{"relicPack:DSword":1,"Hololive_TheStar":0},{"relicPack:DSword":4,"Hololive_TheStar":0}]},"card_choices":[{"not_picked":["Hololive_CocoNews","Hololive_Sequa","Hololive_Drill"],"picked":"Hololive_CallYuzukiChoco","floor":1},{"not_picked":["Hololive_CallArtia","Hololive_LuckPotion","Hololive_CallAkiRosenthal"],"picked":"Hololive_CallYuzukiChoco","floor":4}],"player_experience":143261,"relics_obtained":[],"event_choices":[{"damage_healed":0,"gold_gain":0,"player_choice":"Donut","damage_taken":0,"max_hp_gain":5,"max_hp_loss":0,"event_name":"Big Fish","floor":0,"gold_loss":0},{"damage_healed":0,"gold_gain":0,"player_choice":"Ignored","damage_taken":0,"max_hp_gain":0,"max_hp_loss":0,"event_name":"Shining Light","floor":5,"gold_loss":0}],"is_beta":false,"boss_relics":[],"items_purged_floors":[],"is_endless":false,"potions_floor_spawned":[4],"killed_by":"3 Sentries","ascension_level":3}}