{"host":"xb2tau8pgi8aflss","time":1614258476,"event":{"mods":["AchievementEnabler","BaseMod","Hermit","Minty Spire (QoL Compilation)","StSLib","SuperFastMode"],"gold_per_floor":[119,119,119,0,14,46,56,85,85,166,186,217,230,249,249,249,249],"floor_reached":16,"language":"KOR","playtime":567,"items_purged":[],"score":184,"play_id":"503a59a5-963c-498c-9585-889564b34f98","local_time":"20210225220756","is_ascension_mode":true,"campfire_choices":[{"data":"hermit:Coalescence","floor":15,"key":"SMITH"}],"circlet_count":0,"master_deck":["hermit:Strike_Hermit","hermit:Strike_Hermit","hermit:Strike_Hermit+1","hermit:Strike_Hermit","hermit:Defend_Hermit","hermit:Defend_Hermit+1","hermit:Defend_Hermit","hermit:Defend_Hermit","hermit:Snapshot","hermit:Covet","hermit:Misfire","Regret","hermit:Manifest","hermit:Spite","hermit:Coalescence+1","hermit:LowProfile","hermit:SprayPray","hermit:Virtue","hermit:Gestalt"],"relics":["hermit:Momento","NeowsBlessing","Mercury Hourglass","Eternal Feather","hermit:RedScarf","Bottled Lightning","Mummified Hand","Ancient Tea Set"],"acts_visited":["Exordium"],"potions_floor_usage":[12,12],"damage_taken":[{"damage":0,"enemies":"Cultist","floor":1,"turns":1},{"damage":0,"enemies":"Small Slimes","floor":5,"turns":1},{"damage":0,"enemies":"Gremlin Nob","floor":6,"turns":1},{"damage":4,"enemies":"Jaw Worm","floor":7,"turns":2},{"damage":7,"enemies":"3 Sentries","floor":8,"turns":7},{"damage":1,"enemies":"Red Slaver","floor":11,"turns":2},{"damage":1,"enemies":"Gremlin Nob","floor":12,"turns":3},{"damage":0,"enemies":"Exordium Wildlife","floor":13,"turns":3},{"damage":9,"enemies":"Looter","floor":14,"turns":3},{"damage":55,"enemies":"The Guardian","floor":16,"turns":16}],"seed_played":"2268995894093976810","potions_obtained":[{"floor":5,"key":"SkillPotion"},{"floor":11,"key":"CultistPotion"},{"floor":12,"key":"Fruit Juice"},{"floor":14,"key":"Energy Potion"}],"is_trial":false,"path_per_floor":["M","?","?","$","M","E","M","E","T","T","M","E","M","M","R","B"],"character_chosen":"HERMIT","items_purchased":["hermit:Manifest","hermit:Spite"],"campfire_rested":0,"item_purchase_floors":[4,4],"current_hp_per_floor":[75,60,60,60,60,60,56,49,49,49,48,52,52,43,52,0,0],"gold":249,"neow_bonus":"THREE_ENEMY_KILL","is_daily":false,"chose_seed":false,"campfire_upgraded":1,"win_rate":0.0,"timestamp":1614258476,"path_taken":["M","?","?","$","M","E","M","E","T","?","?","E","M","M","R","BOSS"],"items_purchased_type":["Card","Card"],"build_version":"2020-12-22","purchased_purges":0,"victory":false,"max_hp_per_floor":[75,75,75,75,75,75,75,75,75,75,75,80,80,80,80,80,80],"card_choices":[{"not_picked":["hermit:Manifest","hermit:Horror"],"picked":"hermit:Misfire","floor":1},{"not_picked":["hermit:Misfire","hermit:Manifest"],"picked":"hermit:Coalescence","floor":5},{"not_picked":["hermit:EyeOfTheStorm","hermit:Headshot"],"picked":"hermit:LowProfile","floor":6},{"not_picked":["hermit:Gambit","hermit:ItchyTrigger","hermit:Dive"],"picked":"SKIP","floor":7},{"not_picked":["hermit:Dive","hermit:HighCaliber","hermit:HoleUp"],"picked":"SKIP","floor":8},{"not_picked":["hermit:GhostlyPresence","hermit:Quickdraw"],"picked":"hermit:SprayPray","floor":11},{"not_picked":["hermit:HighCaliber","hermit:HoleUp","hermit:Quickdraw"],"picked":"SKIP","floor":12},{"not_picked":["hermit:Gambit","hermit:Determination"],"picked":"hermit:Virtue","floor":13},{"not_picked":["hermit:Deadeye","hermit:Headshot"],"picked":"hermit:Gestalt","floor":14}],"player_experience":857295,"relics_obtained":[{"floor":6,"key":"Eternal Feather"},{"floor":8,"key":"hermit:RedScarf"},{"floor":9,"key":"Bottled Lightning"},{"floor":10,"key":"Mummified Hand"},{"floor":12,"key":"Ancient Tea Set"}],"event_choices":[{"damage_healed":0,"gold_gain":0,"player_choice":"Entered Light","damage_taken":15,"max_hp_gain":0,"max_hp_loss":0,"event_name":"Shining Light","floor":2,"gold_loss":0,"cards_upgraded":["hermit:Strike_Hermit","hermit:Defend_Hermit"]},{"damage_healed":0,"gold_gain":0,"player_choice":"Box","damage_taken":0,"relics_obtained":["Mercury Hourglass"],"max_hp_gain":0,"max_hp_loss":0,"event_name":"Big Fish","floor":3,"gold_loss":0,"cards_obtained":["Regret"]}],"is_beta":false,"boss_relics":[],"items_purged_floors":[],"is_endless":false,"potions_floor_spawned":[5,11,12,14],"killed_by":"The Guardian","ascension_level":5}}