{"host":"5ueuk67tsx07ylcu","time":1614284121,"event":{"mods":["BaseMod","Colored Map","Colored Powertips","Downfall","Duelist Mod","GifTheSpireLib","Hermit","Infinite Spire","Lobotomy","Minty Spire (QoL Compilation)","StSLib","The Animator"],"gold_per_floor":[114,126,51,51,69,99,117,144,144,144,161,181,201,227,227,327,327,338,348,368,388,398,398,423,441,441,441,441,441],"floor_reached":28,"language":"ENG","playtime":2011,"items_purged":["Defend_R"],"score":279,"play_id":"36990efe-b0eb-47b9-b9ca-f44f34f6eb12","local_time":"20210225151521","is_ascension_mode":true,"campfire_choices":[{"floor":10,"key":"REST"},{"floor":15,"key":"REST"},{"floor":23,"key":"RECALL"}],"circlet_count":0,"master_deck":["Strike_R","Strike_R","Strike_R","Strike_R","Defend_R","Defend_R","Defend_R","Bash","Evolve","Spot Weakness","Offering","Dropkick","Warcry","Shrug It Off","Flame Barrier","Reckless Charge","Second Wind","Offering","Infernal Blade","Bludgeon","Rupture","Barricade","Sword Boomerang","infinitespire:OneForAll","Immolate","Power Through","Body Slam","Clothesline+1"],"relics":["Burning Blood","Bag of Preparation","Dream Catcher","TungstenRod","Mango","Ice Cream","Mark of Pain","Omamori"],"acts_visited":["Exordium","TheCity"],"potions_floor_usage":[6,8,14,16,18,22,24],"damage_taken":[{"damage":0,"enemies":"2 Louse","floor":1,"turns":4},{"damage":6,"enemies":"Cultist","floor":2,"turns":4},{"damage":17,"enemies":"Jaw Worm","floor":5,"turns":2},{"damage":23,"enemies":"3 Sentries","floor":6,"turns":5},{"damage":21,"enemies":"2 Fungi Beasts","floor":7,"turns":3},{"damage":33,"enemies":"Gremlin Nob","floor":8,"turns":4},{"damage":23,"enemies":"Gremlin Gang","floor":11,"turns":4},{"damage":6,"enemies":"Looter","floor":12,"turns":2},{"damage":7,"enemies":"Large Slime","floor":13,"turns":5},{"damage":13,"enemies":"3 Sentries","floor":14,"turns":6},{"damage":30,"enemies":"Hexaghost","floor":16,"turns":9},{"damage":6,"enemies":"3 Byrds","floor":18,"turns":6},{"damage":16,"enemies":"Spheric Guardian","floor":19,"turns":4},{"damage":35,"enemies":"Snake Plant","floor":20,"turns":5},{"damage":22,"enemies":"Centurion and Healer","floor":21,"turns":5},{"damage":6,"enemies":"Snecko","floor":22,"turns":4},{"damage":7,"enemies":"theDuelist:KaibaA2","floor":24,"turns":3},{"damage":29,"enemies":"Cultist and Chosen","floor":25,"turns":6},{"damage":19,"enemies":"Slavers","floor":28,"turns":2}],"seed_played":"4040046090580828167","potions_obtained":[{"floor":5,"key":"Energy Potion"},{"floor":7,"key":"SteroidPotion"},{"floor":8,"key":"Ancient Potion"},{"floor":14,"key":"Strength Potion"},{"floor":16,"key":"SteroidPotion"},{"floor":21,"key":"SteroidPotion"},{"floor":22,"key":"Weak Potion"}],"is_trial":false,"path_per_floor":["M","M","$","?","M","E","M","E","T","R","M","M","M","E","R","B",null,"M","M","M","M","M","R","E","M","T","?","E"],"character_chosen":"IRONCLAD","items_purchased":[],"campfire_rested":2,"item_purchase_floors":[],"current_hp_per_floor":[80,80,80,80,69,52,37,10,24,52,35,35,34,27,55,31,94,94,84,55,39,39,39,38,15,15,15,0,0],"gold":441,"neow_bonus":"RANDOM_COMMON_RELIC","is_daily":false,"chose_seed":false,"campfire_upgraded":0,"win_rate":0.0,"timestamp":1614284121,"path_taken":["M","M","$","?","?","E","M","E","T","R","M","?","?","E","R","BOSS","M","M","?","M","M","R","E","M","T","?","E"],"items_purchased_type":[],"build_version":"2020-12-22","purchased_purges":1,"victory":false,"max_hp_per_floor":[80,80,80,80,80,80,80,80,94,94,94,94,94,94,94,94,94,94,94,94,94,94,94,94,94,94,94,94,94],"card_choices":[{"not_picked":["Warcry","Wild Strike"],"picked":"Evolve","floor":1},{"not_picked":["Clash","Warcry"],"picked":"Spot Weakness","floor":2},{"not_picked":["True Grit","Havoc"],"picked":"Dropkick","floor":5},{"not_picked":["Flex","Headbutt"],"picked":"Warcry","floor":6},{"not_picked":["Flex","Clash"],"picked":"Shrug It Off","floor":7},{"not_picked":["Carnage","Feel No Pain"],"picked":"Flame Barrier","floor":8},{"not_picked":["Flame Barrier","Warcry"],"picked":"Reckless Charge","floor":10},{"not_picked":["True Grit","Wild Strike"],"picked":"Second Wind","floor":11},{"not_picked":["True Grit","Shrug It Off"],"picked":"Offering","floor":12},{"not_picked":["Heavy Blade","Anger"],"picked":"Infernal Blade","floor":13},{"not_picked":["Searing Blow","Twin Strike"],"picked":"Bludgeon","floor":14},{"not_picked":["Wild Strike","Cleave"],"picked":"Rupture","floor":15},{"not_picked":["Feed","Demon Form"],"picked":"Barricade","floor":16},{"not_picked":["Pommel Strike","Reckless Charge"],"picked":"Sword Boomerang","floor":18},{"not_picked":["Armaments+1","True Grit+1"],"picked":"infinitespire:OneForAll","floor":19},{"not_picked":["Clothesline","Uppercut"],"picked":"Immolate","floor":20},{"not_picked":["Iron Wave","Warcry"],"picked":"Power Through","floor":21},{"not_picked":["Thunderclap","Dark Embrace"],"picked":"Body Slam","floor":22},{"not_picked":["Armaments+1","Blood for Blood","Headbutt"],"picked":"SKIP","floor":24},{"not_picked":["Anger","Twin Strike"],"picked":"Clothesline+1","floor":25}],"player_experience":324017,"relics_obtained":[{"floor":6,"key":"Dream Catcher"},{"floor":8,"key":"TungstenRod"},{"floor":9,"key":"Mango"},{"floor":14,"key":"Ice Cream"},{"floor":24,"key":"Omamori"}],"event_choices":[{"damage_healed":0,"gold_gain":0,"player_choice":"1 cards matched","damage_taken":0,"max_hp_gain":0,"max_hp_loss":0,"event_name":"Match and Keep!","floor":4,"gold_loss":0,"cards_obtained":["Offering"]},{"cards_removed":["Strike_R"],"damage_healed":0,"gold_gain":0,"player_choice":"Elegance","damage_taken":0,"max_hp_gain":0,"max_hp_loss":0,"event_name":"Back to Basics","floor":27,"gold_loss":0}],"is_beta":false,"boss_relics":[{"not_picked":["Tiny House","Runic Dome"],"picked":"Mark of Pain"}],"items_purged_floors":[3],"is_endless":false,"potions_floor_spawned":[5,7,8,14,16,21,22],"killed_by":"Slavers","ascension_level":1}}