{"host":"6r9t33axn0fzb9aq","time":1614289103,"event":{"mods":["Aspiration","BaseMod","Better Altar","Better Match","Better Note","Better Third Choice","Bossed Relics","CatGirl Mod","Clockwork Mod","Colored Map","Colored Powertips","Conspire","Curses Come First","Custom Start","Energized Spire","Halation","Hubris","Infinite Spire","Koishi","Marisa????????","Minty Spire (QoL Compilation)","Onozuka Komachi Mod","Poor People Problems","Reliquary","Remilia??????","Replay The Spire","Reworked Bosses","Shade Mod","Spicy Shops","Spire Arcade","StSLib","The Administrix","The Blackbeard","The Bladedancer","The Blue Laboratory","The Cursed","The Death Knight","The Hierophant","The Marked","The Necromancer","The Servant 0.9.4","TheHero","Trackpad","Waifu the Spire","Wandering Minibosses"],"gold_per_floor":[111,111,125,135,152,152,178,192,192,192,218,218,218,232,232,334,334,334,334],"floor_reached":18,"language":"ENG","playtime":1855,"items_purged":[],"score":222,"play_id":"74d3f674-524a-416f-9072-b7d22d2e59f0","local_time":"20210225213823","is_ascension_mode":false,"campfire_choices":[{"data":"AdministrixMod:ImmortalPurity","floor":6,"key":"SMITH"},{"floor":13,"key":"REST"},{"floor":15,"key":"REST"}],"circlet_count":0,"master_deck":["AdministrixMod:Strike_Administrix","AdministrixMod:Strike_Administrix","AdministrixMod:Strike_Administrix","AdministrixMod:Strike_Administrix","AdministrixMod:RedCloak","AdministrixMod:Defend_Administrix","AdministrixMod:Defend_Administrix","AdministrixMod:Defend_Administrix","AdministrixMod:Defend_Administrix","AdministrixMod:BlueCloak","AdministrixMod:Transition","AdministrixMod:ImmortalPurity+1","AdministrixMod:PassageOfAges+1","AdministrixMod:HarmonicReverence","AdministrixMod:ImmortalPurity","AdministrixMod:BrewingCloister"],"relics":["AdministrixMod:ConductorRitualBaton","AdministrixMod:CrackedTaijitu","aspiration:StickyExplosives_weak","hubris:Towel","Girya","conspire:RoyalGoblet"],"acts_visited":["Exordium","TheCity"],"potions_floor_usage":[5,8],"damage_taken":[{"damage":0,"enemies":"Small Slimes","floor":1,"turns":4},{"damage":0,"enemies":"2 Louse","floor":3,"turns":4},{"damage":0,"enemies":"conspire:RoseBush","floor":4,"turns":5},{"damage":0,"enemies":"Looter","floor":5,"turns":4},{"damage":43,"enemies":"3 Sentries","floor":7,"turns":17},{"damage":0,"enemies":"Gremlin Gang","floor":8,"turns":4},{"damage":11,"enemies":"Gremlin Nob","floor":11,"turns":4},{"damage":13,"enemies":"Lots of Slimes","floor":14,"turns":2},{"damage":0,"enemies":"Fading Forest","floor":16,"turns":11},{"damage":16,"enemies":"Shell Parasite","floor":18,"turns":5}],"seed_played":"1257050786875221037","potions_obtained":[{"floor":3,"key":"Swift Potion"},{"floor":7,"key":"blueLaboratory:FruitPunch"},{"floor":8,"key":"Ancient Potion"}],"is_trial":false,"path_per_floor":["M","?","M","M","M","R","E","M","T","?","E","?","R","M","R","B",null,"M"],"character_chosen":"TheAdministrix","items_purchased":[],"campfire_rested":2,"item_purchase_floors":[],"current_hp_per_floor":[71,76,76,76,76,76,33,35,35,35,24,24,47,34,57,57,78,62,62],"gold":334,"neow_bonus":"TEN_PERCENT_HP_BONUS","is_daily":false,"chose_seed":false,"campfire_upgraded":1,"win_rate":0.0,"timestamp":1614289103,"path_taken":["M","?","M","M","M","R","E","M","T","?","E","?","R","M","R","BOSS","M"],"items_purchased_type":[],"build_version":"2020-12-22","purchased_purges":0,"victory":false,"max_hp_per_floor":[71,76,76,76,76,76,76,78,78,78,78,78,78,78,78,78,78,78,78],"card_choices":[{"not_picked":["AdministrixMod:RebukeDesires","AdministrixMod:ReachToHeaven"],"picked":"AdministrixMod:Transition","floor":1},{"not_picked":["AdministrixMod:LightOfYourLife","AdministrixMod:WickedPunishment"],"picked":"AdministrixMod:ImmortalPurity","floor":3},{"not_picked":["AdministrixMod:NoblePath","AdministrixMod:CenturiesAscent","AdministrixMod:CastOffRegrets"],"picked":"SKIP","floor":4},{"not_picked":["AdministrixMod:TrickOfTheLight","AdministrixMod:LightOfYourLife","AdministrixMod:SyncreticPlunge"],"picked":"SKIP","floor":5},{"not_picked":["AdministrixMod:PlateOfAntiquity","AdministrixMod:DiversionaryTactic"],"picked":"AdministrixMod:PassageOfAges","floor":7},{"not_picked":["AdministrixMod:Metempsychosis","AdministrixMod:Untouchable"],"picked":"AdministrixMod:HarmonicReverence","floor":8},{"not_picked":["AdministrixMod:TouchOfCinnabar","AdministrixMod:CenturiesAscent","AdministrixMod:JustRewards"],"picked":"SKIP","floor":11},{"not_picked":["AdministrixMod:Transition","AdministrixMod:JustRewards"],"picked":"AdministrixMod:ImmortalPurity","floor":14},{"not_picked":["AdministrixMod:LifeforceNet","AdministrixMod:Mastermind"],"picked":"AdministrixMod:BrewingCloister","floor":16}],"player_experience":498137,"relics_obtained":[{"floor":7,"key":"AdministrixMod:CrackedTaijitu"},{"floor":9,"key":"aspiration:StickyExplosives_weak"},{"floor":11,"key":"Girya"}],"event_choices":[{"damage_healed":0,"gold_gain":0,"player_choice":"Donut","damage_taken":0,"max_hp_gain":5,"max_hp_loss":0,"event_name":"Big Fish","floor":2,"gold_loss":0}],"is_beta":false,"boss_relics":[{"not_picked":["Abe\u0027s Treasure","hubris:RunicObelisk"],"picked":"conspire:RoyalGoblet"}],"items_purged_floors":[],"is_endless":false,"potions_floor_spawned":[3,7,8],"killed_by":"Shell Parasite","ascension_level":0}}