{"host":"1q3j0ei39r3fhrcd","time":1614273847,"event":{"mods":["2.2 Compatiblity","Astrologer","Bard","Bartender","BaseMod","Beaked The Cultist","Better Note","Better Skull","Better Third Choice","BetterRewards","Challenge The Spire","Clockwork Mod","Conspire","Dio Mod","Downfall","Duelist Mod","Gremlin Mod","GungeonMod","Hermit","Hubris","Infinite Spire","Jorbs\u0027s Wanderer Trilogy","Marisa????????","Minty Spire (QoL Compilation)","Replay The Spire","Robot Space Explorer","SIMod","Shop Mod","Somnambulant","Spicy Shops","Spire Arcade","StSLib","The Blackbeard","The Bug Knight","The Clintock","The Construct","The Cursed","The Death Knight","The Disciple","The Dragon Tamer","The Druid","The Forsaken","The Hierophant","The Judge","The Mystic","The Necromancer","The Runesmith","The Sage","The Servant 0.9.4","The Showman","The Valiant","The Vixen","The Wild Card","The Witch","TheFirefly","Yuri Mod","[IsaacMod]????","thorton"],"gold_per_floor":[116,129,48,61,111,111,166,191,214,233,85,128,128,153,153,266,266,288,45,86,112,112,112,134,77,104,125,145,145,182,182,182,342,342,379,402,450,457,498,498,291,328,355,355,411,445,445,97,97,155,155],"floor_reached":50,"language":"ENG","playtime":6001,"items_purged":["TheVixenMod:Strike_TheVixen","TheVixenMod:Defend_TheVixen","TheVixenMod:Strike_TheVixen"],"score":621,"play_id":"555c353a-af5a-4552-975d-6316ef79fcbe","local_time":"20210225182407","is_ascension_mode":false,"campfire_choices":[{"data":"TheVixenMod:Psychic","floor":6,"key":"SMITH"},{"data":"TheVixenMod:Moody","floor":15,"key":"SMITH"},{"data":"TheVixenMod:FireSpin","floor":23,"key":"SMITH"},{"data":"TheVixenMod:Copycat","floor":29,"key":"SMITH"},{"data":"TheVixenMod:Guts","floor":32,"key":"SMITH"},{"data":"hubris:Fate","floor":40,"key":"SMITH"},{"floor":44,"key":"REST"},{"data":"TheVixenMod:ClearSky","floor":47,"key":"SMITH"},{"data":"TheVixenMod:FutureSight","floor":49,"key":"SMITH"}],"circlet_count":0,"master_deck":["TheVixenMod:Strike_TheVixen","TheVixenMod:Strike_TheVixen","TheVixenMod:Defend_TheVixen","TheVixenMod:Defend_TheVixen","TheVixenMod:Defend_TheVixen","TheVixenMod:SunnyDay","TheVixenMod:Ember","TheVixenMod:Curse","TheVixenMod:Blaze","TheVixenMod:Psychic+1","TheVixenMod:Extrasensory","TheVixenMod:FireSpin+1","TheVixenMod:Swagger","TheVixenMod:Amnesia","TheVixenMod:Moody+1","TheVixenMod:Guts+1","TheVixenMod:Feint","TheVixenMod:PerishSong","TheVixenMod:TrickRoom","TheVixenMod:FutureSight+1","TheVixenMod:Telepathy+1","TheVixenMod:Copycat+1","TheVixenMod:Overheat","TheVixenMod:ClearSky+1","hubris:Fate+1","TheVixenMod:DoubleTeam","TheVixenMod:Defiant","TheVixenMod:MindReader+1","TheVixenMod:FlameBody","TheVixenMod:Copycat","TheVixenMod:Copycat"],"relics":["TheVixenMod:BurningStick","HushsDoor","YumHeart","Blue Candle","SalivaCoin","DemoMod:JetPack","TheVixenMod:Synchronize","Letter Opener","Regal Pillow","ChewingGum","Chemical X","Replay:Bandana","conspire:DeflatedDodgeball","hubris:Backtick","theDuelist:GraveToken","ReplayTheSpireMod:Ninjato","Bag of Preparation"],"acts_visited":["Exordium","TheCity","TheBeyond"],"potions_floor_usage":[5,10,16,16,16,27,27,27,36,50],"damage_taken":[{"damage":0,"enemies":"Small Slimes","floor":1,"turns":4},{"damage":0,"enemies":"Cultist","floor":2,"turns":4},{"damage":6,"enemies":"infinitespire:Voidling","floor":4,"turns":5},{"damage":10,"enemies":"Hiden Room Battle","floor":5,"turns":2},{"damage":32,"enemies":"Lagavulin","floor":7,"turns":8},{"damage":5,"enemies":"Looter","floor":8,"turns":2},{"damage":0,"enemies":"Exordium Wildlife","floor":10,"turns":3},{"damage":19,"enemies":"HollowMod:MossKnight","floor":12,"turns":9},{"damage":0,"enemies":"3 Sentries","floor":14,"turns":1},{"damage":2,"enemies":"Slime Boss","floor":16,"turns":6},{"damage":1,"enemies":"3 Byrds","floor":18,"turns":5},{"damage":14,"enemies":"3 Cultists","floor":20,"turns":5},{"damage":13,"enemies":"Snake Plant","floor":21,"turns":4},{"damage":10,"enemies":"Snecko","floor":24,"turns":3},{"damage":0,"enemies":"Centurion and Healer","floor":27,"turns":6},{"damage":0,"enemies":"Chosen and Byrds","floor":28,"turns":4},{"damage":0,"enemies":"Cultist and Chosen","floor":30,"turns":3},{"damage":24,"enemies":"hubris:MusketHawk","floor":33,"turns":7},{"damage":5,"enemies":"3 Darklings","floor":35,"turns":3},{"damage":0,"enemies":"Orb Walker","floor":36,"turns":4},{"damage":35,"enemies":"Jaw Worm Horde","floor":37,"turns":5},{"damage":0,"enemies":"Maw","floor":39,"turns":8},{"damage":9,"enemies":"R_Hoarder","floor":42,"turns":3},{"damage":22,"enemies":"Sphere and 2 Shapes","floor":45,"turns":5},{"damage":15,"enemies":"Spire Growth","floor":46,"turns":6},{"damage":66,"enemies":"Donu and Deca","floor":50,"turns":6}],"seed_played":"7847824145172297248","potions_obtained":[{"floor":4,"key":"SkillPotion"},{"floor":5,"key":"infinitespire:BlackPotion"},{"floor":8,"key":"sneckomod:MuddlingPotion"},{"floor":10,"key":"SpeedPotion"},{"floor":14,"key":"PowerPotion"},{"floor":20,"key":"Swift Potion"},{"floor":21,"key":"Guardian:BlockOnCardUsePotion"},{"floor":24,"key":"LifebloodPotion"},{"floor":33,"key":"sagemod:Wine"},{"floor":35,"key":"Block Potion"},{"floor":36,"key":"SpeedPotion"},{"floor":39,"key":"AttackPotion"},{"floor":45,"key":"bronze:BurnAndBuffPotion"}],"is_trial":false,"path_per_floor":["M","M","$","M","?","R","E","M","T","M","$","E","?","E","R","B",null,"M","$","M","M","?","R","M","$","T","M","M","R","M","AVR","R","B",null,"M","M","M","?","M","R","$","E","T","R","M","M","R","$","R","B"],"character_chosen":"THE_VIXEN","items_purchased":["TheVixenMod:Blaze","TheVixenMod:Amnesia","Chemical X","TheVixenMod:Telepathy+1","TheVixenMod:Defiant","TheVixenMod:FlameBody","TheVixenMod:Copycat"],"campfire_rested":1,"item_purchase_floors":[3,11,19,25,41,48,48],"current_hp_per_floor":[77,77,77,75,75,75,43,38,38,38,38,44,56,56,56,54,77,76,76,62,74,74,74,64,64,64,64,64,64,64,64,64,40,77,72,72,62,43,43,43,43,34,34,72,50,60,60,60,60,0,0],"gold":155,"neow_bonus":"TEN_PERCENT_HP_BONUS","is_daily":false,"chose_seed":false,"campfire_upgraded":8,"win_rate":0.0,"timestamp":1614273847,"path_taken":["M","M","$","M","?","R","E","?","T","M","$","E","?","E","R","BOSS","M","$","M","M","?","R","M","$","T","M","M","R","M","AVR","R","BOSS","M","M","M","?","M","R","$","E","T","R","M","M","R","$","R","BOSS"],"items_purchased_type":["Card","Card","Relic","Card","Card","Card","Card"],"build_version":"2020-12-22","purchased_purges":3,"victory":false,"max_hp_per_floor":[77,77,77,77,77,77,77,77,77,77,77,77,77,77,77,77,77,77,77,77,77,77,77,77,77,77,77,77,77,77,77,77,77,77,77,77,77,77,77,77,77,77,77,77,77,77,77,77,77,77,77],"card_choices":[{"not_picked":["TheVixenMod:FlareBlitz","TheVixenMod:LavaPlume"],"picked":"Bomb","floor":1},{"not_picked":["TheVixenMod:FlareBlitz","TheVixenMod:FlameBurst"],"picked":"TheVixenMod:Curse","floor":2},{"not_picked":["TheVixenMod:ShadowBall","TheVixenMod:Analytic"],"picked":"TheVixenMod:Psychic","floor":4},{"not_picked":["TheVixenMod:FirePledge","TheVixenMod:Blaze"],"picked":"TheVixenMod:Extrasensory","floor":5},{"not_picked":["TheVixenMod:Spite","Bomb"],"picked":"TheVixenMod:FireSpin","floor":7},{"not_picked":["TheVixenMod:CADC","TheVixenMod:Confusion"],"picked":"TheVixenMod:Swagger","floor":8},{"not_picked":["TheVixenMod:Overheat","TheVixenMod:Agility"],"picked":"Bomb","floor":10},{"not_picked":["TheVixenMod:MagicCoat","TheVixenMod:Facade"],"picked":"TheVixenMod:Moody","floor":12},{"not_picked":["TheVixenMod:CADC","TheVixenMod:Curse","TheVixenMod:FlameBurst"],"picked":"SKIP","floor":14},{"not_picked":["TheVixenMod:BurnUp","TheVixenMod:MysticalFire"],"picked":"TheVixenMod:Guts","floor":16},{"not_picked":["TheVixenMod:Extrasensory+1","TheVixenMod:FireSpin"],"picked":"TheVixenMod:Feint","floor":18},{"not_picked":["TheVixenMod:Psybeam","TheVixenMod:NastyPlot","TheVixenMod:CADC"],"picked":"SKIP","floor":20},{"not_picked":["TheVixenMod:ConfuseRay+1","TheVixenMod:MagicCoat"],"picked":"TheVixenMod:PerishSong","floor":21},{"not_picked":["TheVixenMod:TrumpCard","TheVixenMod:Swagger+1","TheVixenMod:Psybeam"],"picked":"SKIP","floor":24},{"not_picked":["TheVixenMod:Spite","TheVixenMod:DoubleTeam"],"picked":"TheVixenMod:Copycat","floor":27},{"not_picked":["TheVixenMod:FlameCharge","TheVixenMod:FireFang"],"picked":"TheVixenMod:Overheat","floor":28},{"not_picked":["TheVixenMod:Swagger","TheVixenMod:Flamethrower","TheVixenMod:TailWhip+1"],"picked":"SKIP","floor":30},{"not_picked":["TheVixenMod:Copycat","TheVixenMod:Substitute"],"picked":"TheVixenMod:ClearSky","floor":33},{"not_picked":["TheVixenMod:Extrasensory","TheVixenMod:FireFang","TheVixenMod:Blaze"],"picked":"SKIP","floor":35},{"not_picked":["TheVixenMod:FlameBurst+1","TheVixenMod:FireBlast","TheVixenMod:Overheat"],"picked":"SKIP","floor":36},{"not_picked":["TheVixenMod:HeatWave+1","TheVixenMod:Agility+1","TheVixenMod:Flamethrower+1"],"picked":"SKIP","floor":37},{"not_picked":["infinitespire:DeathsTouch","infinitespire:SealOfDarkness+"],"picked":"hubris:Fate","floor":38},{"not_picked":["TheVixenMod:FlameCharge","TheVixenMod:Facade"],"picked":"TheVixenMod:DoubleTeam","floor":39},{"not_picked":["TheVixenMod:DoubleTeam+1","TheVixenMod:Overheat","TheVixenMod:MysticalFire"],"picked":"SKIP","floor":42},{"not_picked":["TheVixenMod:Blaze","TheVixenMod:Extrasensory","TheVixenMod:TailWhip+1"],"picked":"SKIP","floor":45},{"not_picked":["TheVixenMod:HeatWave","TheVixenMod:Curse+1"],"picked":"TheVixenMod:MindReader+1","floor":46}],"player_experience":1792684,"relics_obtained":[{"floor":5,"key":"Blue Candle"},{"floor":5,"key":"SalivaCoin"},{"floor":7,"key":"DemoMod:JetPack"},{"floor":9,"key":"TheVixenMod:Synchronize"},{"floor":12,"key":"Letter Opener"},{"floor":14,"key":"Regal Pillow"},{"floor":26,"key":"Replay:Bandana"},{"floor":42,"key":"ReplayTheSpireMod:Ninjato"},{"floor":43,"key":"Bag of Preparation"}],"event_choices":[{"damage_healed":0,"gold_gain":0,"player_choice":"Fight","damage_taken":0,"max_hp_gain":0,"max_hp_loss":0,"event_name":"HidenRoomEvent","floor":5,"gold_loss":0},{"damage_healed":0,"gold_gain":0,"player_choice":"2 cards matched","damage_taken":0,"max_hp_gain":0,"max_hp_loss":0,"event_name":"Match and Keep!","floor":22,"gold_loss":0,"cards_obtained":["TheVixenMod:TrickRoom","TheVixenMod:FutureSight"]}],"is_beta":false,"boss_relics":[{"not_picked":["beaked:MawFillet","Ectoplasm"],"picked":"ChewingGum"},{"not_picked":[]},{"not_picked":["ReplayTheSpireMod:DimensionalGlitch","Replay:Ancient Bell"],"picked":"hubris:Backtick"},{"not_picked":[]}],"items_purged_floors":[11,19,31],"is_endless":false,"potions_floor_spawned":[4,5,8,10,14,20,21,24,33,35,36,39,42,45],"killed_by":"Donu and Deca","ascension_level":0}}