{"host":"en4narc5947t7k9n","time":1614253267,"event":{"mods":["AchievementEnabler","BaseMod","Colored Map","Minty Spire (QoL Compilation)","SuperFastMode"],"gold_per_floor":[110,110,129,129,148,178,178,207,207,5,80,80,255,270,270,270,270],"floor_reached":16,"language":"KOR","playtime":644,"items_purged":["Strike_R"],"score":108,"play_id":"c6d221e0-8f7e-424b-a404-82bd6574ec07","local_time":"20210225204107","is_ascension_mode":false,"campfire_choices":[{"data":"Anger","floor":7,"key":"SMITH"},{"data":"Bandage Up","floor":12,"key":"SMITH"},{"data":"Rampage","floor":15,"key":"SMITH"}],"circlet_count":0,"master_deck":["Strike_R","Strike_R","Strike_R","Defend_R","Defend_R","Defend_R","Defend_R","Bash","Armaments+1","Hemokinesis","Anger+1","Dual Wield","Feel No Pain","Bandage Up+1","Rampage+1","Doubt","Anger"],"relics":["Burning Blood","Centennial Puzzle","Bag of Preparation","Kunai"],"acts_visited":["Exordium"],"potions_floor_usage":[6,8],"damage_taken":[{"damage":3,"enemies":"Small Slimes","floor":1,"turns":3},{"damage":0,"enemies":"2 Louse","floor":3,"turns":4},{"damage":8,"enemies":"Jaw Worm","floor":5,"turns":2},{"damage":35,"enemies":"Gremlin Nob","floor":6,"turns":4},{"damage":30,"enemies":"3 Sentries","floor":8,"turns":8},{"damage":10,"enemies":"2 Fungi Beasts","floor":14,"turns":4},{"damage":32,"enemies":"The Guardian","floor":16,"turns":2}],"seed_played":"7265469507214022754","potions_obtained":[{"floor":5,"key":"ColorlessPotion"},{"floor":6,"key":"SpeedPotion"}],"is_trial":false,"path_per_floor":["M","?","M","?","M","E","R","E","T","$","?","R","?","M","R","B"],"character_chosen":"IRONCLAD","items_purchased":["Bandage Up","Rampage"],"campfire_rested":0,"item_purchase_floors":[10,10],"current_hp_per_floor":[80,73,79,79,77,48,48,24,24,24,13,13,13,15,15,0,0],"gold":270,"neow_bonus":"RANDOM_COMMON_RELIC","is_daily":false,"chose_seed":false,"campfire_upgraded":3,"win_rate":0.0,"timestamp":1614253267,"path_taken":["M","?","M","?","M","E","R","E","T","?","?","R","?","M","R","BOSS"],"items_purchased_type":["Card","Card"],"build_version":"2020-12-22","purchased_purges":1,"victory":false,"max_hp_per_floor":[80,80,80,80,80,80,80,80,80,80,80,80,80,80,80,80,80],"card_choices":[{"not_picked":["Cleave","Sever Soul"],"picked":"Armaments","floor":1},{"not_picked":["Perfected Strike","Pummel"],"picked":"Hemokinesis","floor":3},{"not_picked":["Thunderclap","Clothesline"],"picked":"Anger","floor":5},{"not_picked":["Cleave","Wild Strike"],"picked":"Dual Wield","floor":6},{"not_picked":["Whirlwind","Dropkick"],"picked":"Feel No Pain","floor":8},{"not_picked":["Armaments","Uppercut"],"picked":"Anger","floor":14}],"player_experience":217895,"relics_obtained":[{"floor":6,"key":"Bag of Preparation"},{"floor":8,"key":"Kunai"}],"event_choices":[{"cards_removed":["Strike_R"],"damage_healed":0,"gold_gain":0,"player_choice":"Card Removal","damage_taken":7,"max_hp_gain":0,"max_hp_loss":0,"event_name":"Golden Wing","floor":2,"gold_loss":0},{"damage_healed":0,"gold_gain":0,"player_choice":"Grow","damage_taken":0,"max_hp_gain":0,"max_hp_loss":0,"event_name":"Living Wall","floor":4,"gold_loss":0,"cards_upgraded":["Armaments"]},{"damage_healed":0,"gold_gain":75,"player_choice":"Gather Gold","damage_taken":11,"max_hp_gain":0,"max_hp_loss":0,"event_name":"World of Goop","floor":11,"gold_loss":0},{"damage_healed":0,"gold_gain":175,"player_choice":"AGREE","damage_taken":0,"max_hp_gain":0,"max_hp_loss":0,"event_name":"Liars Game","floor":13,"gold_loss":0,"cards_obtained":["Doubt"]}],"is_beta":false,"boss_relics":[],"items_purged_floors":[10],"is_endless":false,"potions_floor_spawned":[5,6],"killed_by":"The Guardian","ascension_level":0}}