{"host":"0rxdudjy6rylha1k","time":1614229911,"event":{"mods":["Aspiration","BaseMod","Colored Map","Colored Powertips","Downfall","Highlight Path","Hubris","Minty Spire (QoL Compilation)","StSLib"],"gold_per_floor":[99,99,99,199,49,49,128,2,31,31,16,16,34,68,84,182,182,82,98,111,128,128,155,178,10,28,28,48,48,148,61,72,176,176,176,189,199,299,314,314,341,376,388,404,414,414,414,414],"floor_reached":46,"language":"ENG","playtime":7076,"items_purged":[],"score":729,"play_id":"861c55ef-c5d5-4a48-a61c-79541b9b0f75","local_time":"20210224221151","is_ascension_mode":true,"campfire_choices":[{"floor":1.0,"key":"RECALL"},{"floor":10.0,"key":"REST"},{"data":"champ:Taunt","floor":12.0,"key":"SMITH"},{"data":"champ:ArenaPreparation","floor":18.0,"key":"SMITH"},{"floor":27,"key":"REST"},{"floor":29,"key":"REST"},{"data":"champ:EnchantCrown","floor":35,"key":"SMITH"}],"circlet_count":0,"master_deck":["champ:Strike","champ:Strike","champ:Defend","champ:Defend","champ:Defend","champ:Defend","champ:Execute+1","champ:Taunt+1","champ:Haymaker","champ:PreciseThrust","champ:PreciseThrust","champ:DefensiveStyle","champ:FlashCut+1","champ:MurderStrike","champ:Endure","champ:Circumvent","champ:ArenaPreparation+1","champ:StanceDance","champ:ShieldThrow","champ:TornadoPunch","champ:PreciseThrust","Demon Form","champ:ShieldWall+1","champ:Improvising","champ:RageSigil","champ:SwordSigil","champ:EnchantCrown+1","champ:EnGarde+1","expansioncontent:Hexaburn","expansioncontent:AwakenDeath","expansioncontent:PrepareCrush","champ:RisingSlash","champ:StanceDance+1"],"relics":["champ:ChampionCrown","downfall:HeartsMalice","Letter Opener","Matryoshka","hubris:Potato","Eternal Feather","Empty Cage","downfall:HeartBlessingRed","hubris:DisguiseKit","hubris:SlimyHat","Bronze Scales","Whetstone","downfall:GremlinWheel","Busted Crown","Toy Ornithopter","Juzu Bracelet","Strawberry"],"acts_visited":["Exordium","TheCity","TheBeyond"],"potions_floor_usage":[21,26,29,30,33,38,38,39,39,42,42,43],"damage_taken":[{"damage":0.0,"enemies":"2 Louse","floor":2.0,"turns":1.0},{"damage":0.0,"enemies":"Cultist","floor":6.0,"turns":1.0},{"damage":0.0,"enemies":"downfall:FleeingMerchant","floor":8.0,"turns":1.0},{"damage":51.0,"enemies":"Lagavulin","floor":9.0,"turns":7.0},{"damage":0.0,"enemies":"downfall:FleeingMerchant","floor":11.0,"turns":4.0},{"damage":0.0,"enemies":"Jaw Worm","floor":13.0,"turns":2.0},{"damage":26.0,"enemies":"3 Sentries","floor":14.0,"turns":10.0},{"damage":0.0,"enemies":"Exordium Thugs","floor":15.0,"turns":4.0},{"damage":3.0,"enemies":"WA_ARCHETYPE_RETAIN","floor":16.0,"turns":7.0},{"damage":3.0,"enemies":"Shell Parasite","floor":19.0,"turns":4.0},{"damage":0.0,"enemies":"Spheric Guardian","floor":20.0,"turns":3.0},{"damage":21,"enemies":"Shelled Parasite and Fungi","floor":21,"turns":8},{"damage":48,"enemies":"Slavers","floor":23,"turns":8},{"damage":0,"enemies":"downfall:FleeingMerchant","floor":25,"turns":4},{"damage":22,"enemies":"Snecko","floor":26,"turns":4},{"damage":0,"enemies":"Chosen and Byrds","floor":28,"turns":3},{"damage":0,"enemies":"Chosen and Byrds","floor":30,"turns":3},{"damage":1,"enemies":"downfall:FleeingMerchant","floor":31,"turns":4},{"damage":0,"enemies":"Centurion and Healer","floor":32,"turns":7},{"damage":22,"enemies":"SI_MIRROR_ARCHETYPE","floor":33,"turns":9},{"damage":0,"enemies":"3 Shapes","floor":36,"turns":3},{"damage":14,"enemies":"3 Darklings","floor":37,"turns":3},{"damage":1,"enemies":"downfall:LadyInBlue","floor":38,"turns":4},{"damage":21,"enemies":"Transient","floor":39,"turns":5},{"damage":108,"enemies":"Giant Head","floor":42,"turns":11},{"damage":12,"enemies":"Spire Growth","floor":43,"turns":5},{"damage":15,"enemies":"Jaw Worm Horde","floor":44,"turns":4},{"damage":11,"enemies":"Sphere and 2 Shapes","floor":45,"turns":5},{"damage":19,"enemies":"3 Darklings","floor":46,"turns":1}],"seed_played":"-7517895449259058999","potions_obtained":[{"floor":9.0,"key":"SteroidPotion"},{"floor":13.0,"key":"ColorlessPotion"},{"floor":14.0,"key":"champ:OpenerPotion"},{"floor":16.0,"key":"FearPotion"},{"floor":21,"key":"Fruit Juice"},{"floor":23,"key":"Strength Potion"},{"floor":26,"key":"Slimebound:ThreeZeroPotion"},{"floor":30,"key":"bronze:BurnAndBuffPotion"},{"floor":33,"key":"SkillPotion"},{"floor":37,"key":"Slimebound:ThreeZeroPotion"},{"floor":38,"key":"BlessingOfTheForge"},{"floor":38,"key":"Slimebound:ThreeZeroPotion"},{"floor":38,"key":"Energy Potion"},{"floor":39,"key":"Energy Potion"},{"floor":42,"key":"champ:CounterPotion"},{"floor":43,"key":"Strength Potion"}],"is_trial":false,"path_per_floor":["R","M","?","?","?","M","T","$","E","R","$","R","M","E","M","B",null,"R","M","M","M","?","E","T","$","M","R","M","R","?","$","M","B",null,"R","M","M","?","M","?","T","E","M","M","M","M"],"character_chosen":"THE_CHAMP","items_purchased":["champ:DefensiveStyle","champ:FlashCut","Whetstone","champ:RageSigil"],"campfire_rested":3,"item_purchase_floors":[8,8,25,31],"current_hp_per_floor":[81,81,74,74,100,100,100,100,59,89,99,99,99,73,73,80,95,100,97,97,76,76,28,28,28,6,48,48,96,105,104,104,105,105,105,105,101,105,99,89,89,42,35,20,9,0,0,0],"gold":414,"neow_bonus":"THREE_ENEMY_KILL","is_daily":false,"chose_seed":false,"campfire_upgraded":3,"win_rate":0.0,"timestamp":1614229911,"path_taken":["R","M","?","?","?","?","T","?","E","R","$","R","M","E","M","BOSS","R","M","M","M","?","E","T","?","M","R","?","R","?","?","M","BOSS","R","M","?","?","?","?","T","E","M","M","M","M"],"items_purchased_type":["Card","Card","Relic","Card"],"build_version":"2020-12-22","purchased_purges":0,"victory":false,"max_hp_per_floor":[90,90,90,90,100,100,100,100,100,100,100,100,100,100,100,100,100,100,100,100,100,100,100,100,100,100,100,100,105,105,105,105,105,105,105,105,105,105,105,105,105,112,112,112,112,112,112,112],"card_choices":[{"not_picked":["champ:StanceDance","champ:EndlessRage"],"picked":"champ:Haymaker","floor":2.0},{"not_picked":["champ:ShieldSigil","champ:CalledShot"],"picked":"champ:PreciseThrust","floor":6.0},{"not_picked":["champ:BringItOn","champ:ShieldSigil"],"picked":"champ:PreciseThrust","floor":8.0},{"not_picked":["champ:TornadoPunch","champ:SwordSigil"],"picked":"champ:MurderStrike","floor":9.0},{"not_picked":["champ:BerserkersShout","champ:DefensiveShout"],"picked":"champ:Endure","floor":11.0},{"not_picked":["champ:EnGarde","champ:FocusedBerserking"],"picked":"champ:Circumvent","floor":13.0},{"not_picked":["champ:PreciseThrust","champ:StanceDance"],"picked":"champ:ArenaPreparation","floor":14.0},{"not_picked":["champ:FanOfKnives","champ:Backstep"],"picked":"champ:StanceDance","floor":15.0},{"not_picked":["champ:DancingMaster","champ:LastStand"],"picked":"champ:ShieldThrow","floor":16.0},{"not_picked":["champ:PreciseThrust+1","champ:BringItOn+1"],"picked":"champ:TornadoPunch","floor":19.0},{"not_picked":["champ:EnragedBash+1","champ:AdrenalArmor","champ:BringItOn"],"picked":"SKIP","floor":20.0},{"not_picked":["champ:ShieldSlam","champ:PerfectedStrike"],"picked":"champ:PreciseThrust","floor":21},{"not_picked":["champ:TornadoPunch+1","champ:RapidStrikes+1","champ:HeartStrike"],"picked":"SKIP","floor":23},{"not_picked":["champ:PreemptiveStrike","champ:RecklessLeap","champ:DefensiveStyle"],"picked":"Demon Form","floor":25},{"not_picked":["champ:FalseCounter","champ:DefensiveShout","champ:TornadoPunch","Uppercut"],"picked":"SKIP","floor":26},{"not_picked":["champ:BerserkersShout","champ:DefensiveShout+1","Clash"],"picked":"champ:ShieldWall+1","floor":28},{"not_picked":["champ:SteelEdge","champ:BringItOn+1","Pommel Strike"],"picked":"champ:Improvising","floor":31},{"not_picked":["champ:Circumvent","champ:FocusedBerserking","Cleave"],"picked":"champ:SwordSigil","floor":32},{"not_picked":["champ:HeavySlash","champ:UltimateStance","Demon Form"],"picked":"champ:EnchantCrown","floor":33},{"not_picked":["Burning Pact"],"picked":"champ:EnGarde+1","floor":36},{"not_picked":["champ:BringItOn","Uppercut"],"picked":"SKIP","floor":37},{"not_picked":["champ:AdrenalArmor+1","hubris:ReadiedAction"],"picked":"SKIP","floor":39},{"not_picked":["expansioncontent:HyperBeam","expansioncontent:PolyBeam"],"picked":"expansioncontent:Hexaburn","floor":40},{"not_picked":["expansioncontent:PrepareCrush","expansioncontent:Hexaburn"],"picked":"expansioncontent:AwakenDeath","floor":40},{"not_picked":["expansioncontent:AwakenDeath","expansioncontent:Chronoboost"],"picked":"expansioncontent:PrepareCrush","floor":40},{"not_picked":["True Grit"],"picked":"champ:RisingSlash","floor":42},{"not_picked":["champ:PreemptiveStrike","Twin Strike"],"picked":"SKIP","floor":43},{"not_picked":["champ:BerserkersShout","Feel No Pain"],"picked":"SKIP","floor":44},{"not_picked":["Warcry"],"picked":"champ:StanceDance+1","floor":45}],"player_experience":3061310,"relics_obtained":[{"floor":7.0,"key":"Matryoshka"},{"floor":9.0,"key":"hubris:Potato"},{"floor":14.0,"key":"Eternal Feather"},{"floor":23,"key":"hubris:DisguiseKit"},{"floor":24,"key":"hubris:SlimyHat"},{"floor":24,"key":"Bronze Scales"},{"floor":30,"key":"downfall:GremlinWheel"},{"floor":38,"key":"Toy Ornithopter"},{"floor":41,"key":"Juzu Bracelet"},{"floor":42,"key":"Strawberry"}],"event_choices":[{"damage_healed":0.0,"max_hp_gain":0.0,"max_hp_loss":0.0,"gold_gain":0.0,"event_name":"Scrap Ooze","player_choice":"Success","floor":3.0,"gold_loss":0.0,"damage_taken":7.0,"relics_obtained":["Letter Opener"]}],"is_beta":false,"boss_relics":[{"not_picked":["hubris:RunicObelisk","hubris:CrackedHourglass"],"picked":"Empty Cage"},{"not_picked":["aspiration:RunicSpoon","hubris:BlackHole"],"picked":"Busted Crown"}],"items_purged_floors":[],"is_endless":false,"potions_floor_spawned":[9,13,14,16,21,23,26,30,33,37,39,42,43],"killed_by":"3 Darklings","ascension_level":8}}