{"host":"czen9m7c7ttmirt2","time":1614242040,"event":{"mods":["AchievementEnabler","Aspiration","BaseMod","Better Third Choice","Colored Map","Colored Powertips","Conspire","Hubris","Minty Spire (QoL Compilation)","Replay The Spire","StSLib"],"gold_per_floor":[113,77,90,90,90,90,130,130,183,196,235,165,165,181,181,181,181],"floor_reached":16,"language":"ENG","playtime":507,"items_purged":[],"score":130,"play_id":"bcebb729-df10-4c62-9017-0b429c813a70","local_time":"20210225023400","is_ascension_mode":true,"campfire_choices":[{"data":"ReplayTheSpireMod:Dual Polarity","floor":6,"key":"SMITH"},{"floor":8,"key":"REST"},{"floor":13,"key":"REST"},{"floor":15,"key":"REST"}],"circlet_count":0,"master_deck":["Strike_B","Strike_B","Strike_B","Strike_B","Defend_B","Defend_B","Defend_B","Defend_B","Zap","Dualcast","Rebound","Panic Button","Fusion","ReplayTheSpireMod:Dual Polarity+1","Crystallizer","Electrodynamics","Skim","Static Discharge","Defragment","FTL"],"relics":["Cracked Core","Golden Idol","Ginger","aspiration:EnhancedActuators"],"acts_visited":["Exordium"],"potions_floor_usage":[11,11],"damage_taken":[{"damage":6,"enemies":"Cultist","floor":1,"turns":3},{"damage":4,"enemies":"Small Slimes","floor":3,"turns":3},{"damage":21,"enemies":"Replay:BlueRogue","floor":7,"turns":5},{"damage":3,"enemies":"conspire:RoseBush","floor":10,"turns":2},{"damage":32,"enemies":"Lagavulin","floor":11,"turns":6},{"damage":16,"enemies":"Blue Slaver","floor":14,"turns":3},{"damage":45,"enemies":"Slime Boss","floor":16,"turns":5}],"seed_played":"5463645259162643540","potions_obtained":[{"floor":1,"key":"Reflective Coating"},{"floor":10,"key":"LifebloodPotion"}],"is_trial":false,"path_per_floor":["M","$","M","?","?","R","E","R","T","M","E","$","R","M","R","B"],"character_chosen":"DEFECT","items_purchased":["Fusion","Defragment"],"campfire_rested":3,"item_purchase_floors":[2,12],"current_hp_per_floor":[69,69,65,65,47,47,26,48,48,45,13,13,35,19,41,0,0],"gold":181,"neow_bonus":"THREE_CARDS","is_daily":false,"chose_seed":false,"campfire_upgraded":1,"win_rate":0.0,"timestamp":1614242040,"path_taken":["M","?","M","?","?","R","E","R","T","M","E","$","R","?","R","BOSS"],"items_purchased_type":["Card","Card"],"build_version":"2020-12-22","purchased_purges":0,"victory":false,"max_hp_per_floor":[75,75,75,75,75,75,75,75,75,75,75,75,75,75,75,75,75],"card_choices":[{"not_picked":["Stack","Turbo"],"picked":"Rebound","floor":0},{"not_picked":["ReplayTheSpireMod:GoodbyeWorld","Genetic Algorithm"],"picked":"Panic Button","floor":1},{"not_picked":["Cold Snap","Conserve Battery"],"picked":"ReplayTheSpireMod:Dual Polarity","floor":3},{"not_picked":["Rebound","Turbo"],"picked":"Electrodynamics","floor":7},{"not_picked":["Coolheaded","Fusion"],"picked":"Skim","floor":10},{"not_picked":["ReplaySort","Turbo"],"picked":"Static Discharge","floor":11},{"not_picked":["Panic Button","Static Discharge"],"picked":"FTL","floor":14}],"player_experience":225548,"relics_obtained":[{"floor":7,"key":"Ginger"},{"floor":11,"key":"aspiration:EnhancedActuators"}],"event_choices":[{"damage_healed":0,"gold_gain":0,"player_choice":"Take Damage","damage_taken":18,"relics_obtained":["Golden Idol"],"max_hp_gain":0,"max_hp_loss":0,"event_name":"Golden Idol","floor":5,"gold_loss":0}],"is_beta":false,"boss_relics":[],"items_purged_floors":[],"is_endless":false,"potions_floor_spawned":[1,10],"killed_by":"Slime Boss","ascension_level":4}}