{"host":"338bkdl2yirdp2ct","time":1614250687,"event":{"mods":["AchievementEnabler","BaseMod","Colored Powertips","Highlight Path","Minty Spire (QoL Compilation)","Quick Restart","Relic Sorter","Unceasing Turn Reminder","slay the spire mod where everything is the same but ironclad has a cowboy hat"],"gold_per_floor":[114,129,304,304,254,292,67,67,67,67,105,124,143,162,162,287,287,306,306,306,306,13,60,60,88,88,147,178,76,76,104,104,104,104],"floor_reached":33,"language":"ENG","playtime":839,"items_purged":[],"score":518,"play_id":"6c42b3f5-7c71-41c0-8ee3-a9fa73181c3b","local_time":"20210225025807","daily_mods":["Insanity","Colorless Cards","Night Terrors"],"is_ascension_mode":false,"campfire_choices":[{"data":"Scrape","floor":8,"key":"SMITH"},{"data":"1","floor":10,"key":"LIFT"},{"data":"Mind Blast","floor":15,"key":"SMITH"},{"data":"RitualDagger","floor":24,"key":"SMITH"},{"data":"Mind Blast","floor":32,"key":"SMITH"}],"circlet_count":0,"master_deck":["Streamline","Hologram","Redo","Ball Lightning","Leap","Gash","Barrage","Hello World","Blizzard","Undo","Turbo","Bandage Up","Streamline","BootSequence","Glacier","Stack","Gash","Ball Lightning","Turbo","Gash","Turbo","Beam Cell","Trip","Redo","Jack Of All Trades","Ball Lightning","Coolheaded","Hologram","Leap","Doom and Gloom","Hologram","Coolheaded","Ball Lightning","Rebound","Self Repair","Streamline","Skim","Loop","Blizzard","Mind Blast+1","Barrage","Beam Cell","Rebound","Streamline","Static Discharge","FTL","Scrape+1","Loop","Streamline","Gash","Beam Cell","Hello World","Go for the Eyes","Loop","Coolheaded","Creative AI","Dark Shackles","RitualDagger+1","Defragment","Streamline+1","BootSequence","Coolheaded","Coolheaded","Good Instincts","Loop","Beam Cell","Hologram","Mind Blast+1","Aggregate"],"relics":["Cracked Core","Golden Idol","Girya","Membership Card","Bronze Scales","Pantograph","MealTicket","Calling Bell","Centennial Puzzle","Matryoshka","TungstenRod","MutagenicStrength","Orrery","Ornamental Fan","CeramicFish","Oddly Smooth Stone","MawBank","Pear","Potion Belt","Runic Capacitor"],"acts_visited":["Exordium","TheCity"],"potions_floor_usage":[6,16,16,16,23],"damage_taken":[{"damage":0,"enemies":"2 Louse","floor":1,"turns":1},{"damage":0,"enemies":"Small Slimes","floor":2,"turns":1},{"damage":16,"enemies":"3 Sentries","floor":6,"turns":5},{"damage":18,"enemies":"Lagavulin","floor":11,"turns":3},{"damage":0,"enemies":"Jaw Worm","floor":12,"turns":1},{"damage":0,"enemies":"Large Slime","floor":13,"turns":2},{"damage":0,"enemies":"2 Fungi Beasts","floor":14,"turns":2},{"damage":17,"enemies":"Hexaghost","floor":16,"turns":6},{"damage":0,"enemies":"Chosen","floor":18,"turns":2},{"damage":24,"enemies":"Gremlin Leader","floor":23,"turns":4},{"damage":2,"enemies":"2 Thieves","floor":25,"turns":3},{"damage":15,"enemies":"Slavers","floor":27,"turns":5},{"damage":0,"enemies":"Sentry and Sphere","floor":28,"turns":3},{"damage":0,"enemies":"Shelled Parasite and Fungi","floor":31,"turns":3},{"damage":84,"enemies":"Automaton","floor":33,"turns":6}],"seed_played":"3523290589944034342","potions_obtained":[{"floor":2,"key":"LiquidBronze"},{"floor":6,"key":"Block Potion"},{"floor":11,"key":"DuplicationPotion"},{"floor":14,"key":"Regen Potion"},{"floor":18,"key":"LiquidMemories"},{"floor":28,"key":"Ancient Potion"}],"is_trial":false,"path_per_floor":["M","M","?","?","?","E","$","R","T","R","E","M","M","M","R","B",null,"M","?","?","?","$","E","R","M","T","E","M","$","?","M","R","B"],"character_chosen":"DEFECT","items_purchased":["Membership Card","Bronze Scales","Defragment","Orrery","Ornamental Fan","CeramicFish","Runic Capacitor","Mind Blast"],"campfire_rested":0,"item_purchase_floors":[7,7,22,22,22,22,29,29],"current_hp_per_floor":[75,75,75,69,69,57,57,57,57,57,43,43,50,50,50,65,69,69,69,69,64,69,45,45,50,60,52,52,67,67,67,67,0,0],"gold":104,"neow_bonus":"","is_daily":true,"chose_seed":false,"campfire_upgraded":4,"win_rate":0.0,"timestamp":1614250687,"path_taken":["M","M","?","?","?","E","?","R","T","R","E","M","M","M","R","BOSS","M","?","?","?","$","E","R","M","T","E","M","?","?","M","R","BOSS"],"items_purchased_type":["Relic","Relic","Card","Relic","Relic","Relic","Relic","Card"],"build_version":"2020-12-22","purchased_purges":0,"victory":false,"max_hp_per_floor":[75,75,75,69,69,69,69,69,69,69,69,69,69,69,69,69,69,69,69,69,69,69,69,69,69,79,79,79,79,79,79,79,79,79],"card_choices":[{"not_picked":["Undo","Redo","Conserve Battery"],"picked":"SKIP","floor":1},{"not_picked":["Barrage","Hologram"],"picked":"Gash","floor":2},{"not_picked":["Coolheaded","Recycle"],"picked":"Beam Cell","floor":6},{"not_picked":["Stack","Compile Driver"],"picked":"Hello World","floor":11},{"not_picked":["Redo","Steam"],"picked":"Go for the Eyes","floor":12},{"not_picked":["Multi-Cast","Force Field"],"picked":"Loop","floor":13},{"not_picked":["Streamline","Barrage"],"picked":"Coolheaded","floor":14},{"not_picked":["Violence","Mayhem"],"picked":"Creative AI","floor":16},{"not_picked":["Streamline","Barrage"],"picked":"Dark Shackles","floor":18},{"not_picked":["Stack","Violence"],"picked":"Streamline+1","floor":22},{"not_picked":["Undo","Stack"],"picked":"BootSequence","floor":22},{"not_picked":["Ball Lightning","Hologram"],"picked":"Coolheaded","floor":22},{"not_picked":["Sweeping Beam","Stack"],"picked":"Coolheaded","floor":22},{"not_picked":["Barrage","Panacea"],"picked":"Good Instincts","floor":22},{"not_picked":["Impatience","Cold Snap+1"],"picked":"Loop","floor":23},{"not_picked":["Turbo","Undo"],"picked":"Beam Cell","floor":25},{"not_picked":["Purity+1","All For One"],"picked":"Hologram","floor":27},{"not_picked":["Turbo+1","Ball Lightning","Purity"],"picked":"SKIP","floor":28},{"not_picked":["Sweeping Beam+1","Recycle"],"picked":"Aggregate","floor":31}],"player_experience":1266637,"relics_obtained":[{"floor":6,"key":"Girya"},{"floor":9,"key":"Pantograph"},{"floor":11,"key":"MealTicket"},{"floor":17,"key":"Centennial Puzzle"},{"floor":17,"key":"Matryoshka"},{"floor":17,"key":"TungstenRod"},{"floor":23,"key":"Oddly Smooth Stone"},{"floor":26,"key":"MawBank"},{"floor":26,"key":"Pear"},{"floor":27,"key":"Potion Belt"}],"event_choices":[{"damage_healed":0,"gold_gain":175,"player_choice":"AGREE","damage_taken":0,"max_hp_gain":0,"max_hp_loss":0,"event_name":"Liars Game","floor":3,"gold_loss":0,"cards_obtained":["Doubt"]},{"damage_healed":0,"gold_gain":0,"player_choice":"Lose Max HP","damage_taken":0,"relics_obtained":["Golden Idol"],"max_hp_gain":0,"max_hp_loss":6,"event_name":"Golden Idol","floor":4,"gold_loss":0},{"cards_removed":["Doubt"],"damage_healed":0,"gold_gain":0,"player_choice":"Card Removal","damage_taken":0,"max_hp_gain":0,"max_hp_loss":0,"event_name":"The Cleric","floor":5,"gold_loss":50},{"damage_healed":0,"gold_gain":0,"player_choice":"Ignored","damage_taken":0,"max_hp_gain":0,"max_hp_loss":0,"event_name":"Ghosts","floor":19,"gold_loss":0},{"damage_healed":0,"gold_gain":0,"player_choice":"Inject Mutagens","damage_taken":0,"relics_obtained":["MutagenicStrength"],"max_hp_gain":0,"max_hp_loss":0,"event_name":"Drug Dealer","floor":20,"gold_loss":0},{"damage_healed":0,"gold_gain":0,"player_choice":"Joined the Cult","damage_taken":6,"max_hp_gain":0,"max_hp_loss":0,"event_name":"Nest","floor":21,"gold_loss":0,"cards_obtained":["RitualDagger"]},{"cards_removed":["Undo"],"damage_healed":0,"gold_gain":0,"player_choice":"Elegance","damage_taken":0,"max_hp_gain":0,"max_hp_loss":0,"event_name":"Back to Basics","floor":30,"gold_loss":0}],"is_beta":false,"boss_relics":[{"not_picked":["Busted Crown","Tiny House"],"picked":"Calling Bell"}],"items_purged_floors":[],"is_endless":false,"potions_floor_spawned":[2,6,11,14,18,28],"killed_by":"Automaton","ascension_level":0}}