{"host":"sav7uxregyirlf69","time":1614216982,"event":{"mods":["AchievementEnabler","BaseMod","Colored Map","DeckTracker","Keyboard Shortcuts","Minty Spire (QoL Compilation)","READ ME - Guardian Mod","StSLib","SuperFastMode"],"gold_per_floor":[116,116,116,126,140,140,154,164,164,193,211,151,169,169,169,243,243,253,253,264,100,120,120,120,131,131,149,181,231,64,79,79,155,155,175,191,191,191,214,4,33,33,56,56,56,86,86,86,86],"floor_reached":48,"language":"KOR","playtime":1252,"items_purged":["Strike_R","Strike_R","Strike_R+1","Cleave"],"score":1020,"play_id":"30f9de57-bc52-4b34-8bd1-72bf2c71b201","local_time":"20210225103622","is_ascension_mode":true,"campfire_choices":[{"data":"Pommel Strike","floor":6.0,"key":"SMITH"},{"data":"Double Tap","floor":15.0,"key":"SMITH"},{"data":"Barricade","floor":23.0,"key":"SMITH"},{"floor":32.0,"key":"REST"},{"data":"Evolve","floor":42.0,"key":"SMITH"},{"floor":44.0,"key":"REST"},{"data":"Pommel Strike","floor":47.0,"key":"SMITH"}],"circlet_count":0,"master_deck":["AscendersBane","Defend_R","Defend_R","Defend_R","Defend_R","Bash","Pommel Strike+1","Flame Barrier","Armaments+1","Inflame","Pommel Strike+1","Double Tap+1","Barricade+1","True Grit","Finesse","Shrug It Off","Reckless Charge","Thunderclap","Evolve+1","Second Wind","Madness","Madness"],"relics":["Burning Blood","The Courier","Nunchaku","Sozu","Kunai","StrikeDummy","Busted Crown","PreservedInsect","Membership Card","Molten Egg 2","Pen Nib"],"acts_visited":["Exordium","TheCity","TheBeyond"],"potions_floor_usage":[],"damage_taken":[{"damage":2.0,"enemies":"2 Louse","floor":1.0,"turns":4.0},{"damage":7.0,"enemies":"Small Slimes","floor":4.0,"turns":3.0},{"damage":1.0,"enemies":"Cultist","floor":5.0,"turns":3.0},{"damage":10.0,"enemies":"3 Louse","floor":7.0,"turns":4.0},{"damage":3.0,"enemies":"Looter","floor":8.0,"turns":5.0},{"damage":22.0,"enemies":"3 Sentries","floor":10.0,"turns":11.0},{"damage":12.0,"enemies":"Blue Slaver","floor":11.0,"turns":4.0},{"damage":12.0,"enemies":"2 Fungi Beasts","floor":13.0,"turns":3.0},{"damage":19.0,"enemies":"The Guardian","floor":16.0,"turns":16.0},{"damage":36.0,"enemies":"Chosen","floor":18.0,"turns":6.0},{"damage":0.0,"enemies":"3 Byrds","floor":20.0,"turns":3.0},{"damage":11.0,"enemies":"Centurion and Healer","floor":22.0,"turns":5.0},{"damage":19.0,"enemies":"Snake Plant","floor":25.0,"turns":6.0},{"damage":12.0,"enemies":"Snecko","floor":27.0,"turns":8.0},{"damage":14.0,"enemies":"Gremlin Leader","floor":28.0,"turns":7.0},{"damage":6.0,"enemies":"Sentry and Sphere","floor":31.0,"turns":10.0},{"damage":46.0,"enemies":"Automaton","floor":33.0,"turns":13.0},{"damage":5.0,"enemies":"3 Shapes","floor":35.0,"turns":5.0},{"damage":11.0,"enemies":"Orb Walker","floor":36.0,"turns":4.0},{"damage":16.0,"enemies":"Nemesis","floor":41.0,"turns":9.0},{"damage":26.0,"enemies":"Giant Head","floor":46.0,"turns":8.0},{"damage":41,"enemies":"3 Darklings","floor":48,"turns":3}],"seed_played":"-3406618249761860607","potions_obtained":[{"floor":4.0,"key":"GamblersBrew"},{"floor":7.0,"key":"BloodPotion"},{"floor":10.0,"key":"PowerPotion"},{"floor":13.0,"key":"Regen Potion"}],"is_trial":false,"path_per_floor":["M","?","?","M","M","R","M","M","T","E","M","$","M","?","R","B",null,"M","?","M","$","M","R","?","M","T","M","E","?","$","M","R","B",null,"M","M","?","?","T","$","E","R","T","R","?","E","R","M"],"character_chosen":"IRONCLAD","items_purchased":["Finesse","Second Wind","Membership Card"],"campfire_rested":2,"item_purchase_floors":[21,30,40],"current_hp_per_floor":[79,79,79,78,82,82,78,81,81,81,75,75,69,44,44,31,69,39,39,45,45,40,40,40,42,42,36,28,28,28,28,52,12,65,66,61,46,46,46,46,36,36,36,60,60,40,40,0,0],"gold":86,"neow_bonus":"TEN_PERCENT_HP_BONUS","is_daily":false,"chose_seed":false,"campfire_upgraded":5,"win_rate":0.0,"timestamp":1614216982,"path_taken":["M","?","?","M","M","R","M","?","T","E","M","$","M","?","R","BOSS","M","?","M","$","M","R","?","M","T","M","E","?","$","M","R","BOSS","M","M","?","?","?","$","E","R","T","R","?","E","R","M"],"items_purchased_type":["Card","Card","Relic"],"build_version":"2020-12-22","purchased_purges":4,"victory":false,"max_hp_per_floor":[82,82,82,82,82,82,82,82,82,82,82,82,82,82,82,82,82,82,82,82,82,82,82,82,82,82,82,82,82,82,82,82,82,82,82,82,82,82,82,82,82,82,82,82,82,82,82,82,82],"card_choices":[{"not_picked":["Wild Strike","Sword Boomerang"],"picked":"Cleave","floor":1.0},{"not_picked":["Wild Strike","Heavy Blade"],"picked":"Pommel Strike","floor":4.0},{"not_picked":["Demon Form","Warcry"],"picked":"Flame Barrier","floor":5.0},{"not_picked":["Anger","Pummel","Clothesline"],"picked":"SKIP","floor":7.0},{"not_picked":["Limit Break","Headbutt"],"picked":"Armaments","floor":8.0},{"not_picked":["Rage","Uppercut"],"picked":"Inflame","floor":10.0},{"not_picked":["Armaments","Havoc"],"picked":"Pommel Strike","floor":11.0},{"not_picked":["Inflame","Armaments"],"picked":"Double Tap","floor":13.0},{"not_picked":["Double Tap","Juggernaut"],"picked":"Barricade","floor":16.0},{"not_picked":["Infernal Blade","Flex","Cleave"],"picked":"SKIP","floor":18.0},{"not_picked":["Cleave","Heavy Blade"],"picked":"True Grit","floor":20.0},{"not_picked":["Iron Wave","Clash"],"picked":"Shrug It Off","floor":22.0},{"not_picked":["True Grit","Clash","Searing Blow+1"],"picked":"SKIP","floor":25.0},{"not_picked":["Blood for Blood","Havoc"],"picked":"Evolve","floor":27.0},{"not_picked":["Perfected Strike","Blood for Blood","Fire Breathing"],"picked":"SKIP","floor":28.0},{"not_picked":["Armaments","Rupture","Flex"],"picked":"SKIP","floor":31.0},{"not_picked":["Pommel Strike"],"picked":"SKIP","floor":35.0},{"not_picked":["Thunderclap+1"],"picked":"SKIP","floor":36.0},{"not_picked":["Pommel Strike+1"],"picked":"SKIP","floor":41.0},{"not_picked":["Pommel Strike+1"],"picked":"SKIP","floor":41.0},{"not_picked":["Perfected Strike+1"],"picked":"SKIP","floor":46.0}],"player_experience":1690927,"relics_obtained":[{"floor":9.0,"key":"The Courier"},{"floor":10.0,"key":"Nunchaku"},{"floor":26.0,"key":"Kunai"},{"floor":28.0,"key":"StrikeDummy"},{"floor":39.0,"key":"PreservedInsect"},{"floor":41.0,"key":"Molten Egg 2"},{"floor":46.0,"key":"Pen Nib"}],"event_choices":[{"damage_healed":0.0,"max_hp_gain":0.0,"max_hp_loss":0.0,"gold_gain":0.0,"event_name":"Liars Game","player_choice":"Ignored","floor":2.0,"gold_loss":0.0,"damage_taken":0.0},{"damage_healed":0.0,"max_hp_gain":0.0,"max_hp_loss":0.0,"gold_gain":0.0,"event_name":"Match and Keep!","player_choice":"0 cards matched","floor":3.0,"gold_loss":0.0,"damage_taken":0.0,"cards_obtained":[]},{"damage_healed":0.0,"max_hp_gain":0.0,"max_hp_loss":0.0,"gold_gain":0.0,"event_name":"Shining Light","player_choice":"Entered Light","floor":14.0,"gold_loss":0.0,"damage_taken":25.0,"cards_upgraded":["Armaments","Strike_R"]},{"damage_healed":0.0,"max_hp_gain":0.0,"max_hp_loss":0.0,"gold_gain":0.0,"event_name":"The Mausoleum","player_choice":"Ignored","floor":19.0,"gold_loss":0.0,"damage_taken":0.0},{"damage_healed":0.0,"max_hp_gain":0.0,"max_hp_loss":0.0,"gold_gain":0.0,"cards_transformed":["Strike_R","Strike_R"],"event_name":"Drug Dealer","player_choice":"Became Test Subject","floor":24.0,"gold_loss":0.0,"damage_taken":0.0,"cards_obtained":["Reckless Charge","Thunderclap"]},{"damage_healed":0.0,"max_hp_gain":0.0,"max_hp_loss":0.0,"gold_gain":50.0,"event_name":"Nest","player_choice":"Stole From Cult","floor":29.0,"gold_loss":0.0,"damage_taken":0.0},{"damage_healed":0.0,"max_hp_gain":0.0,"max_hp_loss":0.0,"gold_gain":0.0,"event_name":"Winding Halls","player_choice":"Embrace Madness","floor":37.0,"gold_loss":0.0,"damage_taken":15.0,"cards_obtained":["Madness","Madness"]},{"damage_healed":0.0,"max_hp_gain":0.0,"max_hp_loss":0.0,"gold_gain":0.0,"event_name":"SensoryStone","player_choice":"Memory 1","floor":38.0,"gold_loss":0.0,"damage_taken":0.0},{"damage_healed":0.0,"max_hp_gain":0.0,"max_hp_loss":0.0,"gold_gain":0.0,"event_name":"Mysterious Sphere","player_choice":"Ignored","floor":45.0,"gold_loss":0.0,"damage_taken":0.0}],"is_beta":false,"boss_relics":[{"not_picked":["Astrolabe","Tiny House"],"picked":"Sozu"},{"not_picked":["Cursed Key","Mark of Pain"],"picked":"Busted Crown"}],"items_purged_floors":[12,21,30,40],"is_endless":false,"potions_floor_spawned":[4,7,10,13,27,31,33,35,46],"killed_by":"3 Darklings","ascension_level":20}}