{"host":"2vsfvi9pm0ilma55","time":1614225837,"event":{"mods":["BaseMod","Bestiary","Highlight Path","Minty Spire (QoL Compilation)","Relic Stats","StSLib","The Marked","The Warlock"],"gold_per_floor":[111,129,147,15,29,29,45,45,45],"floor_reached":8,"language":"ENG","playtime":3902,"items_purged":["Ritualist:StrikeMagenta"],"score":100,"play_id":"43b31243-a67a-4fa9-a75e-01aa5ad88951","local_time":"20210224200357","is_ascension_mode":true,"campfire_choices":[{"data":"Ritualist:DeliriumWill","floor":6,"key":"SMITH"}],"circlet_count":0,"master_deck":["AscendersBane","Ritualist:StrikeMagenta","Ritualist:StrikeMagenta","Ritualist:StrikeMagenta","Ritualist:DefendMagenta","Ritualist:DefendMagenta","Ritualist:DefendMagenta","Ritualist:DefendMagenta","Ritualist:InitiationRite","Ritualist:SummonAgiel","Ritualist:BloodyVigor","Ritualist:StrategicCut","Ritualist:SummonNergal","Ritualist:TwinWave","Ritualist:DeliriumWill+1","Ritualist:DeadlyBlows"],"relics":["Ritualist:StarterRelic"],"acts_visited":["Exordium"],"potions_floor_usage":[7,8],"damage_taken":[{"damage":2,"enemies":"Cultist","floor":1,"turns":4},{"damage":12,"enemies":"Small Slimes","floor":2,"turns":4},{"damage":7,"enemies":"Jaw Worm","floor":3,"turns":4},{"damage":10,"enemies":"2 Fungi Beasts","floor":5,"turns":3},{"damage":0,"enemies":"Lots of Slimes","floor":7,"turns":3},{"damage":50,"enemies":"Gremlin Nob","floor":8,"turns":4}],"seed_played":"-5398920736772700857","potions_obtained":[{"floor":1,"key":"LiquidMemories"},{"floor":2,"key":"Swift Potion"}],"is_trial":false,"path_per_floor":["M","M","M","$","M","R","M","E"],"character_chosen":"RITUALIST","items_purchased":["Ritualist:TwinWave"],"campfire_rested":0,"item_purchase_floors":[4],"current_hp_per_floor":[72,60,53,53,43,43,43,0,0],"gold":45,"neow_bonus":"TEN_PERCENT_HP_BONUS","is_daily":false,"chose_seed":false,"campfire_upgraded":1,"win_rate":0.0,"timestamp":1614225837,"path_taken":["M","M","M","$","?","R","M","E"],"items_purchased_type":["Card"],"build_version":"2020-12-22","purchased_purges":1,"victory":false,"max_hp_per_floor":[81,81,81,81,81,81,81,81,81],"relic_stats":{"counters":[6,22],"obtain_stats":[{"Ritualist:StarterRelic":0},{"Ritualist:StarterRelic":0},{"Ritualist:StarterRelic":0}]},"card_choices":[{"not_picked":["Ritualist:Arrival","Ritualist:Precognition"],"picked":"Ritualist:BloodyVigor","floor":1},{"not_picked":["Ritualist:DarkRitual","Ritualist:Tenderize"],"picked":"Ritualist:StrategicCut","floor":2},{"not_picked":["Ritualist:BranchingPaths","Ritualist:Impale"],"picked":"Ritualist:SummonNergal","floor":3},{"not_picked":["Ritualist:TwinWave","Ritualist:BranchingPaths"],"picked":"Ritualist:DeliriumWill","floor":5},{"not_picked":["Ritualist:SummonMaat","Ritualist:SummonRerek"],"picked":"Ritualist:DeadlyBlows","floor":7}],"player_experience":625845,"relics_obtained":[],"event_choices":[],"is_beta":false,"boss_relics":[],"items_purged_floors":[4],"is_endless":false,"potions_floor_spawned":[1,2],"killed_by":"Gremlin Nob","ascension_level":20}}