{"host":"9oysz4knkucnjyyz","time":1614222610,"event":{"mods":["100% Spire Juice","2.2 Compatiblity","A Penny For Your Troubles","Act Like it!","BaseMod","Better Altar","Better Match","Better Note","Better Sensory Stone","Better Skull","Better Third Choice","BetterRewards","Displayed Cursed Tome","Downfall","Friendly Minions","Googly Eyes","GungeonMod","Hallownest","Hermit","Library of Ruina","Library of Ruina Extra","Lobotomy","LobotomyExtend","Minty Spire (QoL Compilation)","Reliquary","Spicy Shops","Spire Arcade","Spire Birthday Party","StSLib","The Bug Knight","Wide Potions","everything is the same but u backflip on backflip","slay the spire mod where everything is the same but ironclad has a cowboy hat"],"gold_per_floor":[115,133,152,162,179,179,208,224,224,224,224,239,94,107,107,202,202,213,229,246,262,282,282,309,309,309,309,309],"floor_reached":27,"language":"ENG","playtime":1840,"items_purged":[],"score":316,"play_id":"c0b26d49-c5cf-46f8-8e3a-44784871caf5","local_time":"20210224221010","is_ascension_mode":false,"campfire_choices":[{"data":"SharpNails","floor":6,"key":"SMITH"},{"data":"BladeWhirl","floor":11,"key":"SMITH"},{"data":"Clone","floor":15,"key":"SMITH"},{"data":"RagingStormLove","floor":23,"key":"SMITH"},{"data":"SteelKnuckles","floor":25,"key":"SMITH"}],"circlet_count":0,"master_deck":["Dodge","LightDefense","LightAttack","LightAttack","LightAttack","LightDefense","LightDefense","LightDefense","ChargeAndCover","FocusedStrikes","SharpNails+1","WallGazer","MindPrepared","Wellcheers","JiaoTu","Bloodbath","GreatSerpentsImpact","Scorched","SilentNight","BlackArmy","BladeWhirl+1","OSAHOGD","SteelKnuckles+1","PreemptiveStrike","Clone+1","SuanNi","RedShoes","TheRedNotes+1","QueenOfHatred","NonstopAssault+1","RagingStormLove+1","FendThisOffIfYouCan+1","MHz","FrontalAssault","BiXi+1"],"relics":["PageOfLibrarian","CogitoBucket","RabbitCall","LetterFromLob","reliquary:Knoch","Theresia","Dream Catcher","LaetitiaHeart","PageOfPorccubus","reliquary:WritOfMandamus","HellTrain","White Beast Statue","PageOfNosferatu"],"acts_visited":["Exordium","TheCity"],"potions_floor_usage":[4,8,19,27,27],"damage_taken":[{"damage":10,"enemies":"Small Slimes","floor":1,"turns":3},{"damage":5,"enemies":"Cultist","floor":2,"turns":3},{"damage":9,"enemies":"Jaw Worm","floor":3,"turns":3},{"damage":15,"enemies":"Looter","floor":4,"turns":4},{"damage":10,"enemies":"Red Slaver","floor":5,"turns":3},{"damage":15,"enemies":"Gremlin Nob","floor":7,"turns":3},{"damage":34,"enemies":"3 Louse","floor":8,"turns":12},{"damage":0,"enemies":"Gremlin Gang","floor":10,"turns":1},{"damage":0,"enemies":"Gremlin Gang","floor":10,"turns":2},{"damage":7,"enemies":"Gremlin Gang","floor":10,"turns":1},{"damage":1,"enemies":"Gremlin Gang","floor":10,"turns":2},{"damage":0,"enemies":"Gremlin Gang","floor":12,"turns":1},{"damage":13,"enemies":"Exordium Thugs","floor":14,"turns":3},{"damage":20,"enemies":"Hexaghost","floor":16,"turns":8},{"damage":2,"enemies":"Shell Parasite","floor":18,"turns":3},{"damage":77,"enemies":"Chosen","floor":19,"turns":7},{"damage":32,"enemies":"Centurion and Healer","floor":20,"turns":3},{"damage":9,"enemies":"Snecko","floor":21,"turns":3},{"damage":2,"enemies":"Chosen and Byrds","floor":22,"turns":3},{"damage":21,"enemies":"Slavers","floor":24,"turns":2},{"damage":34,"enemies":"3 Cultists","floor":27,"turns":1}],"seed_played":"4344496785700458363","potions_obtained":[{"floor":2,"key":"GamblersBrew"},{"floor":4,"key":"sneckomod:MuddlingPotion"},{"floor":7,"key":"Regen Potion"},{"floor":8,"key":"Energy Potion"},{"floor":14,"key":"Regen Potion"},{"floor":21,"key":"champ:CounterPotion"}],"is_trial":false,"path_per_floor":["M","M","M","M","M","R","E","M","T","M","R","M","$","M","R","B",null,"M","M","M","M","M","R","E","R","T","M"],"character_chosen":"Librarian","items_purchased":["PageOfPorccubus"],"campfire_rested":0,"item_purchase_floors":[13],"current_hp_per_floor":[50,52,53,46,42,42,37,70,70,70,70,73,73,72,72,76,76,76,76,65,76,76,76,62,62,12,0,0],"gold":309,"neow_bonus":"","is_daily":false,"chose_seed":false,"campfire_upgraded":5,"win_rate":0.0,"timestamp":1614222610,"path_taken":["M","M","M","M","M","R","E","M","T","M","R","M","$","M","R","BOSS","M","M","M","M","M","R","E","R","T","M"],"items_purchased_type":["Relic"],"build_version":"2020-12-22","purchased_purges":0,"victory":false,"max_hp_per_floor":[73,70,70,65,78,73,76,70,70,70,76,76,76,76,76,76,76,76,76,76,76,76,76,76,76,125,125,125],"card_choices":[{"not_picked":["MeatLantern","HeroicMonk","CherryBlossoms"],"picked":"Singing Bowl","floor":1},{"not_picked":["UnavoidableGaze","SkitterAway","RepressedFlesh","Unlock1","NightInTheBackstreets","EnergyConversion","Standoff","QuickSuppression"],"picked":"SharpNails","floor":1},{"not_picked":["OldLady","Bloodbath"],"picked":"WallGazer","floor":2},{"not_picked":["StructuralAnalysis","SharpSwipe","Outburst","AbsorbImpact","FormingStorm","BackAttack","SunsetBlade","Track"],"picked":"MindPrepared","floor":2},{"not_picked":["UniverseFragment","VoidDream"],"picked":"Wellcheers","floor":3},{"not_picked":["SetFire","SinglePointStab","AsThePrescriptOrders","Outburst","DesperateStruggle","RapidGashes","WildCard","QuickAttack"],"picked":"JiaoTu","floor":3},{"not_picked":["ShyLook","PunishingBird"],"picked":"Bloodbath","floor":4},{"not_picked":["Leap_lor","StartinOutLightly","Multislash","Observe","StrikeDown","AsThePrescriptOrders","ICanCookAnything","MultiBlock"],"picked":"GreatSerpentsImpact","floor":4},{"not_picked":["BeautyBeast","SpiderBud","VoidDream"],"picked":"Singing Bowl","floor":5},{"not_picked":["SpiderBud","BeautyBeast"],"picked":"Scorched","floor":5},{"not_picked":["SunsetBlade","EnergyCycle","TrimTheIngredients","Concentration","SerpentSwordTechnique","MultiHit","SuppressingShot","Outburst"],"picked":"SilentNight","floor":5},{"not_picked":["LittlePrince","QueenBee","FieryBird"],"picked":"Singing Bowl","floor":7},{"not_picked":["CrumblingArmor","Rudolta"],"picked":"BlackArmy","floor":7},{"not_picked":["IllEndYou","EnergyStrike","GuidanceOfTheGears","Faith","Standoff","NightInTheBackstreets","ChargeUp","SmokingPipe"],"picked":"BladeWhirl","floor":7},{"not_picked":["Rudolta","Murderer"],"picked":"OSAHOGD","floor":8},{"not_picked":["HandleRequest","IronWall","CoordinatedAssault","GuardingStance","PinpointShot","Quickness","Thrust","Reload"],"picked":"SteelKnuckles","floor":8},{"not_picked":["Mercenary","Variant","WhitesApple"],"picked":"Singing Bowl","floor":12},{"not_picked":["SuppressingShot","ViolentFlame","HiddenBlade","QuickSuppression","WillOfThePrescript","FervidEmotions","CoordinatedAssault","DestructiveImpact"],"picked":"PreemptiveStrike","floor":12},{"not_picked":["OldLady","CrumblingArmor","RedShoes"],"picked":"Singing Bowl","floor":14},{"not_picked":["DefenseOrder","Diversion","GreatSerpentsImpact","Overcharge","EnergyShield","Juggling","DestructiveImpact","WillOfThePrescript"],"picked":"Clone","floor":14},{"not_picked":["GalaxyChild","OldLady","Alriune"],"picked":"Singing Bowl","floor":16},{"not_picked":["GoinFirst","GroundSmash"],"picked":"SuanNi","floor":16},{"not_picked":["BeautyBeast","PunishingBird","MeatLantern"],"picked":"Singing Bowl","floor":18},{"not_picked":["CrumblingArmor","ShyLook"],"picked":"RedShoes","floor":18},{"not_picked":["Preparation+1","StrikeDown","MultiHit","Deflect_lor","ScatteringSlash","TasteMyFlamingBat","Parry2+1","BiAn"],"picked":"TheRedNotes+1","floor":18},{"not_picked":["Alriune","SpiderBud"],"picked":"QueenOfHatred","floor":19},{"not_picked":["EnergyStrike+1","PuppetBlockade","GrazeTheGrass","Ripple","EndlessBattle","EnergyShield","CutIn","ElectricShock+1"],"picked":"NonstopAssault+1","floor":19},{"not_picked":["HappyTeddy","GalaxyChild","OldLady"],"picked":"Singing Bowl","floor":20},{"not_picked":["PinpointShot+1","Overcharge","Rewind","Track","FendThisOffIfYouCan+1","MultiBlock","EnergyStrike","ClassAndRespect"],"picked":"RagingStormLove","floor":20},{"not_picked":["SpiderBud","OldLady","HappyTeddy"],"picked":"Singing Bowl","floor":21},{"not_picked":["IronWall","Track","Struggle","ShockRound","StructuralAnalysis","Mutilate","BurningFlash+1","StrikeDown"],"picked":"FendThisOffIfYouCan+1","floor":21},{"not_picked":["ShyLook","BeautyBeast","CherryBlossoms"],"picked":"Singing Bowl","floor":22},{"not_picked":["PunishingBird","BeautyBeast"],"picked":"MHz","floor":22},{"not_picked":["SetFire","SmokingPipe","Creak","ReadyUp","SparkingSpear","Pound","ChargeUp","Diversion"],"picked":"FrontalAssault","floor":22},{"not_picked":["DreamingCurrent","BeautyBeast","Mercenary"],"picked":"Singing Bowl","floor":24},{"not_picked":["ChopItOff+1","TimeForALittleTest","RagingStormLove","InhaleSmoke","QuickAttack+1","GaleKick","CutIn","SpearedSweep+1"],"picked":"BiXi+1","floor":24}],"player_experience":380487,"relics_obtained":[{"floor":1,"key":"LetterFromLob"},{"floor":7,"key":"reliquary:Knoch"},{"floor":9,"key":"Dream Catcher"},{"floor":24,"key":"White Beast Statue"},{"floor":26,"key":"PageOfNosferatu"}],"event_choices":[],"is_beta":false,"boss_relics":[{"not_picked":["Philosopher\u0027s Stone","Ectoplasm"],"picked":"reliquary:WritOfMandamus"}],"items_purged_floors":[],"is_endless":false,"potions_floor_spawned":[2,4,7,8,10,10,14,21],"killed_by":"3 Cultists","ascension_level":0}}