{"host":"pboyrhtqteqd23la","time":1614226568,"event":{"mods":["Aspiration","BaseMod","Bestiary","Conspire","Downfall","Energized Spire","Halation","Minty Spire (QoL Compilation)","Relic Stats","Reliquary","Shop Mod","StSLib","The Servant 0.9.4","Waifu the Spire"],"gold_per_floor":[99,99,99,25,25,25,97,122,122,36,36,36,36,21,38,38,38,38],"floor_reached":16,"language":"ENG","playtime":789,"items_purged":[],"score":92,"play_id":"49161d5d-0052-4869-945e-6cadac644cb5","local_time":"20210224211608","is_ascension_mode":false,"campfire_choices":[{"data":"sneckomod:UnknownBoss","floor":9,"key":"SMITH"}],"circlet_count":0,"master_deck":["sneckomod:Strike","sneckomod:Strike","sneckomod:Strike+1","sneckomod:Defend+1","sneckomod:Defend","sneckomod:Defend","sneckomod:TailWhip","sneckomod:SnekBite","sneckomod:Unknown","champ:EnchantSword+1","downfall:Malfunctioning","sneckomod:UnknownCommonAttack","sneckomod:UnknownUncommonAttack","sneckomod:UnknownX","sneckomod:UnknownBoss+1","sneckomod:WideSting","sneckomod:UnknownUncommonPower","champ:FaceSlap","Injury","sneckomod:UnendingSupply","sneckomod:UnknownClassTHE_CHAMP_GRAY"],"relics":["sneckomod:SneckoSoul","downfall:HeartsMalice","halation:StarCompass","White Beast Statue","reliquary:RoseTintedGlasses","halation:PinkSoulGem","Molten Egg 2"],"acts_visited":["Exordium"],"potions_floor_usage":[],"damage_taken":[{"damage":0.0,"enemies":"downfall:FleeingMerchant","floor":4.0,"turns":1.0},{"damage":0.0,"enemies":"2 Louse","floor":5.0,"turns":1.0},{"damage":0.0,"enemies":"Jaw Worm","floor":6.0,"turns":1.0},{"damage":31.0,"enemies":"Lagavulin","floor":8.0,"turns":5.0},{"damage":0,"enemies":"downfall:FleeingMerchant","floor":10,"turns":4},{"damage":10,"enemies":"downfall:FleeingMerchant","floor":14,"turns":4},{"damage":0,"enemies":"Cultist","floor":15,"turns":2},{"damage":49,"enemies":"DF_ARCHETYPE_STREAMLINE","floor":16,"turns":6}],"seed_played":"-8574695585592177025","potions_obtained":[{"floor":8.0,"key":"SkillPotion"},{"floor":10,"key":"DuplicationPotion"},{"floor":14,"key":"Dexterity Potion"},{"floor":15,"key":"AttackPotion"}],"is_trial":false,"path_per_floor":["R","?","?","$","M","M","T","E","R","$","R","?","?","$","M","B"],"character_chosen":"THE_SNECKO","items_purchased":["sneckomod:UnknownUncommonAttack","sneckomod:UnknownUncommonPower"],"campfire_rested":0,"item_purchase_floors":[4,10],"current_hp_per_floor":[90,90,90,90,90,90,90,59,59,59,59,59,59,49,49,0,0,0],"gold":38,"neow_bonus":"THREE_ENEMY_KILL","is_daily":false,"chose_seed":false,"campfire_upgraded":1,"win_rate":0.0,"timestamp":1614226568,"path_taken":["R","?","?","?","M","M","T","E","R","$","R","?","?","?","M","BOSS"],"items_purchased_type":["Card","Card"],"build_version":"2020-12-22","purchased_purges":0,"victory":false,"max_hp_per_floor":[90,90,90,90,90,90,90,90,90,90,90,90,90,90,90,90,90,90],"relic_stats":{"counters":[8,21],"obtain_stats":[{"downfall:HeartsMalice":0,"Molten Egg 2":13,"reliquary:RoseTintedGlasses":8,"sneckomod:SneckoSoul":0,"halation:StarCompass":3,"halation:PinkSoulGem":12,"White Beast Statue":7},{"downfall:HeartsMalice":0,"Molten Egg 2":5,"reliquary:RoseTintedGlasses":4,"sneckomod:SneckoSoul":0,"halation:StarCompass":0,"halation:PinkSoulGem":5,"White Beast Statue":3},{"downfall:HeartsMalice":0,"Molten Egg 2":9,"reliquary:RoseTintedGlasses":5,"sneckomod:SneckoSoul":0,"halation:StarCompass":0,"halation:PinkSoulGem":9,"White Beast Statue":0}]},"card_choices":[{"not_picked":["sneckomod:TrashToTreasure","sneckomod:DefensiveFlair"],"picked":"sneckomod:UnknownCommonAttack","floor":4.0},{"not_picked":["sneckomod:DiceBoulder","sneckomod:UnknownBlock"],"picked":"sneckomod:UnknownX","floor":5.0},{"not_picked":["sneckomod:SlitherStrike","sneckomod:UnknownClassHEXA_GHOST_PURPLE"],"picked":"sneckomod:UnknownClassTHE_CHAMP_GRAY","floor":6.0},{"not_picked":["sneckomod:UnknownClassGUARDIAN","sneckomod:SoulExchange"],"picked":"sneckomod:UnknownBoss","floor":8.0},{"not_picked":["sneckomod:UnknownClassSILVER","sneckomod:Unknown1Cost"],"picked":"sneckomod:WideSting","floor":10},{"not_picked":["sneckomod:RainOfDice+1","sneckomod:SerpentIdol"],"picked":"sneckomod:UnendingSupply","floor":14},{"not_picked":["sneckomod:UnknownClassGREEN","sneckomod:SnekBeam+1"],"picked":"sneckomod:UnknownClassTHE_CHAMP_GRAY","floor":15}],"player_experience":680513,"relics_obtained":[{"floor":7.0,"key":"White Beast Statue"},{"floor":8.0,"key":"reliquary:RoseTintedGlasses"}],"event_choices":[],"is_beta":false,"boss_relics":[],"items_purged_floors":[],"is_endless":false,"potions_floor_spawned":[8,10,14,15],"killed_by":"DF_ARCHETYPE_STREAMLINE","ascension_level":0}}