{"host":"oznsyg6emn3rt4qs","time":1614219294,"event":{"mods":["AchievementEnabler","BaseMod","Better Altar","Better Match","Better Note","Better Sensory Stone","Better Skull","Better Third Choice","Colored Map","Colored Powertips","Highlight Path","Minty Spire (QoL Compilation)","Permanent Neow","StSLib","Synergy Search"],"gold_per_floor":[109,124,124,137,148,148,159,159,159],"floor_reached":8,"language":"ENG","playtime":755,"items_purged":[],"score":50,"play_id":"6279ec61-2ee3-45a9-a457-f467f91f856b","local_time":"20210224201454","is_ascension_mode":false,"campfire_choices":[{"floor":6,"key":"REST"}],"circlet_count":0,"master_deck":["Strike_P","Strike_P","Strike_P","Defend_P","Defend_P","Defend_P","Eruption","Vigilance","TalkToTheHand","LikeWater","FollowUp","ConjureBlade","FlurryOfBlows","Evaluate","ThirdEye"],"relics":["PureWater"],"acts_visited":["Exordium"],"potions_floor_usage":[5],"damage_taken":[{"damage":4,"enemies":"Jaw Worm","floor":1,"turns":2},{"damage":0,"enemies":"Cultist","floor":2,"turns":3},{"damage":3,"enemies":"Small Slimes","floor":4,"turns":3},{"damage":37,"enemies":"2 Fungi Beasts","floor":5,"turns":3},{"damage":20,"enemies":"Exordium Thugs","floor":7,"turns":3},{"damage":40,"enemies":"Lagavulin","floor":8,"turns":6}],"seed_played":"-541237230981362729","potions_obtained":[{"floor":1,"key":"ColorlessPotion"},{"floor":4,"key":"SmokeBomb"}],"is_trial":false,"path_per_floor":["M","M","?","M","M","R","M","E"],"character_chosen":"WATCHER","items_purchased":[],"campfire_rested":1,"item_purchase_floors":[],"current_hp_per_floor":[68,68,68,65,28,49,29,0,0],"gold":159,"neow_bonus":"TRANSFORM_CARD","is_daily":false,"chose_seed":false,"campfire_upgraded":0,"win_rate":0.0,"timestamp":1614219294,"path_taken":["M","M","?","M","M","R","M","E"],"items_purchased_type":[],"build_version":"2020-12-22","purchased_purges":0,"victory":false,"max_hp_per_floor":[72,72,72,72,72,72,72,72,72],"card_choices":[{"not_picked":["CrushJoints","Evaluate"],"picked":"LikeWater","floor":1},{"not_picked":["SashWhip","FlyingSleeves"],"picked":"FollowUp","floor":2},{"not_picked":["FollowUp","CutThroughFate"],"picked":"FlurryOfBlows","floor":4},{"not_picked":["FearNoEvil","ClearTheMind"],"picked":"Evaluate","floor":5},{"not_picked":["EmptyFist","JustLucky"],"picked":"ThirdEye","floor":7}],"player_experience":84587,"relics_obtained":[],"event_choices":[{"damage_healed":0,"gold_gain":0,"cards_transformed":["Defend_P"],"player_choice":"Transformed","damage_taken":0,"max_hp_gain":0,"max_hp_loss":0,"event_name":"Transmorgrifier","floor":3,"gold_loss":0,"cards_obtained":["ConjureBlade"]}],"is_beta":false,"boss_relics":[],"items_purged_floors":[],"is_endless":false,"potions_floor_spawned":[1,4],"killed_by":"Lagavulin","ascension_level":0}}