{"host":"jfbo3eu2ui08ej1u","time":1614245568,"event":{"mods":["2.2 Compatiblity","AchievementEnabler","Act Like it!","Aspiration","BaseMod","Better Altar","Better Match","Better Note","Better Sensory Stone","Better Skull","Better Third Choice","Block Reminder","Colored Map","Colored Powertips","Conspire","DeckTracker","Displayed Cursed Tome","Energized Spire","Fox Events","GifTheSpireLib","Hermit","Hubris","Infinite Spire","Marked Mod","Minty Spire (QoL Compilation)","Monster B Gone","Pale of the Ancients","Poor People Problems","Quick Restart","Relic Filter","Reliquary","Reorder Act Four","Replay The Spire","Shop Mod","Spicy Shops","Spire Arcade","StSLib","Stuff the Spire","The Blue Laboratory","The Disciple","The Forsaken","The Hierophant","The Marked","Uncapped","Unceasing Turn Reminder","Wandering Minibosses"],"gold_per_floor":[216,226,226,16,26,60,60,60,60,77,104,104,18,47,47,125,125,139,152,2,17,17,17,52,52,52,52,64,83,116,116,116,187,187,201,201,201,219,219,250,262,262,262,262,262],"floor_reached":44,"language":"ENG","playtime":1311,"items_purged":["Spreading Infection","Clumsy","Strike_G"],"score":1038,"play_id":"b3155843-af43-458b-8c6d-f247cc43c6a2","local_time":"20210225043248","is_ascension_mode":true,"campfire_choices":[{"floor":8.0,"key":"REST"},{"data":"Catalyst","floor":12.0,"key":"SMITH"},{"data":"Blade Dance","floor":15.0,"key":"SMITH"},{"data":"Cloak And Dagger","floor":23.0,"key":"SMITH"},{"data":"Noxious Fumes","floor":25.0,"key":"SMITH"},{"data":"StuffTheSpire:MirrorStance","floor":27.0,"key":"SMITH"},{"data":"ReplayTheSpireMod:Scrap Shanks","floor":32.0,"key":"SMITH"},{"data":"After Image","floor":42.0,"key":"SMITH"}],"circlet_count":0,"master_deck":["AscendersBane","Strike_G","Strike_G","Defend_G","Defend_G","Defend_G","Survivor","Neutralize","Slice","Deadly Poison","StuffTheSpire:Innocence","Backstab","Catalyst+1","Finisher","Sadistic Nature","Cloak And Dagger+1","Blade Dance+1","Envenom+1","StuffTheSpire:MirrorStance+1","PiercingWail+1","Backflip","Footwork","Noxious Fumes+1","Escape Plan","ReplayTheSpireMod:Scrap Shanks+1","Acrobatics","After Image+1","Crippling Poison+1","Calculated Gamble+1","All Out Attack+1","conspire:PoisonWeapons+1","Acrobatics+1","Noxious Fumes"],"relics":["Ring of the Snake","OrangePellets","MealTicket","Pantograph","Replay:WaspNest","ReplayTheSpireMod:CursedCoin","Snake Skull","Eternal Feather","energizedSpire:HighHeels","infinitespire:CheckeredPen","StuffTheSpire:Rhapsscallions","Bronze Scales","aspiration:RitualStick","Astrolabe","StuffTheSpire:NeowsTribute","HoveringKite","Mirror","hubris:DisguiseKit"],"acts_visited":["Exordium","TheCity","TheBeyond"],"potions_floor_usage":[44],"damage_taken":[{"damage":6.0,"enemies":"Cultist","floor":1.0,"turns":5.0},{"damage":0.0,"enemies":"2 Louse","floor":2.0,"turns":4.0},{"damage":2.0,"enemies":"Small Slimes","floor":5.0,"turns":3.0},{"damage":14.0,"enemies":"Lagavulin","floor":6.0,"turns":6.0},{"damage":0.0,"enemies":"Red Slaver","floor":10.0,"turns":3.0},{"damage":25.0,"enemies":"3 Sentries","floor":11.0,"turns":8.0},{"damage":33.0,"enemies":"Lagavulin","floor":14.0,"turns":8.0},{"damage":32.0,"enemies":"Hexaghost","floor":16.0,"turns":8.0},{"damage":7.0,"enemies":"Chosen","floor":18.0,"turns":3.0},{"damage":10.0,"enemies":"Shell Parasite","floor":19.0,"turns":2.0},{"damage":15.0,"enemies":"Chosen and Byrds","floor":21.0,"turns":5.0},{"damage":19.0,"enemies":"Slavers","floor":24.0,"turns":2.0},{"damage":1.0,"enemies":"Cultist and Chosen","floor":28.0,"turns":5.0},{"damage":0.0,"enemies":"Snake Plant","floor":29.0,"turns":1.0},{"damage":0.0,"enemies":"Gremlin Leader","floor":30.0,"turns":4.0},{"damage":25.0,"enemies":"hubris:MusketHawk","floor":33.0,"turns":6.0},{"damage":1.0,"enemies":"Orb Walker","floor":35.0,"turns":2.0},{"damage":7.0,"enemies":"3 Darklings","floor":38.0,"turns":3.0},{"damage":26.0,"enemies":"Reptomancer","floor":40.0,"turns":5.0},{"damage":0.0,"enemies":"Spire Growth","floor":41.0,"turns":3.0},{"damage":46,"enemies":"Nightmare","floor":44,"turns":3}],"seed_played":"-2732808608817406951","potions_obtained":[{"floor":2.0,"key":"blueLaboratory:ArtistsPotion"},{"floor":5.0,"key":"Venom Potion"},{"floor":11.0,"key":"SkillPotion"},{"floor":19.0,"key":"blueLaboratory:Virophage"},{"floor":24.0,"key":"ColorlessPotion"},{"floor":28.0,"key":"DistilledChaos"},{"floor":33.0,"key":"blueLaboratory:ArtistsPotion"},{"floor":40.0,"key":"SteroidPotion"},{"floor":41.0,"key":"blueLaboratory:EnvenomedCoating"}],"is_trial":false,"path_per_floor":["M","M","?","$","M","E","?","R","T","M","E","R","$","E","R","B",null,"M","M","$","M","?","R","E","R","T","R","M","M","E","?","R","B",null,"M","?","AVR","M","?","E","M","R","T","NM"],"character_chosen":"THE_SILENT","items_purchased":["Backstab","OrangePellets","ReplayTheSpireMod:CursedCoin","Snake Skull","Blade Dance","Backflip"],"campfire_rested":1,"item_purchase_floors":[4,4,13,13,13,20],"current_hp_per_floor":[53,53,43,43,41,27,27,46,46,46,21,21,36,3,15,8,52,45,35,50,35,35,50,31,46,48,63,62,62,62,45,63,43,62,61,61,61,54,54,28,28,46,46,0,0],"gold":262,"neow_bonus":"HUNDRED_GOLD","is_daily":false,"chose_seed":false,"campfire_upgraded":7,"win_rate":0.0,"timestamp":1614245568,"path_taken":["M","M","?","$","M","E","?","R","T","M","E","R","$","E","R","BOSS","M","M","$","M","?","R","E","R","T","R","M","?","E","?","R","BOSS","M","?","AVR","?","?","E","M","R","T","NM"],"items_purchased_type":["Card","Relic","Relic","Relic","Card","Card"],"build_version":"2020-12-22","purchased_purges":3,"victory":false,"max_hp_per_floor":[66,66,66,66,66,66,66,66,66,66,66,66,66,66,66,66,66,66,66,66,66,66,66,66,66,68,68,68,68,68,68,68,68,68,68,68,68,68,68,68,68,68,68,68,68],"card_choices":[{"not_picked":["StuffTheSpire:BumpUp","Sneak Up"],"picked":"Slice","floor":1.0},{"not_picked":["StuffTheSpire:Injection","StuffTheSpire:BumpUp"],"picked":"Deadly Poison","floor":2.0},{"not_picked":["Infinite Blades","Crippling Poison"],"picked":"Catalyst","floor":5.0},{"not_picked":["Backflip","Sucker Punch"],"picked":"Finisher","floor":6.0},{"not_picked":["Mind Blast","Bandage Up"],"picked":"Sadistic Nature","floor":7.0},{"not_picked":["Deflect","StuffTheSpire:Injection"],"picked":"Cloak And Dagger","floor":10.0},{"not_picked":["Flying Knee","Setup","Deflect"],"picked":"SKIP","floor":11.0},{"not_picked":["Dagger Spray","StuffTheSpire:Incursion","Quick Slash"],"picked":"SKIP","floor":14.0},{"not_picked":["Bullet Time","Glass Knife"],"picked":"Envenom","floor":16.0},{"not_picked":["Riddle With Holes","Deadly Poison"],"picked":"StuffTheSpire:MirrorStance","floor":18.0},{"not_picked":["Choke","Flechettes"],"picked":"PiercingWail+1","floor":19.0},{"not_picked":["StuffTheSpire:BumpUp","Dodge and Roll"],"picked":"Footwork","floor":21.0},{"not_picked":["Cloak And Dagger","Hidden Blade"],"picked":"Noxious Fumes","floor":24.0},{"not_picked":["Backstab","Slice"],"picked":"Escape Plan","floor":28.0},{"not_picked":["Outmaneuver","StuffTheSpire:Repulse"],"picked":"ReplayTheSpireMod:Scrap Shanks","floor":29.0},{"not_picked":["Bane","Riddle With Holes"],"picked":"Acrobatics","floor":30.0},{"not_picked":["Bullet Time","Storm of Steel"],"picked":"After Image","floor":33.0},{"not_picked":["StuffTheSpire:Injection","hubris:TrickCloak"],"picked":"conspire:PoisonWeapons","floor":35.0},{"not_picked":["Masterful Stab","Poisoned Stab+1"],"picked":"Acrobatics+1","floor":38.0},{"not_picked":["StuffTheSpire:Python","Poisoned Stab","Deadly Poison+1"],"picked":"SKIP","floor":40.0},{"not_picked":["Crippling Poison","Deadly Poison+1"],"picked":"Noxious Fumes","floor":41.0}],"player_experience":1384875,"relics_obtained":[{"floor":6.0,"key":"MealTicket"},{"floor":9.0,"key":"Pantograph"},{"floor":11.0,"key":"Replay:WaspNest"},{"floor":14.0,"key":"Eternal Feather"},{"floor":24.0,"key":"infinitespire:CheckeredPen"},{"floor":26.0,"key":"StuffTheSpire:Rhapsscallions"},{"floor":30.0,"key":"Bronze Scales"},{"floor":40.0,"key":"Mirror"},{"floor":43.0,"key":"hubris:DisguiseKit"}],"event_choices":[{"damage_healed":0.0,"max_hp_gain":0.0,"max_hp_loss":0.0,"gold_gain":1.0,"event_name":"betterStone:BetterStone","player_choice":"1","floor":7.0,"gold_loss":0.0,"damage_taken":0.0},{"damage_healed":0.0,"max_hp_gain":0.0,"max_hp_loss":0.0,"gold_gain":0.0,"event_name":"Upgrade Shrine","player_choice":"Upgraded","floor":22.0,"gold_loss":0.0,"damage_taken":0.0,"cards_upgraded":["Envenom"]},{"damage_healed":0.0,"max_hp_gain":0.0,"max_hp_loss":0.0,"gold_gain":0.0,"event_name":"Upgrade Shrine","player_choice":"Upgraded","floor":36.0,"gold_loss":0.0,"damage_taken":0.0,"cards_upgraded":["conspire:PoisonWeapons"]},{"damage_healed":0.0,"max_hp_gain":0.0,"max_hp_loss":0.0,"gold_gain":0.0,"event_name":"betterThird:BetterPortal","player_choice":"Ignored","floor":39.0,"gold_loss":0.0,"damage_taken":0.0}],"is_beta":false,"boss_relics":[{"not_picked":["theForsaken:PaleLantern","SacredBark"],"picked":"energizedSpire:HighHeels"},{"not_picked":["energizedSpire:EnergizedDie","hubris:ScarierMask"],"picked":"Astrolabe"}],"items_purged_floors":[13,20,37],"is_endless":false,"potions_floor_spawned":[2,5,11,19,24,28,33,40,41],"killed_by":"Nightmare","ascension_level":20}}