{"host":"x3tdtn2vw0frar62","time":1614218992,"event":{"mods":["100% Spire Juice","Aspiration","BaseMod","Better Note","Better Sensory Stone","Better Third Choice","BetterRewards","CatGirl Mod","Hermit","Hubris","LagranYue(???·?)","Marisa????????","Minty Spire (QoL Compilation)","Morshu Shopkeeper","Morshu Shopkeeper - ENHANCED","Practice Mode","Railgun Mod","Relic Stats","Reliquary","Remilia??????","Replay The Spire","Robot Space Explorer","Shade Mod","Shop Mod","Spicy Shops","Spire Arcade","StSLib","The Cursed","The Dragon Tamer","The Marked","The Runesmith","The Sage","The Senshi","The Servant 0.9.4"],"gold_per_floor":[209,226,242,242,417,417,456,479,479,479,95,114,107,56,56,181,181,200,225,137,156,56,56,74,74,74,74,93,93,131,131,131,255,255,280,12,35,58,78,78,78,98,146,161,161,194,131,211,211,211,211,211,56,87,87],"floor_reached":56,"language":"ENG","playtime":5021,"items_purged":["Doubt","theSenshi:SailorKick","theSenshi:SailorKick"],"score":1774,"play_id":"c66f835d-f8a9-4c5a-a0fc-d99a888823c2","local_time":"20210224210952","is_ascension_mode":true,"campfire_choices":[{"data":"theSenshi:LateForSchool","floor":6.0,"key":"SMITH"},{"floor":10,"key":"REST"},{"data":"theSenshi:LateForSchool","floor":15,"key":"SMITH"},{"data":"theSenshi:SupersonicWaves","floor":23,"key":"SMITH"},{"floor":27,"key":"REST"},{"floor":29,"key":"REST"},{"floor":32,"key":"REST"},{"data":"theSenshi:MoonlightKnight","floor":40,"key":"SMITH"},{"data":"Pot Of Greed","floor":45,"key":"SMITH"},{"floor":49,"key":"RECALL"},{"data":"theSenshi:SailorBlock","floor":52,"key":"SMITH"}],"circlet_count":0,"master_deck":["theSenshi:SailorKick","theSenshi:SailorKick","theSenshi:SailorBlock+1","theSenshi:SailorBlock","theSenshi:SailorBlock","theSenshi:SailorBlock+1","theSenshi:RoseThrow","theSenshi:MoonPrismPowerMakeUp","theSenshi:LateForSchool+1","theSenshi:SupersonicWaves+1","theSenshi:LateForSchool+1","Pot Of Greed+1","Pot Of Greed+1","theSenshi:LateForSchool+1","theSenshi:MoonlightKnight+1","theSenshi:LateForSchool+1"],"relics":["theSenshi:TransformationBroochRelic","Golden Idol","hubris:MysteriousPyramids","Bottled Tornado","Ice Cream","reliquary:ThirdArm","Replay:Rubber Ducky","Replay:Ringing Soul","Molten Egg 2","hubris:Backtick","Grinning Jar","Membership Card","War Paint","Boot","hubris:Towel","hubris:SlimyHat","hubris:Spice"],"acts_visited":["Exordium","TheCity","TheBeyond","TheEnding"],"potions_floor_usage":[7,13,16,18,28,30,39,55],"damage_taken":[{"damage":6.0,"enemies":"Jaw Worm","floor":1.0,"turns":4.0},{"damage":2.0,"enemies":"2 Louse","floor":2.0,"turns":2.0},{"damage":0.0,"enemies":"Cultist","floor":3.0,"turns":3.0},{"damage":10,"enemies":"Lagavulin","floor":7,"turns":11},{"damage":3,"enemies":"Large Slime","floor":8,"turns":8},{"damage":0,"enemies":"Gremlin Gang","floor":12,"turns":6},{"damage":5,"enemies":"Exordium Thugs","floor":13,"turns":4},{"damage":16,"enemies":"Slime Boss","floor":16,"turns":8},{"damage":15,"enemies":"2 Thieves","floor":18,"turns":3},{"damage":14,"enemies":"Spheric Guardian","floor":19,"turns":5},{"damage":24,"enemies":"Snake Plant","floor":21,"turns":5},{"damage":2,"enemies":"Cultist and Chosen","floor":24,"turns":3},{"damage":12,"enemies":"Chosen and Byrds","floor":28,"turns":3},{"damage":19,"enemies":"Slavers","floor":30,"turns":3},{"damage":33,"enemies":"Pondfish","floor":33,"turns":9},{"damage":31,"enemies":"3 Darklings","floor":35,"turns":4},{"damage":12,"enemies":"3 Shapes","floor":37,"turns":2},{"damage":20,"enemies":"Sphere and 2 Shapes","floor":39,"turns":3},{"damage":0,"enemies":"3 Darklings","floor":42,"turns":2},{"damage":0,"enemies":"Spire Growth","floor":44,"turns":1},{"damage":0,"enemies":"Nemesis","floor":46,"turns":1},{"damage":0,"enemies":"Donu and Deca","floor":50,"turns":1},{"damage":0,"enemies":"Shield and Spear","floor":54,"turns":1},{"damage":33,"enemies":"The Heart","floor":55,"turns":4}],"seed_played":"2606243517210313188","potions_obtained":[{"floor":2.0,"key":"Doom Potion"},{"floor":7,"key":"SteroidPotion"},{"floor":8,"key":"Languid Potion"},{"floor":16,"key":"Explosive Potion"},{"floor":18,"key":"DuplicationPotion"},{"floor":28,"key":"Swift Potion"},{"floor":35,"key":"Languid Potion"},{"floor":42,"key":"Ancient Potion"}],"is_trial":false,"path_per_floor":["M","M","M","?","?","R","E","M","T","R","$","M","M","$","R","B",null,"M","M","?","M","$","R","M","$","T","R","M","R","E","?","R","B",null,"M","$","M","T","M","R","?","M","T","M","R","E","$","T","R","B",null,"R","$","E","B",null],"character_chosen":"THE_SENSHI","items_purchased":["Ice Cream","theSenshi:LateForSchool","Membership Card","theSenshi:MoonlightKnight","War Paint","hubris:Spice"],"campfire_rested":4,"item_purchase_floors":[11,14,36,36,36,53],"current_hp_per_floor":[69,67,67,49,49,49,39,36,36,58,58,58,53,53,53,37,75,60,46,46,22,22,22,20,20,20,42,30,52,33,33,55,22,78,50,53,41,41,21,21,21,24,24,24,24,24,24,24,24,24,87,87,95,103,70],"gold":87,"neow_bonus":"HUNDRED_GOLD","is_daily":false,"chose_seed":false,"campfire_upgraded":6,"win_rate":0.0,"timestamp":1614218992,"path_taken":["M","M","M","?","?","R","E","M","T","R","$","M","M","$","R","BOSS","M","M","?","?","$","R","M","$","T","R","M","R","E","?","R","BOSS","M","$","?","?","M","R","?","M","T","M","R","E","$","?","R","BOSS","R","$","E","BOSS"],"items_purchased_type":["Relic","Card","Relic","Card","Relic","Relic"],"build_version":"2020-12-22","purchased_purges":3,"victory":true,"max_hp_per_floor":[75,75,75,75,75,75,75,75,75,75,75,75,75,75,75,75,75,75,75,75,75,75,75,75,75,75,75,75,75,75,75,75,75,78,81,84,84,84,84,84,84,87,87,87,87,87,87,87,87,87,87,87,95,103,103],"relic_stats":{"counters":[24,95],"Golden Idol":185,"War Paint":["theSenshi:SailorBlock","Pot Of Greed"],"Boot":[2],"obtain_stats":[{"Ice Cream":11,"Golden Idol":4,"hubris:SlimyHat":43,"hubris:MysteriousPyramids":7,"Bottled Tornado":9,"War Paint":36,"hubris:Towel":41,"reliquary:ThirdArm":17,"Boot":38,"Replay:Rubber Ducky":20,"Replay:Ringing Soul":26,"theSenshi:TransformationBroochRelic":0,"hubris:Backtick":34,"hubris:Spice":53,"Molten Egg 2":30,"Membership Card":36,"Grinning Jar":34},{"Ice Cream":5,"Golden Idol":3,"hubris:SlimyHat":19,"hubris:MysteriousPyramids":4,"Bottled Tornado":5,"War Paint":16,"hubris:Towel":18,"reliquary:ThirdArm":8,"Boot":17,"Replay:Rubber Ducky":10,"Replay:Ringing Soul":12,"theSenshi:TransformationBroochRelic":0,"hubris:Backtick":15,"hubris:Spice":22,"Molten Egg 2":14,"Membership Card":16,"Grinning Jar":15},{"Ice Cream":27,"Golden Idol":9,"hubris:SlimyHat":87,"hubris:MysteriousPyramids":19,"Bottled Tornado":27,"War Paint":80,"hubris:Towel":85,"reliquary:ThirdArm":45,"Boot":82,"Replay:Rubber Ducky":53,"Replay:Ringing Soul":61,"theSenshi:TransformationBroochRelic":0,"hubris:Backtick":76,"hubris:Spice":90,"Molten Egg 2":67,"Membership Card":80,"Grinning Jar":76}]},"card_choices":[{"not_picked":["theSenshi:TallSilhouette","theSenshi:LunasBite","theSenshi:VenusGlamour"],"picked":"SKIP","floor":1.0},{"not_picked":["theSenshi:EncouragingSpeech","theSenshi:MoonTiaraMagic"],"picked":"theSenshi:LateForSchool","floor":2.0},{"not_picked":["theSenshi:SailorJupiterAssists","theSenshi:SailorPlanetAttack","theSenshi:PlutosSolemnity"],"picked":"SKIP","floor":3.0},{"not_picked":["theSenshi:MoonPower","theSenshi:MoonsReflection","theSenshi:MoonPunch"],"picked":"SKIP","floor":7},{"not_picked":["theSenshi:SailorStarHealerAssists","theSenshi:MoonsReflection","theSenshi:SailorMarsAssists"],"picked":"SKIP","floor":8},{"not_picked":["theSenshi:MoonPunch","theSenshi:TuxedoSmokingBomber"],"picked":"theSenshi:SupersonicWaves","floor":12},{"not_picked":["theSenshi:TuxedoSmokingBomber","theSenshi:SailorMarsAssists","theSenshi:UranusStrength"],"picked":"SKIP","floor":13},{"not_picked":["theSenshi:YouCanTalk","theSenshi:MoonsReflection","theSenshi:TallSilhouette"],"picked":"SKIP","floor":18},{"not_picked":["theSenshi:SchoolBag","theSenshi:Sidestep","theSenshi:TuxedoSmokingBomber"],"picked":"SKIP","floor":19},{"not_picked":["theSenshi:TuxedoMaskAssists","theSenshi:MoonSpiralHeartAttack","theSenshi:MoonPower"],"picked":"SKIP","floor":21},{"not_picked":["theSenshi:MarsPride+1","theSenshi:SailorPlanetAttack+1","theSenshi:CrisisMakeUp"],"picked":"SKIP","floor":24},{"not_picked":["theSenshi:RainbowMoonHeartAche+1","theSenshi:MoonTwilightFlash","theSenshi:MarsPride"],"picked":"SKIP","floor":28},{"not_picked":["theSenshi:SchoolBag+1","theSenshi:MoonCrisisMakeUp","theSenshi:MoonsReflection"],"picked":"SKIP","floor":30},{"not_picked":["theSenshi:EncouragingSpeech","theSenshi:SailorVenusAssists+1"],"picked":"theSenshi:LateForSchool+1","floor":35},{"not_picked":["theSenshi:MoonPunch+1","theSenshi:SailorPlanetPower+1","theSenshi:TuxedoSmokingBomber+1"],"picked":"SKIP","floor":37},{"not_picked":["theSenshi:DramaticEntrance+1","theSenshi:SailorVenusAssists+1","theSenshi:TallSilhouette+1"],"picked":"SKIP","floor":39},{"not_picked":["theSenshi:MoonCosmicPowerMakeUp","theSenshi:MoonPrincessHalation+1"],"picked":"theSenshi:LateForSchool+1","floor":42},{"not_picked":["theSenshi:EncouragingSpeech+1","theSenshi:IWillPunishYou","theSenshi:SailorStarMakerAssists"],"picked":"SKIP","floor":44},{"not_picked":["theSenshi:OdangoHead+1","theSenshi:CrisisMakeUp+1","theSenshi:SailorJupiterAssists+1"],"picked":"SKIP","floor":46},{"not_picked":["theSenshi:SteeledNerves+1","theSenshi:SailorPlanetAttack+1","theSenshi:MoonTiaraMagic+1"],"picked":"SKIP","floor":54}],"player_experience":221973,"relics_obtained":[{"floor":7,"key":"hubris:MysteriousPyramids"},{"floor":9,"key":"Bottled Tornado"},{"floor":26,"key":"Replay:Ringing Soul"},{"floor":30,"key":"Molten Egg 2"},{"floor":38,"key":"Boot"},{"floor":43,"key":"hubris:SlimyHat"},{"floor":54,"key":"hubris:Spice"}],"event_choices":[{"damage_healed":0.0,"max_hp_gain":0.0,"max_hp_loss":0.0,"gold_gain":0.0,"event_name":"Golden Idol","player_choice":"Take Damage","floor":4.0,"gold_loss":0.0,"damage_taken":18.0,"relics_obtained":["Golden Idol"]},{"damage_healed":0.0,"max_hp_gain":0.0,"max_hp_loss":0.0,"gold_gain":175.0,"event_name":"betterThird:BetterSerpent","player_choice":"AGREE","floor":5.0,"gold_loss":0.0,"damage_taken":242.0},{"damage_healed":0,"gold_gain":0,"player_choice":"Paid Gold","damage_taken":0,"relics_obtained":["Replay:Rubber Ducky"],"max_hp_gain":0,"max_hp_loss":0,"event_name":"WeMeetAgain","floor":20,"gold_loss":88},{"damage_healed":0,"gold_gain":0,"player_choice":"Ignored","damage_taken":0,"max_hp_gain":0,"max_hp_loss":0,"event_name":"N\u0027loth","floor":31,"gold_loss":0}],"is_beta":false,"boss_relics":[{"not_picked":["Philosopher\u0027s Stone","hubris:BlackHole"],"picked":"reliquary:ThirdArm"},{"not_picked":["Coffee Dripper","Astrolabe"],"picked":"hubris:Backtick"}],"items_purged_floors":[11,22,47],"is_endless":false,"potions_floor_spawned":[2,7,8,16,18,28,35,42],"ascension_level":2}}