{"host":"5tir6155jnoxijqh","time":1614241096,"event":{"mods":["Act Like it!","Arknights","BaseMod","Downfall","Hermit","Library of Ruina","Library of Ruina Extra","Minty Spire (QoL Compilation)","MostiFishMod","Shop Mod","Spicy Shops","StSLib","WarShipGirlsR/战舰少女R mod","【遗物卡牌】REMEMod"],"gold_per_floor":[112,112,128,145,158,193,193,226,226,2,49,84,107,122,122,243,243,262,16,39,58,83,126,140,175,175,-1225,-1225,-1190,-1147,-1132,-1132,-1013,-1013,-997,-997,-979,-979,-979,-979,-939,-939,-939,-923,-701,-681,-640,-307,-307,-307,-307,-307,-307,-273,-273],"floor_reached":56,"language":"ZHS","playtime":2109,"items_purged":["DegradedFairy"],"score":2429,"play_id":"bc87d714-9c50-4921-8404-52442f44c287","local_time":"20210225161816","is_ascension_mode":true,"campfire_choices":[{"data":"UnforgettableMelody","floor":15.0,"key":"SMITH"},{"floor":28.0,"key":"RECALL"},{"floor":32.0,"key":"REST"},{"floor":40.0,"key":"REST"},{"floor":42.0,"key":"REST"},{"floor":49.0,"key":"REST"},{"floor":52,"key":"REST"}],"circlet_count":0,"master_deck":["DegradedFairy+1","DegradedFairy+1","DegradedChain+1","DegradedChain+1","DegradedLock+1","DegradedPillar+1","DegradedPillar+1","DegradedShockwave+1","WillProduceFineSilk+1","TrashDisposal+1","BiXi+1","UnforgettableMelody+1","RushDown+1","TheRedNotes+1","ChopItOff+1","SenseQuarry+1","FierceCharge+1","QuickAttack+1","LeRegole+1","Observe+1","WillOfThePrescript+1","Commandeering+1","Marionette+1","MindCrush+1","Faith+1","RhinoRam+1","RipSpace+1","StartinOutLightly+1","DegradedShockwave+1","Multislash+1","Quickness+1","EnergyBeam","Preparation+1","Suppress+1","BulkyImpact+1","MultiHit+1"],"relics":["PageOfLibrarian","DaveBox","REME_ComplimentaryCards","RhineCircuit","SynthV:TestCard","PageOfBigBird","PageOfSnowWhitesApple","Omamori","PreservedInsect","PageOfWizard","Fusion Hammer","Frozen Egg 2","Bag of Marbles","PageOfJudgementBird","Dream Catcher","InkBottle","SynthV:MejaisSoulstealer","Red Mask","Whetstone","Philosopher\u0027s Stone","Mark of the Bloom","Sundial","Molten Egg 2","PageOfOzma","Bag of Preparation"],"acts_visited":["Exordium","TheCity","TheBeyond","TheEnding"],"potions_floor_usage":[55,55,55],"damage_taken":[{"damage":0.0,"enemies":"Cultist","floor":1.0,"turns":1.0},{"damage":0.0,"enemies":"Jaw Worm","floor":3.0,"turns":1.0},{"damage":0.0,"enemies":"Small Slimes","floor":4.0,"turns":1.0},{"damage":0.0,"enemies":"2 Fungi Beasts","floor":5.0,"turns":1.0},{"damage":0.0,"enemies":"3 Sentries","floor":6.0,"turns":3.0},{"damage":0.0,"enemies":"Lagavulin","floor":8.0,"turns":2.0},{"damage":0.0,"enemies":"3 Sentries","floor":12.0,"turns":1.0},{"damage":0.0,"enemies":"Gremlin Gang","floor":13.0,"turns":3.0},{"damage":0.0,"enemies":"Large Slime","floor":14.0,"turns":2.0},{"damage":0.0,"enemies":"Slime Boss","floor":16.0,"turns":2.0},{"damage":0.0,"enemies":"Shell Parasite","floor":18.0,"turns":2.0},{"damage":0.0,"enemies":"3 Byrds","floor":20.0,"turns":2.0},{"damage":0.0,"enemies":"Centurion and Healer","floor":21.0,"turns":2.0},{"damage":0.0,"enemies":"Book of Stabbing","floor":23.0,"turns":2.0},{"damage":8.0,"enemies":"Shelled Parasite and Fungi","floor":24.0,"turns":2.0},{"damage":6.0,"enemies":"Gremlin Leader","floor":25.0,"turns":2.0},{"damage":0.0,"enemies":"Masked Bandits","floor":29.0,"turns":1.0},{"damage":0.0,"enemies":"Slavers","floor":30.0,"turns":2.0},{"damage":0.0,"enemies":"Snecko","floor":31.0,"turns":1.0},{"damage":0.0,"enemies":"Automaton","floor":33.0,"turns":3.0},{"damage":4.0,"enemies":"3 Shapes","floor":35.0,"turns":2.0},{"damage":0.0,"enemies":"3 Darklings","floor":37.0,"turns":2.0},{"damage":0.0,"enemies":"Giant Head","floor":41.0,"turns":2.0},{"damage":0.0,"enemies":"4 Shapes","floor":44.0,"turns":2.0},{"damage":0.0,"enemies":"Sphere and 2 Shapes","floor":46.0,"turns":2.0},{"damage":0.0,"enemies":"Nemesis","floor":47.0,"turns":1.0},{"damage":0.0,"enemies":"Donu and Deca","floor":50.0,"turns":3.0},{"damage":0,"enemies":"Shield and Spear","floor":54,"turns":1},{"damage":4,"enemies":"The Heart","floor":55,"turns":3}],"seed_played":"-2863682089502234985","potions_obtained":[{"floor":3.0,"key":"Fire Potion"},{"floor":5.0,"key":"Fire Potion"},{"floor":14.0,"key":"Strength Potion"},{"floor":16.0,"key":"BlessingOfTheForge"},{"floor":20.0,"key":"Fire Potion"},{"floor":25.0,"key":"EssenceOfSteel"},{"floor":33.0,"key":"SpeedPotion"},{"floor":41.0,"key":"PowerPotion"},{"floor":54,"key":"PowerPotion"}],"is_trial":false,"path_per_floor":["M","?","M","M","M","E","?","E","T","$","T","E","M","M","R","B",null,"M","$","M","M","T","E","M","E","T","$","R","?","E","M","R","B",null,"M","?","M","$","?","R","E","R","T","M","?","M","E","?","R","B",null,"R","$","E","B",null],"character_chosen":"Librarian","items_purchased":["PreservedInsect","Frozen Egg 2","SynthV:MejaisSoulstealer"],"campfire_rested":5,"item_purchase_floors":[10,19,27],"current_hp_per_floor":[54,54,54,54,54,64,44,48,48,48,48,48,50,50,50,54,74,78,78,78,80,80,80,73,74,74,74,74,74,74,79,81,81,81,77,77,77,77,77,77,77,77,77,77,77,77,77,77,77,77,77,77,77,77,73],"gold":-273,"neow_bonus":"THREE_RARE_CARDS","is_daily":false,"chose_seed":false,"campfire_upgraded":1,"win_rate":0.0,"timestamp":1614241096,"path_taken":["M","?","M","M","M","E","?","E","T","?","?","E","?","M","R","BOSS","M","$","?","M","?","E","M","E","T","?","R","?","E","M","R","BOSS","M","?","M","?","?","R","E","R","T","M","?","M","E","?","R","BOSS","R","$","E","BOSS"],"items_purchased_type":["Relic","Relic","Relic"],"build_version":"2020-12-22","purchased_purges":1,"victory":true,"max_hp_per_floor":[81,81,81,81,81,81,81,81,81,81,81,81,81,81,81,81,81,81,81,81,81,81,81,81,81,81,81,81,81,81,81,81,81,81,81,81,81,81,81,81,81,81,81,81,81,81,81,81,81,81,81,81,81,81,81],"card_choices":[{"not_picked":["GoinFirst","MirageStorm"],"picked":"TrashDisposal","floor":0.0},{"not_picked":["Eject","ViolentFlame","GrazeTheGrass","WaitUp","Multislash","Diversion","UpbeatPerformance","ForTheFamily"],"picked":"BiXi","floor":1.0},{"not_picked":["UpbeatPerformance","IngredientHunt","FrontalAssault","TendonChords","AbsorbImpact","SpearedSweep","SharpenedBlade","Wallop_lor","Preparation","CoordinatedAssault","SilentNight"],"picked":"SKIP","floor":3.0},{"not_picked":["PinpointShot","Outburst","SnakesPrey","HighKick","EnergyShield","StructuralAnalysis","ClassAndRespect","GreatSerpentsImpact","FleetFootsteps","Standoff","AutonomousRush"],"picked":"SKIP","floor":4.0},{"not_picked":["FierceCharge","ReadyUp","TheRedNotes","RhinoRam","DimensionalRift","ToOvercomeCrisis","MultiHit","SpearedSweep","AutomatedMovement","Mutilate"],"picked":"UnforgettableMelody","floor":5.0},{"not_picked":["BindingChains","CutIn","HighSpeedStabbing","AssaultOrder","CircusKnives","FierceCharge","EnergyCycle","HighKick","EnergyStrike","Slice_lor"],"picked":"RushDown","floor":6.0},{"not_picked":["TheArtOfRapidSteps","Track","UncannyStrike","DimensionalRift","ForTheFamily","BladeWhirl","Duel_lor","UnavoidableGaze","ClassAndRespect","Parry2"],"picked":"TheRedNotes","floor":8.0},{"not_picked":["HighKick","SpearedSweep","EnergyStrike","ViolentFlame","ButterflySlash","ConcentratedFire","Guardian_lor","GrazeTheGrass","RushDown","FlashingStrike","Tttonst"],"picked":"SKIP","floor":12.0},{"not_picked":["IronWall","FrontalAssault","Fence","EnergyStrike","Thirst","MultiHit","BiAn","DriedUp","ClassAndRespect","BindingArms"],"picked":"ChopItOff","floor":13.0},{"not_picked":["Unlock1","ViolentFlame","SerpentSwordTechnique","Thrust","SharpSwipe","BulkyImpact","EnergyBeam","MultiBlock","UnavoidableGaze","DefenseOrder","ICanCookAnything"],"picked":"SKIP","floor":14.0},{"not_picked":["DaringDecision","FleshFillet","WillProduceFineSilk","MindCrush"],"picked":"SenseQuarry","floor":16.0},{"not_picked":["IronWall","BattleCommand","RhinoRam+1","Creak+1","DefenseOrder","SnakesPrey","Fence","FeatherShield","QuickAttack+1","Wallop_lor"],"picked":"FierceCharge+1","floor":18.0},{"not_picked":["SpearedSweep","UncannyStrike+1","StrongStrike+1","GuidanceOfTheGears+1","EnergyShield","ICanCookAnything","GuardingStance+1","RapidGashes","HandleRequest","DefenseOrder"],"picked":"QuickAttack+1","floor":20.0},{"not_picked":["ICanCookAnything+1","UncannyStrike","CoordinatedAssault","IdentifyWeakpoint","SunsetBlade+1","Quickness","Multislash","OpportunitySpotted","RatsGuideToSurvival","Guardian_lor+1"],"picked":"LeRegole","floor":21.0},{"not_picked":["Eject","SnakesPrey+1","ProselytesBlade","GuidanceOfTheGears","Execute_lor","HandleRequest","Fence","EnergyCycle","Wallop_lor","SearingSword"],"picked":"Observe","floor":23.0},{"not_picked":["FeatherShield+1","SuppressingShot","UpbeatPerformance","YoureTooSlow","JiaoTu","FleetFootsteps","Pound+1","EnergyCycle","RatsGuideToSurvival","Transpierce"],"picked":"WillOfThePrescript+1","floor":24.0},{"not_picked":["JiaoTu","SharpSwipe","DriedUp+1","ClassAndRespect","ScatteringSlash+1","PreparedMind","FleetEdge","Thrust+1","HighKick","GoinFirst"],"picked":"Commandeering","floor":25.0},{"not_picked":["SpearedSweep+1","SharpSwipe","IronWall","SerpentSwordTechnique","Standoff","GrazeTheGrass","YourShield","Feast","Faith","BackAttack"],"picked":"Marionette","floor":29.0},{"not_picked":["Quickness","Parry2+1","AGoldenOpportunity","SummaryJudgment","UnavoidableGaze","SunsetBlade+1","SomberProcuration+1","Rewind","GuidanceOfTheGears","FlashOfSunup+1"],"picked":"MindCrush","floor":30.0},{"not_picked":["SharpenedBlade+1","FeelinGood","Struggle","MultiHit","Parry2+1","UnavoidableGaze","SerpentSwordTechnique","YourShield","SmokingPipe+1","BiAn"],"picked":"Faith+1","floor":31.0},{"not_picked":["StructuralAnalysis","SuppressingShot","FleetFootsteps","IngredientHunt+1","GuidanceOfTheGears+1","Tailoring","NightInTheBackstreets","DimensionalRift","SilentNight","Reload"],"picked":"RhinoRam+1","floor":32.0},{"not_picked":["TieShanKao","Punishment","Disposal","ChargeUp+1"],"picked":"RipSpace","floor":33.0},{"not_picked":["SharpenedBlade+1","HiddenBlade+1","BackstreetsDash+1","Wallop_lor","PreparedMind+1","EnergyShield+1","SteelKnuckles","Parry+1","FervidEmotions","WaitUp"],"picked":"StartinOutLightly+1","floor":35.0},{"not_picked":["MultiBlock","UpbeatPerformance+1","LossOfSenses","QuickSuppression","SinglePointStab","EnergyCycle+1","Commandeering","Reload","Feast","FierceCharge+1"],"picked":"Multislash+1","floor":37.0},{"not_picked":["Parry+1","Overpower+1","BackAttack+1","PreparedMind+1","SerpentSwordTechnique+1","ScatteringSlash","Rewind+1","Eradication","ShrineToMusic+1","AsThePrescriptOrders"],"picked":"Quickness+1","floor":40.0},{"not_picked":["CircusKnives+1","TendonChords","HandleRequest","SunsetBlade+1","FleetEdge+1","MindPrepared+1","WillOfThePrescript","BayonetCombat+1","SharpSwipe+1","Overcharge+1"],"picked":"EnergyBeam","floor":41.0},{"not_picked":["BackAttack+1","SmokingPipe+1","Leap_lor+1","DirtyBlow+1","SinglePointStab+1","SummaryJudgment+1","VenomousFangs+1","FormingStorm+1","Creak","Rewind"],"picked":"Preparation+1","floor":44.0},{"not_picked":["QuickSuppression+1","GuardingStance","StrongStrike+1","Rewind+1","EndlessBattle+1","ClassAndRespect+1","HandleRequest+1","NonstopAssault+1","EnergyShield","WillOfThePrescript+1"],"picked":"Suppress+1","floor":46.0},{"not_picked":["SkitterAway","Multislash+1","Parry2+1","Eradication+1","SunsetBlade+1","StructuralAnalysis+1","SinglePointStab+1","ClassAndRespect+1","FlashingStrike+1","CoordinatedAssault+1"],"picked":"BulkyImpact+1","floor":47.0},{"not_picked":["SmokingPipe+1","UpbeatPerformance+1","SunsetBlade+1","DarkCloud+1","GuidanceOfTheGears","Thrust+1","ShockingBlow+1","TrashDisposal+1","BurningFlash+1","WillOfThePrescript"],"picked":"MultiHit+1","floor":52},{"not_picked":["GaleKick+1","Standoff+1","StayCalm","DevastatingThrash+1","PuppetBlockade","Gamble+1","EndlessBattle+1","SharpenedBlade+1","HandleRequest+1","WillBeTasty+1","SteelKnuckles+1"],"picked":"SKIP","floor":54}],"player_experience":412316,"relics_obtained":[{"floor":1.0,"key":"SynthV:TestCard"},{"floor":6.0,"key":"PageOfBigBird"},{"floor":8.0,"key":"PageOfSnowWhitesApple"},{"floor":9.0,"key":"Omamori"},{"floor":12.0,"key":"PageOfWizard"},{"floor":22.0,"key":"Bag of Marbles"},{"floor":23.0,"key":"PageOfJudgementBird"},{"floor":25.0,"key":"Dream Catcher"},{"floor":26.0,"key":"InkBottle"},{"floor":29.0,"key":"Red Mask"},{"floor":30.0,"key":"Whetstone"},{"floor":41.0,"key":"Sundial"},{"floor":43.0,"key":"Molten Egg 2"},{"floor":47.0,"key":"PageOfOzma"},{"floor":54,"key":"Bag of Preparation"}],"event_choices":[{"damage_healed":0.0,"max_hp_gain":0.0,"max_hp_loss":0.0,"gold_gain":0.0,"event_name":"Living Wall","player_choice":"Grow","floor":2.0,"gold_loss":0.0,"damage_taken":0.0,"cards_upgraded":["TrashDisposal"]},{"damage_healed":0.0,"max_hp_gain":0.0,"max_hp_loss":0.0,"gold_gain":0.0,"event_name":"Golden Idol","player_choice":"Take Damage","floor":7.0,"gold_loss":0.0,"damage_taken":20.0,"relics_obtained":["Golden Idol"]},{"damage_healed":0.0,"max_hp_gain":0.0,"max_hp_loss":0.0,"gold_gain":0.0,"event_name":"Masked Bandits","player_choice":"Fought Bandits","floor":29.0,"gold_loss":0.0,"damage_taken":0.0},{"damage_healed":0.0,"max_hp_gain":0.0,"max_hp_loss":0.0,"gold_gain":0.0,"event_name":"Duplicator","player_choice":"Copied","floor":36.0,"gold_loss":0.0,"damage_taken":0.0,"cards_obtained":["DegradedShockwave"]},{"damage_healed":0.0,"max_hp_gain":0.0,"max_hp_loss":0.0,"gold_gain":0.0,"event_name":"MindBloom","player_choice":"Upgrade","floor":39.0,"gold_loss":0.0,"damage_taken":0.0,"cards_upgraded":["DegradedFairy","DegradedFairy","DegradedChain","DegradedLock","DegradedPillar","DegradedPillar","DegradedShockwave","WillProduceFineSilk","BiXi","RushDown","ChopItOff","SenseQuarry","LeRegole","Observe","Commandeering","Marionette","MindCrush","RipSpace","DegradedShockwave"],"relics_obtained":["Mark of the Bloom"]},{"damage_healed":0.0,"max_hp_gain":0.0,"max_hp_loss":0.0,"gold_gain":222.0,"event_name":"Tomb of Lord Red Mask","player_choice":"Wore Mask","floor":45.0,"gold_loss":0.0,"damage_taken":0.0},{"damage_healed":0.0,"max_hp_gain":0.0,"max_hp_loss":0.0,"gold_gain":333.0,"event_name":"The Moai Head","player_choice":"Gave Idol","floor":48.0,"relics_lost":["Golden Idol"],"gold_loss":0.0,"damage_taken":0.0}],"is_beta":false,"boss_relics":[{"not_picked":["SacredBark","Calling Bell"],"picked":"Fusion Hammer"},{"not_picked":["Snecko Eye","Black Star"],"picked":"Philosopher\u0027s Stone"}],"items_purged_floors":[10],"is_endless":false,"potions_floor_spawned":[3,5,14,16,20,21,25,33,41,46,47,54],"ascension_level":8}}