{"host":"sc0o2qwpf9j16a4i","time":1614272217,"event":{"mods":["AchievementEnabler","BaseMod","BetterRewards","Block Reminder","Colored Map","Colored Powertips","Custom Start","Highlight Path","Minty Spire (QoL Compilation)","Relic Stats"],"gold_per_floor":[118,135,36,36,36,71,71,89,113,154,172,195,238,238,238,377,386,413,440,440,462,462,504,527,551,551,551,595,624,664,664,664,801,801,824,824,896,923,938,938,1007,1050,1050,1050,1083,475,523,551,551,551],"floor_reached":51,"language":"ENG","playtime":2597,"items_purged":[],"score":1342,"play_id":"2d2e5352-50b6-43b8-adcd-13c488105822","local_time":"20210225185657","daily_mods":["Shiny","Hoarder","Night Terrors"],"is_ascension_mode":false,"campfire_choices":[{"data":"Offering","floor":7.0,"key":"SMITH"},{"floor":15.0,"key":"REST"},{"data":"Uppercut","floor":32.0,"key":"SMITH"},{"data":"Mind Blast","floor":40,"key":"SMITH"},{"data":"Mind Blast","floor":44,"key":"SMITH"},{"data":"Mind Blast","floor":49,"key":"SMITH"}],"circlet_count":0,"master_deck":["Double Tap","Demon Form","Bludgeon","Feed","Limit Break","Corruption","Barricade","Fiend Fire","Berserk","Impervious","Juggernaut","Brutality","Reaper","Exhume","Offering+1","Immolate","Whirlwind","Whirlwind","Whirlwind","Flex","Flex","Flex","Uppercut+1","Uppercut","Uppercut","Spot Weakness","Spot Weakness","Spot Weakness","Body Slam","Body Slam","Body Slam","Entrench","Entrench","Entrench","Reaper","Reaper","Reaper","CurseOfTheBell","CurseOfTheBell","CurseOfTheBell","Flame Barrier+1","Flame Barrier+1","Flame Barrier+1","Uppercut+1","Uppercut+1","Uppercut+1","Seeing Red","Seeing Red","True Grit+1","True Grit+1","True Grit+1","Exhume","Exhume","Exhume","Impervious","Impervious","Impervious","Body Slam+1","Body Slam+1","Body Slam+1","Discovery","Discovery","Discovery","Discovery","Discovery","Discovery","Mind Blast+1","Mind Blast+1","Mind Blast+1","Whirlwind","Whirlwind","Whirlwind","Flex+1","Flex+1","Flex+1","Offering","Offering","Offering","Flame Barrier","Flame Barrier","Flame Barrier","Spot Weakness","Spot Weakness","Spot Weakness","Dual Wield+1","Dual Wield+1","Dual Wield+1"],"relics":["Burning Blood","Golden Idol","Pear","PreservedInsect","Regal Pillow","Boot","Dream Catcher","CeramicFish","Calling Bell","Potion Belt","White Beast Statue","Lizard Tail","NlothsMask","TungstenRod","Red Mask","Vajra","Ice Cream","Mark of Pain","Champion Belt","Pocketwatch","Pantograph","InkBottle","Chemical X","Ancient Tea Set","Ornamental Fan","Darkstone Periapt"],"acts_visited":["Exordium","TheCity","TheBeyond"],"potions_floor_usage":[41,50,50,50,50,50],"damage_taken":[{"damage":0.0,"enemies":"Jaw Worm","floor":1.0,"turns":1.0},{"damage":0.0,"enemies":"Small Slimes","floor":2.0,"turns":1.0},{"damage":32.0,"enemies":"Lagavulin","floor":6.0,"turns":6.0},{"damage":0.0,"enemies":"Cultist","floor":8.0,"turns":2.0},{"damage":22.0,"enemies":"Gremlin Nob","floor":10.0,"turns":4.0},{"damage":24.0,"enemies":"Exordium Wildlife","floor":11.0,"turns":5.0},{"damage":20.0,"enemies":"Looter","floor":12.0,"turns":4.0},{"damage":13.0,"enemies":"Lagavulin","floor":13.0,"turns":5.0},{"damage":44.0,"enemies":"Slime Boss","floor":16.0,"turns":9.0},{"damage":33.0,"enemies":"Spheric Guardian","floor":18.0,"turns":4.0},{"damage":10.0,"enemies":"Chosen","floor":19.0,"turns":4.0},{"damage":6.0,"enemies":"Snecko","floor":21.0,"turns":3.0},{"damage":0.0,"enemies":"Snake Plant","floor":22.0,"turns":1.0},{"damage":41.0,"enemies":"Gremlin Leader","floor":23.0,"turns":4.0},{"damage":28.0,"enemies":"Chosen and Byrds","floor":24.0,"turns":7.0},{"damage":5.0,"enemies":"3 Cultists","floor":25.0,"turns":3.0},{"damage":36.0,"enemies":"Masked Bandits","floor":28.0,"turns":4.0},{"damage":25.0,"enemies":"Centurion and Healer","floor":29.0,"turns":19.0},{"damage":47.0,"enemies":"Book of Stabbing","floor":30.0,"turns":7.0},{"damage":94.0,"enemies":"Collector","floor":33.0,"turns":14.0},{"damage":37.0,"enemies":"3 Darklings","floor":35.0,"turns":5.0},{"damage":5,"enemies":"Mind Bloom Boss Battle","floor":37,"turns":5},{"damage":23,"enemies":"3 Shapes","floor":39,"turns":3},{"damage":34,"enemies":"2 Orb Walkers","floor":41,"turns":5},{"damage":0,"enemies":"Nemesis","floor":42,"turns":1},{"damage":22,"enemies":"Transient","floor":45,"turns":5},{"damage":0,"enemies":"Reptomancer","floor":47,"turns":1},{"damage":0,"enemies":"Jaw Worm Horde","floor":48,"turns":1},{"damage":0,"enemies":"Time Eater","floor":50,"turns":7}],"seed_played":"-8818571129356374875","potions_obtained":[{"floor":8.0,"key":"GamblersBrew"},{"floor":10.0,"key":"SkillPotion"},{"floor":11.0,"key":"SneckoOil"},{"floor":16.0,"key":"Explosive Potion"},{"floor":18.0,"key":"Energy Potion"},{"floor":19.0,"key":"SkillPotion"},{"floor":21.0,"key":"SmokeBomb"},{"floor":23.0,"key":"BlessingOfTheForge"},{"floor":24.0,"key":"Swift Potion"},{"floor":25.0,"key":"Energy Potion"},{"floor":28.0,"key":"DuplicationPotion"},{"floor":29.0,"key":"PowerPotion"},{"floor":30.0,"key":"Fire Potion"},{"floor":33.0,"key":"LiquidMemories"},{"floor":35.0,"key":"LiquidBronze"},{"floor":37,"key":"BloodPotion"},{"floor":39,"key":"Ancient Potion"},{"floor":41,"key":"EssenceOfSteel"},{"floor":42,"key":"GamblersBrew"},{"floor":45,"key":"DistilledChaos"},{"floor":47,"key":"DuplicationPotion"}],"is_trial":true,"path_per_floor":["M","M","$","?","T","E","R","M","T","E","M","M","E","?","R","B",null,"M","M","?","M","M","E","M","M","T","?","?","M","E","T","R","B",null,"M","?","?","?","M","R","?","E","T","R","M","$","E","M","R","B",null],"character_chosen":"IRONCLAD","items_purchased":["Flex","Uppercut","Chemical X","Ancient Tea Set","Ornamental Fan","Flame Barrier"],"campfire_rested":1,"item_purchase_floors":[3,3,46,46,46,46],"current_hp_per_floor":[80,80,80,60,70,59,59,65,65,58,46,42,53,50,100,62,100,73,69,69,72,78,43,40,71,71,71,72,112,99,99,99,86,115,97,97,121,112,98,98,122,127,127,127,111,111,117,123,123,127],"gold":551,"neow_bonus":"","is_daily":false,"chose_seed":false,"campfire_upgraded":5,"win_rate":0.0,"timestamp":1614272217,"path_taken":["M","M","$","?","?","E","R","M","T","E","M","M","E","?","R","BOSS","M","M","?","M","?","E","M","M","T","?","?","M","E","?","R","BOSS","M","?","?","?","M","R","?","E","T","R","M","$","E","M","R","BOSS"],"items_purchased_type":["Card","Card","Relic","Relic","Relic","Card"],"build_version":"2020-12-22","purchased_purges":0,"victory":true,"max_hp_per_floor":[80,80,80,80,90,93,93,93,93,93,99,102,105,105,100,100,100,100,100,100,103,103,103,103,103,103,103,106,112,112,112,112,115,115,118,118,121,121,124,124,127,127,127,127,127,127,127,127,127,127],"relic_stats":{"Darkstone Periapt":0,"Regal Pillow":0,"counters":[29,140],"Golden Idol":224,"CeramicFish":162,"PreservedInsect":241,"Boot":[16],"Burning Blood":145,"Dream Catcher":1,"Lizard Tail":0,"Ornamental Fan":[8],"Pantograph":4,"Champion Belt":[5],"Chemical X":[2],"obtain_stats":[{"Ice Cream":31,"Darkstone Periapt":47,"Regal Pillow":9,"CeramicFish":14,"Vajra":30,"Boot":10,"Ancient Tea Set":46,"Burning Blood":0,"Dream Catcher":13,"Lizard Tail":17,"Pantograph":42,"Red Mask":28,"Chemical X":46,"InkBottle":43,"Potion Belt":17,"Pear":5,"Golden Idol":4,"PreservedInsect":6,"White Beast Statue":17,"Calling Bell":17,"Ornamental Fan":46,"Mark of Pain":34,"Champion Belt":37,"TungstenRod":23,"NlothsMask":20,"Pocketwatch":41},{"Ice Cream":19,"Darkstone Periapt":27,"Regal Pillow":4,"CeramicFish":8,"Vajra":19,"Boot":5,"Ancient Tea Set":26,"Burning Blood":0,"Dream Catcher":8,"Lizard Tail":9,"Pantograph":25,"Red Mask":17,"Chemical X":26,"InkBottle":25,"Potion Belt":9,"Pear":2,"Golden Idol":2,"PreservedInsect":3,"White Beast Statue":9,"Calling Bell":9,"Ornamental Fan":26,"Mark of Pain":20,"Champion Belt":22,"TungstenRod":14,"NlothsMask":11,"Pocketwatch":24},{"Ice Cream":93,"Darkstone Periapt":132,"Regal Pillow":10,"CeramicFish":28,"Vajra":93,"Boot":14,"Ancient Tea Set":131,"Burning Blood":0,"Dream Catcher":28,"Lizard Tail":37,"Pantograph":126,"Red Mask":67,"Chemical X":131,"InkBottle":126,"Potion Belt":37,"Pear":2,"Golden Idol":2,"PreservedInsect":8,"White Beast Statue":37,"Calling Bell":37,"Ornamental Fan":131,"Mark of Pain":107,"Champion Belt":117,"TungstenRod":53,"NlothsMask":45,"Pocketwatch":125}],"TungstenRod":76,"InkBottle":[4],"Pocketwatch":[18]},"card_choices":[{"not_picked":["Cleave","Havoc","True Grit"],"picked":"SKIP","floor":1.0},{"not_picked":["Headbutt","Ghostly Armor"],"picked":"Whirlwind","floor":2.0},{"not_picked":["Pommel Strike","Cleave","Dark Embrace"],"picked":"SKIP","floor":6.0},{"not_picked":["Hemokinesis","Rampage"],"picked":"Spot Weakness","floor":8.0},{"not_picked":["Burning Pact","Corruption"],"picked":"Body Slam","floor":10.0},{"not_picked":["Bloodletting","Sword Boomerang","Combust"],"picked":"SKIP","floor":11.0},{"not_picked":["Second Wind","Evolve","Flex"],"picked":"SKIP","floor":12.0},{"not_picked":["Evolve","Pommel Strike"],"picked":"Entrench","floor":13.0},{"not_picked":["Offering","Feed"],"picked":"Reaper","floor":16.0},{"not_picked":["Cleave","Clash"],"picked":"Flame Barrier+1","floor":18.0},{"not_picked":["Searing Blow","Cleave"],"picked":"Uppercut+1","floor":19.0},{"not_picked":["Entrench","Uppercut"],"picked":"Seeing Red","floor":21.0},{"not_picked":["Rage+1","Anger"],"picked":"True Grit+1","floor":23.0},{"not_picked":["Rampage+1","Headbutt","Rage"],"picked":"SKIP","floor":24.0},{"not_picked":["Sword Boomerang","Perfected Strike","Clothesline"],"picked":"SKIP","floor":25.0},{"not_picked":["Reckless Charge","Perfected Strike"],"picked":"Exhume","floor":29.0},{"not_picked":["Ghostly Armor","Iron Wave","Demon Form"],"picked":"SKIP","floor":30.0},{"not_picked":["Double Tap","Fiend Fire"],"picked":"Impervious","floor":33.0},{"not_picked":["Power Through+1","Uppercut+1","Blood for Blood"],"picked":"SKIP","floor":35.0},{"not_picked":["Sword Boomerang","Flex+1"],"picked":"Body Slam+1","floor":37},{"not_picked":["Good Instincts","Purity"],"picked":"Discovery","floor":38},{"not_picked":["Forethought","Thinking Ahead"],"picked":"Discovery","floor":38},{"not_picked":["Panache","Blind"],"picked":"Mind Blast","floor":38},{"not_picked":["Sever Soul+1","Metallicize+1","Cleave"],"picked":"SKIP","floor":39},{"not_picked":["Anger+1","Warcry"],"picked":"Whirlwind","floor":41},{"not_picked":["Rage+1","Blood for Blood"],"picked":"Flex+1","floor":42},{"not_picked":["Headbutt","Havoc"],"picked":"Offering","floor":45},{"not_picked":["Perfected Strike+1","Shrug It Off"],"picked":"Spot Weakness","floor":47},{"not_picked":["Warcry+1","Heavy Blade"],"picked":"Dual Wield+1","floor":48}],"player_experience":1558085,"relics_obtained":[{"floor":5.0,"key":"Pear"},{"floor":6.0,"key":"PreservedInsect"},{"floor":9.0,"key":"Regal Pillow"},{"floor":10.0,"key":"Boot"},{"floor":13.0,"key":"Dream Catcher"},{"floor":17.0,"key":"Potion Belt"},{"floor":17.0,"key":"White Beast Statue"},{"floor":17.0,"key":"Lizard Tail"},{"floor":23.0,"key":"TungstenRod"},{"floor":28.0,"key":"Red Mask"},{"floor":30.0,"key":"Vajra"},{"floor":31.0,"key":"Ice Cream"},{"floor":37,"key":"Champion Belt"},{"floor":41,"key":"Pocketwatch"},{"floor":42,"key":"Pantograph"},{"floor":43,"key":"InkBottle"},{"floor":47,"key":"Darkstone Periapt"}],"event_choices":[{"damage_healed":0.0,"max_hp_gain":0.0,"max_hp_loss":0.0,"gold_gain":0.0,"event_name":"Golden Idol","player_choice":"Take Damage","floor":4.0,"gold_loss":0.0,"damage_taken":20.0,"relics_obtained":["Golden Idol"]},{"damage_healed":0.0,"max_hp_gain":0.0,"max_hp_loss":0.0,"gold_gain":0.0,"event_name":"Scrap Ooze","player_choice":"Success","floor":14.0,"gold_loss":0.0,"damage_taken":3.0,"relics_obtained":["CeramicFish"]},{"damage_healed":0.0,"max_hp_gain":0.0,"max_hp_loss":0.0,"gold_gain":0.0,"event_name":"FaceTrader","player_choice":"Trade","floor":20.0,"gold_loss":0.0,"damage_taken":0.0,"relics_obtained":["NlothsMask"]},{"damage_healed":0.0,"max_hp_gain":0.0,"max_hp_loss":0.0,"gold_gain":0.0,"event_name":"Back to Basics","player_choice":"Simplicity","floor":27.0,"gold_loss":0.0,"damage_taken":0.0,"cards_upgraded":[]},{"damage_healed":0.0,"max_hp_gain":0.0,"max_hp_loss":0.0,"gold_gain":0.0,"event_name":"Masked Bandits","player_choice":"Fought Bandits","floor":28.0,"gold_loss":0.0,"damage_taken":0.0},{"cards_removed":["Seeing Red"],"damage_healed":0.0,"max_hp_gain":0.0,"max_hp_loss":0.0,"gold_gain":0.0,"event_name":"Falling","player_choice":"Removed Skill","floor":36.0,"gold_loss":0.0,"damage_taken":0.0},{"damage_healed":0,"gold_gain":0,"player_choice":"Fight","damage_taken":0,"max_hp_gain":0,"max_hp_loss":0,"event_name":"MindBloom","floor":37,"gold_loss":0},{"damage_healed":0,"gold_gain":0,"player_choice":"Memory 3","damage_taken":10,"max_hp_gain":0,"max_hp_loss":0,"event_name":"SensoryStone","floor":38,"gold_loss":0},{"damage_healed":0,"gold_gain":0,"player_choice":"Fight","damage_taken":0,"max_hp_gain":0,"max_hp_loss":0,"event_name":"Mysterious Sphere","floor":41,"gold_loss":0}],"is_beta":false,"boss_relics":[{"not_picked":["Busted Crown","Cursed Key"],"picked":"Calling Bell"},{"not_picked":["Coffee Dripper","Astrolabe"],"picked":"Mark of Pain"}],"items_purged_floors":[],"is_endless":false,"potions_floor_spawned":[8,10,11,16,18,19,21,22,23,24,25,28,29,30,33,35,37,39,41,42,45,47,48],"ascension_level":0}}