{"host":"u9xtr94typ21duox","time":1614218847,"event":{"mods":["Act Like it!","BaseMod","Downfall","Key Reminder","KinomotoSakuraMod(木之本樱)","LagranYue(拉格朗・月)","Luminous","Marisa（F雨　魔理沙）","Minty Spire (QoL Compilation)","Quick Restart","READ ME - Guardian Mod","Reimu（博丽灵梦）","Remilia（蕾米莉亚）","Replay The Spire","SIMod","SOS（斯巴达之子）","Shop Mod","StSLib","Td1madao Mod","The Administrix","The Bladedancer","The Bug Knight","The Construct","The Cursed","The Gatherer","The Runesmith","The Senshi","The Servant 0.9.4","WarShipGirlsR/战舰少女R mod","Warlord Emblem","Youmu（魂魄妖梦）","[GremlinLeader]The Maniac"],"gold_per_floor":[109,126,138,88,13,46,46,46,46,46,57,92,92,106,106,203,303,315,240,260,260,360,360,371,384,430,529,529,529,529,529],"floor_reached":30,"language":"ZHS","playtime":1463,"items_purged":["theSenshi:SailorBlock"],"score":262,"play_id":"91a5b71e-1fad-4b4c-8b59-940c685d5884","local_time":"20210225100727","is_ascension_mode":true,"campfire_choices":[{"data":"theSenshi:SailorMercuryAssists","floor":7,"key":"SMITH"},{"data":"theSenshi:SailorMarsAssists","floor":13,"key":"SMITH"},{"data":"theSenshi:SailorChibiMoonAssists","floor":15,"key":"SMITH"},{"data":"theSenshi:SailorStarHealerAssists","floor":23,"key":"SMITH"},{"data":"theSenshi:IWillPunishYou","floor":28,"key":"SMITH"}],"circlet_count":0,"master_deck":["theSenshi:SailorKick","theSenshi:SailorBlock","theSenshi:SailorBlock","theSenshi:RoseThrow","theSenshi:MoonPrismPowerMakeUp","theSenshi:SailorMercuryAssists+1","theSenshi:SailorMarsAssists+1","theSenshi:SailorChibiMoonAssists+1","theSenshi:SailorStarHealerAssists+1","theSenshi:Sidestep","theSenshi:IWillPunishYou+1","theSenshi:SailorNeptuneAssists+1","downfall:Haunted"],"relics":["theSenshi:TransformationBroochRelic","LagranYue:RandomDrawCardRelic","NeowsBlessing","Runesmith:AutoHammer","Iron Hammer","theSenshi:TiaraRelic","Happy Flower","Replay:Wanted Poster","keyreminder:keyreminder"],"acts_visited":["Exordium","TheCity"],"potions_floor_usage":[6,24],"damage_taken":[{"damage":0,"enemies":"Small Slimes","floor":1,"turns":1},{"damage":0,"enemies":"2 Louse","floor":2,"turns":1},{"damage":0,"enemies":"Cultist","floor":3,"turns":1},{"damage":24,"enemies":"Gremlin Nob","floor":6,"turns":5},{"damage":0,"enemies":"Exordium Wildlife","floor":11,"turns":4},{"damage":12,"enemies":"3 Sentries","floor":12,"turns":8},{"damage":0,"enemies":"Large Slime","floor":14,"turns":3},{"damage":52,"enemies":"Fading Forest","floor":16,"turns":11},{"damage":16,"enemies":"Spheric Guardian","floor":18,"turns":4},{"damage":3,"enemies":"Chosen","floor":20,"turns":6},{"damage":15,"enemies":"3 Cultists","floor":24,"turns":7},{"damage":10,"enemies":"Snake Plant","floor":25,"turns":6},{"damage":88,"enemies":"Gremlin Leader","floor":30,"turns":18}],"seed_played":"-3256745399171901166","potions_obtained":[{"floor":2,"key":"FearPotion"},{"floor":6,"key":"Ancient Potion"},{"floor":16,"key":"Venom Potion"},{"floor":18,"key":"Cursed Concoction"},{"floor":20,"key":"Swift Potion"}],"is_trial":false,"path_per_floor":["M","M","M","?","$","E","R","?","T","?","M","E","R","M","R","B",null,"M","?","M","?","?","R","M","M","T","?","R","?","E"],"character_chosen":"THE_SENSHI","items_purchased":[],"campfire_rested":0,"item_purchase_floors":[],"current_hp_per_floor":[75,75,75,75,75,51,51,48,48,53,53,41,41,41,41,3,80,64,64,66,66,66,66,56,51,51,51,51,51,0,0],"gold":529,"neow_bonus":"THREE_ENEMY_KILL","is_daily":false,"chose_seed":false,"campfire_upgraded":5,"win_rate":0.0,"timestamp":1614218847,"path_taken":["M","M","M","?","$","E","R","?","T","?","M","E","R","M","R","BOSS","M","?","M","?","?","R","M","?","T","?","R","?","E"],"items_purchased_type":[],"build_version":"2020-12-22","purchased_purges":1,"victory":false,"max_hp_per_floor":[75,75,75,75,75,75,75,75,75,80,80,80,80,80,80,80,80,80,80,80,80,80,80,80,80,80,80,80,80,80,80],"card_choices":[{"not_picked":["theSenshi:SailorMarsAssists","theSenshi:GatheringStrength"],"picked":"theSenshi:SailorMercuryAssists","floor":1},{"not_picked":["theSenshi:SchoolBag","theSenshi:MoonKick"],"picked":"theSenshi:SailorMarsAssists","floor":2},{"not_picked":["theSenshi:LateForSchool","theSenshi:MoonPunch","theSenshi:MoonPower"],"picked":"SKIP","floor":3},{"not_picked":["theSenshi:SailorUranusAssists","theSenshi:SailorMercuryAssists","theSenshi:SailorVenusAssists"],"picked":"SKIP","floor":6},{"not_picked":["theSenshi:MoonPower","theSenshi:LateForSchool"],"picked":"theSenshi:SailorChibiMoonAssists","floor":11},{"not_picked":["theSenshi:CrisisMakeUp","theSenshi:MoonPower","theSenshi:KlutzyLuck"],"picked":"SKIP","floor":12},{"not_picked":["theSenshi:SailorVenusAssists","theSenshi:SailorMercuryAssists","theSenshi:KlutzyLuck"],"picked":"SKIP","floor":14},{"not_picked":["theSenshi:InTheNameOfTheMoon","theSenshi:ChibiMoonsLove"],"picked":"theSenshi:SailorStarHealerAssists","floor":16},{"not_picked":["theSenshi:KlutzyLuck","theSenshi:Sidestep","theSenshi:EncouragingSpeech+1"],"picked":"SKIP","floor":18},{"not_picked":["theSenshi:KlutzyLuck","theSenshi:EncouragingSpeech+1"],"picked":"theSenshi:Sidestep","floor":18},{"not_picked":["theSenshi:MoonPunch","theSenshi:MoonTiaraMagic","theSenshi:LunasBite"],"picked":"SKIP","floor":20},{"not_picked":["theSenshi:MoonPunch","theSenshi:MoonTiaraMagic","theSenshi:LunasBite"],"picked":"SKIP","floor":20},{"not_picked":["theSenshi:SteeledNerves","theSenshi:TuxedoSmokingBomber"],"picked":"theSenshi:IWillPunishYou","floor":24},{"not_picked":["theSenshi:Sidestep","theSenshi:SailorStarFighterAssists"],"picked":"theSenshi:SailorNeptuneAssists+1","floor":25}],"player_experience":412786,"relics_obtained":[{"floor":6,"key":"Runesmith:AutoHammer"},{"floor":9,"key":"theSenshi:TiaraRelic"},{"floor":12,"key":"Happy Flower"}],"event_choices":[{"cards_removed":["theSenshi:SailorKick"],"damage_healed":0,"gold_gain":0,"player_choice":"Card Removal","damage_taken":0,"max_hp_gain":0,"max_hp_loss":0,"event_name":"The Cleric","floor":4,"gold_loss":50},{"damage_healed":0,"gold_gain":0,"player_choice":"Success","damage_taken":3,"relics_obtained":["Iron Hammer"],"max_hp_gain":0,"max_hp_loss":0,"event_name":"Scrap Ooze","floor":8,"gold_loss":0},{"damage_healed":0,"gold_gain":0,"player_choice":"Donut","damage_taken":0,"max_hp_gain":5,"max_hp_loss":0,"event_name":"Big Fish","floor":10,"gold_loss":0},{"cards_removed":["theSenshi:SailorKick"],"damage_healed":0,"gold_gain":0,"player_choice":"Gave Gold","damage_taken":0,"max_hp_gain":0,"max_hp_loss":0,"event_name":"Beggar","floor":19,"gold_loss":75},{"damage_healed":0,"gold_gain":100,"player_choice":"Pray","damage_taken":0,"max_hp_gain":0,"max_hp_loss":0,"event_name":"Golden Shrine","floor":22,"gold_loss":0},{"damage_healed":0,"gold_gain":99,"player_choice":"Stole From Cult","damage_taken":0,"max_hp_gain":0,"max_hp_loss":0,"event_name":"Nest","floor":27,"gold_loss":0},{"damage_healed":0,"gold_gain":0,"cards_transformed":["Envy_TH"],"player_choice":"Transformed","damage_taken":0,"max_hp_gain":0,"max_hp_loss":0,"event_name":"Transmorgrifier","floor":29,"gold_loss":0,"cards_obtained":["downfall:Haunted"]}],"is_beta":false,"boss_relics":[{"not_picked":["Runic Dome","Pandora\u0027s Box"],"picked":"Replay:Wanted Poster"}],"items_purged_floors":[5],"is_endless":false,"potions_floor_spawned":[2,6,16,18,20],"killed_by":"Gremlin Leader","ascension_level":2}}