{"host":"27wa8ufp4ryspt1p","time":1614231364,"event":{"mods":["2.2 Compatiblity","A Penny For Your Troubles","Abigail Mod","Act Like it!","Aspiration","BaseMod","Better Altar","Better Match","Better Note","Better Skull","Better Third Choice","Colored Map","Conspire","Curses Come First","Dota2Spire","Downfall-Rebalance","Elementarium","Energized Spire","Fox Events","Friendly Minions","Gensokyo","GifTheSpireLib","Gold Saver","Halation","Hallownest","HololiveMod","Hubris","Humility","Infinite Spire","Keyboard Shortcuts","Menagerie","Mimic Mod","Minty Spire (QoL Compilation)","Pale of the Ancients","Poor People Problems","Quarter Circle Forward PUNCH!","Reimu??????","Relic Filter Mod","Relic Sorter","Relic Stats","Reliquary","Replay The Spire","Reworked Bosses","Ruina","Shop Mod","Spicy Shops","Spikes Relics","Spire Arcade","StSLib","Stuff the Spire","SuperFastMode","The Cursed","The Exalted","The Judge","The Necromancer","Trackpad","Waifu the Spire","Wandering Minibosses","[IsaacMod]????","??????REMEMod","????"],"gold_per_floor":[146,649,649,661,681,681,133,30,62,0,0],"floor_reached":10,"language":"SPA","playtime":525,"items_purged":[],"score":122,"play_id":"76a9c73c-2c83-40bf-822f-b2f56d9023cb","local_time":"20210224233604","daily_mods":["SealedDeck","Colorless Cards","Heirloom","Elite Swarm","Lethality"],"is_ascension_mode":true,"campfire_choices":[{"data":"DoctorFetus","floor":6,"key":"SMITH"}],"circlet_count":0,"master_deck":["AscendersBane","DoctorFetus+1","Hololive_FlyingPonyTail","Hololive_StrengthChampion","Hololive_Breathe","Hololive_Breathe","BettingIsNotGood","Hololive_Rebound","Hololive_Breathe","Hololive_Rebound","Hololive_CallShirakamiFubuki","Hololive_CallSakuraMiko","Delirium","Seeing Red","Hololive_CocoNews","Hololive_HuntDinosaur+1","Hololive_CallAmaneKanata","Hololive_AWSL","Panacea+1"],"relics":["Hololive_TheStar","HushsDoor","REME_ComplimentaryCards","Unceasing Top","BookOfRevelations","wanderingMiniBosses:LockLocket","Menagerie:GhostlyEgg","MerchantsRug","Oddly Smooth Stone","aspiration:DSix"],"acts_visited":["Menagerie:Menagerie"],"potions_floor_usage":[],"damage_taken":[{"damage":0,"enemies":"Menagerie:WhisperingWraith","floor":2,"turns":12},{"damage":0,"enemies":"Menagerie:StygianBoar","floor":4,"turns":3},{"damage":0,"enemies":"Menagerie:2_RABBITS","floor":5,"turns":3},{"damage":41,"enemies":"Menagerie:MaskedSummoner","floor":8,"turns":5},{"damage":0,"enemies":"Menagerie:KEEPER_AND_YOUNG_SUNEATER","floor":9,"turns":4},{"damage":22,"enemies":"Menagerie:VoidReaper","floor":10,"turns":3}],"seed_played":"-3301567981487789798","potions_obtained":[{"floor":4,"key":"Languid Potion"}],"is_trial":true,"path_per_floor":["?","M","?","M","M","R","$","E","MIM","E"],"character_chosen":"Hololive_HololiveCharacter","items_purchased":["MerchantsRug","Oddly Smooth Stone","Hololive_CallAmaneKanata"],"campfire_rested":0,"item_purchase_floors":[7,7,7],"current_hp_per_floor":[27,27,15,15,15,15,15,1,2,0,0],"gold":0,"neow_bonus":"","is_daily":false,"chose_seed":false,"campfire_upgraded":1,"win_rate":0.0,"timestamp":1614231364,"path_taken":["?","M","?","M","M","R","$","E","MIM","E"],"items_purchased_type":["Relic","Relic","Card"],"build_version":"2020-12-22","purchased_purges":0,"victory":false,"max_hp_per_floor":[30,30,30,30,30,30,30,30,31,32,32],"relic_stats":{"counters":[6,30],"obtain_stats":[{"KeepersGift":0,"MerchantsRug":7,"Hololive_TheStar":0,"BookOfRevelations":2,"Oddly Smooth Stone":7,"Menagerie:GhostlyEgg":3,"HushsDoor":0,"wanderingMiniBosses:LockLocket":2,"aspiration:DSix":8,"Unceasing Top":0,"REME_ComplimentaryCards":0},{"KeepersGift":0,"MerchantsRug":3,"Hololive_TheStar":0,"BookOfRevelations":1,"Oddly Smooth Stone":3,"Menagerie:GhostlyEgg":1,"HushsDoor":0,"wanderingMiniBosses:LockLocket":1,"aspiration:DSix":4,"Unceasing Top":0,"REME_ComplimentaryCards":0},{"KeepersGift":0,"MerchantsRug":18,"Hololive_TheStar":0,"BookOfRevelations":1,"Oddly Smooth Stone":18,"Menagerie:GhostlyEgg":12,"HushsDoor":0,"wanderingMiniBosses:LockLocket":12,"aspiration:DSix":23,"Unceasing Top":0,"REME_ComplimentaryCards":0}],"Unceasing Top":[1]},"card_choices":[{"not_picked":[],"picked":"DoctorFetus","floor":0},{"not_picked":["Hololive_LuckPotion","Hololive_Trident","Hololive_Psychosis"],"picked":"Hololive_CocoNews","floor":2},{"not_picked":["Hololive_Breathe","Hololive_FlyingPonyTail+1","Degenerate","Hololive_Sequa"],"picked":"SKIP","floor":4},{"not_picked":["Hololive_Rebound","Hololive_Drill","Hololive_OvertimeWork"],"picked":"Hololive_HuntDinosaur+1","floor":5},{"not_picked":["SuicideKing","Hololive_BeCareful+1","Hololive_DiamondStrike+1"],"picked":"Hololive_AWSL","floor":8},{"not_picked":["Hololive_CallUruhaRushia","Degenerate","Hololive_CocoNews"],"picked":"Panacea+1","floor":9}],"player_experience":4053215,"relics_obtained":[{"floor":2,"key":"wanderingMiniBosses:LockLocket"},{"floor":8,"key":"aspiration:DSix"}],"event_choices":[{"damage_healed":0,"gold_gain":0,"player_choice":"Explore","damage_taken":12,"relics_obtained":["Menagerie:GhostlyEgg"],"max_hp_gain":0,"max_hp_loss":0,"event_name":"Menagerie:Silence","floor":3,"gold_loss":0}],"is_beta":false,"boss_relics":[],"items_purged_floors":[],"is_endless":false,"potions_floor_spawned":[4],"killed_by":"Menagerie:VoidReaper","ascension_level":20,"is_humility":true}}