{"host":"u6i4tuckh9ieu6fx","time":1614239206,"event":{"mods":["100% Spire Juice","ATMod(阿瑾Mod)","Act Like it!","Arknights","Ascension Reborn","Aspiration","Bard","BaseMod","Better Vampires","Chen","Colored Powertips","Conspire","Decade(王小明)","Dota2Spire","Downfall","Gensokyo","GifTheSpireLib","Hallownest","Highlight Path","Jedi Mod","Jorbs\u0027s Wanderer Trilogy","KinomotoSakuraMod(木之本樱)","Koishi","KomeijiMod","LagranYue(拉格朗・月)","Library of Ruina","Library of Ruina Extra","Lobotomy","LobotomyExtend","Luminous","Marisa（F雨　魔理沙）","Minty Spire (QoL Compilation)","MostiFishMod","Reimu（博丽灵梦）","Reliquary","Remilia（蕾米莉亚）","RumiaBox-露米娅的神秘盒子","SIMod","StSLib","Td1madao Mod","TestMod","The Administrix","The Animator","The Bug Knight","The Marked","WarShipGirlsR/战舰少女R mod","Youmu（魂魄妖梦）","Yuyuko","[GremlinLeader]The Maniac","[IsaacMod]以撒尖塔","【功能Mod】混沌之环修复补丁","【遗物卡牌】REMEMod","残留之物","篝火指南"],"gold_per_floor":[110,146,202,214,46,76,1,11,11,51,68,132,151,166,166,166,166],"floor_reached":16,"language":"ZHS","playtime":1412,"items_purged":[],"score":102,"play_id":"2d987ffc-fa1e-43e4-8b60-30fec4318fec","local_time":"20210225154646","is_ascension_mode":true,"campfire_choices":[{"floor":15,"key":"RECALL"}],"circlet_count":0,"master_deck":["LongBird","HollowMod:NailStrikeStart","HollowMod:NailStrikeStart","HollowMod:NailStrikeStart","HollowMod:NailStrikeStart","HollowMod:QuickDashStart","HollowMod:QuickDashStart","HollowMod:QuickDashStart","HollowMod:QuickDashStart","HollowMod:FocusHealStart","HollowMod:PogoStrike","AT_KneejerkReflex","TimeForALittleTest","HollowMod:SoulShaman","HollowMod:SoulMaster","HollowMod:SoulEater","HollowMod:DashSlash","PunishingBird","HollowMod:MonarchWings","HollowMod:GoodIntentions","SingingMachine","HollowMod:HornetsHelp","VoidDream","HollowMod:DreamGate","HollowMod:CloakDash"],"relics":["HollowMod:VesselMask","testmod-TestBox","AT_ATBox","REME_ComplimentaryCards","DaveBox","HushsDoor","testmod-InfectionSource","MostiFishMod:Haymaker","UnicornStump","CogitoBucket","SynthV:TestCard","LetterFromLob","RuthlessExorcism:ReiMu","LagranYue:MagicReflectiveArmorRelic","Justitia_r","conspire:Dentures","Hallownest:BankAccountRelic","Yang_Lob"],"acts_visited":["Hallownest:Greenpath"],"potions_floor_usage":[8,16],"damage_taken":[{"damage":6,"enemies":"Hallownest:monsterHuskWarrior","floor":1,"turns":3},{"damage":11,"enemies":"conspire:MimicChest","floor":2,"turns":5},{"damage":6,"enemies":"Hallownest:2_MossCreeps","floor":4,"turns":4},{"damage":15,"enemies":"Hallownest:eliteCrystalGuardian","floor":6,"turns":6},{"damage":63,"enemies":"2_ Uuma","floor":8,"turns":8},{"damage":0,"enemies":"Hallownest:1_Ooma_and_2_Uuma","floor":11,"turns":5},{"damage":8,"enemies":"Hallownest:Wandering_and_Horned","floor":13,"turns":4},{"damage":9,"enemies":"Hallownest:MossCreep_and_Mosskin","floor":14,"turns":4},{"damage":28,"enemies":"Hallownest:BossBrokenVessel","floor":16,"turns":7}],"seed_played":"-421724985419783238","potions_obtained":[{"floor":4,"key":"Slimebound:ThreeZeroPotion"},{"floor":8,"key":"Slimebound:ThreeZeroPotion"},{"floor":11,"key":"jedi:hoardpotion"}],"is_trial":false,"path_per_floor":["M","?","?","M","$","E","?","M","T","$","M","?","M","M","R","B"],"character_chosen":"THE_BUGKNIGHT","items_purchased":["LagranYue:MagicReflectiveArmorRelic","HollowMod:DashSlash"],"campfire_rested":0,"item_purchase_floors":[5,5],"current_hp_per_floor":[75,64,49,49,49,44,44,13,13,13,29,14,20,13,13,0,0],"gold":166,"neow_bonus":"","is_daily":false,"chose_seed":false,"campfire_upgraded":0,"win_rate":0.0,"timestamp":1614239206,"path_taken":["M","?","?","?","$","E","?","M","T","$","M","?","?","?","R","BOSS"],"items_purchased_type":["Relic","Card"],"build_version":"2020-12-22","purchased_purges":0,"victory":false,"max_hp_per_floor":[75,75,75,75,75,75,75,75,75,75,75,75,75,75,75,75,75],"card_choices":[{"not_picked":[],"picked":"Bomb","floor":0},{"not_picked":["FairyFestival","Wellcheers"],"picked":"Yin","floor":1},{"not_picked":["HollowMod:HowlingWraiths","HollowMod:MonarchWings"],"picked":"HollowMod:SoulShaman","floor":1},{"not_picked":["HollowMod:SharpenedNail","HollowMod:MawleksShell","HollowMod:CrystalDash","HollowMod:CloakDash"],"picked":"HollowMod:SoulMaster","floor":2},{"not_picked":["OSAHOGD","LittleHelper"],"picked":"LongBird","floor":4},{"not_picked":["HollowMod:CrystalDash","HollowMod:DungDefenderAura","HollowMod:DescendingDark","HollowMod:LifebloodCocoon"],"picked":"HollowMod:SoulEater","floor":4},{"not_picked":["LaLuna","WallGazer"],"picked":"PunishingBird","floor":6},{"not_picked":["HollowMod:CoiledNail","HollowMod:DreamGate","HollowMod:SharpenedNail","HollowMod:CornifersMapStart"],"picked":"HollowMod:MonarchWings","floor":6},{"not_picked":["HollowMod:HowlingWraiths","HollowMod:SiblingsSouls","HollowMod:TaintedHusks","HollowMod:ShapeofUnn"],"picked":"HollowMod:GoodIntentions","floor":8},{"not_picked":["HappyTeddy","DreamingCurrent"],"picked":"SingingMachine","floor":11},{"not_picked":["HollowMod:SoulStrike","HollowMod:InfectionAssault","HollowMod:SiblingsShadow","HollowMod:FallenFury"],"picked":"HollowMod:HornetsHelp","floor":11},{"not_picked":["Scorched","LittlePrince"],"picked":"VoidDream","floor":13},{"not_picked":["HollowMod:HeavyBlow","HollowMod:InfectionAssault","HollowMod:SoulSplash","HollowMod:FallenFury"],"picked":"HollowMod:DreamGate","floor":13},{"not_picked":["HollowMod:SharpenedNail","HollowMod:NewInfectedGuardian","HollowMod:DescendingDark","HollowMod:InfectedCysts"],"picked":"HollowMod:CloakDash","floor":14}],"player_experience":107532,"relics_obtained":[{"floor":1,"key":"SynthV:TestCard"},{"floor":1,"key":"LetterFromLob"},{"floor":2,"key":"RuthlessExorcism:ReiMu"},{"floor":6,"key":"conspire:Dentures"}],"event_choices":[],"is_beta":false,"boss_relics":[],"items_purged_floors":[],"is_endless":false,"potions_floor_spawned":[4,6,8,11],"killed_by":"Hallownest:BossBrokenVessel","ascension_level":0}}