{"host":"qrfkyfrpo74atslb","time":1614215857,"event":{"mods":["Astrologer","Bartender","BaseMod","Beaked The Cultist","Better Note","Better Third Choice","CapriCore","Colored Map","Colored Powertips","Conspire","DeckTracker","Downfall","GungeonMod","Hermit","Hero for Fun","Hubris","Koishi","LagranYue(???·?)","Mad Scientist","Marisa????????","Minty Spire (QoL Compilation)","Prisma Mod","Reimu??????","Remilia??????","StSLib","The Administrix","The Alterego","The Bladedancer","The Cursed","The Gatherer","The Immortal","The Mystic","The Necromancer","The Runesmith","The Servant 0.9.4","The Wild Card","TheSwordswoman","WarShipGirlsR/????R mod","Yakumo Yukari mod","Yuyuko"],"gold_per_floor":[114,0,0,0,0,34,48,48,74,24,55,55,74,93,93,69,69],"floor_reached":16,"language":"ENG","playtime":552,"items_purged":[],"score":158,"play_id":"574e50eb-eb3a-4c2e-b9fc-9ef038359b4b","local_time":"20210225141737","is_ascension_mode":false,"campfire_choices":[{"data":"WitchOfGreed","floor":8,"key":"SMITH"},{"floor":12,"key":"REST"},{"floor":15,"key":"REST"}],"circlet_count":0,"master_deck":["Strike_MRS","Strike_MRS","Strike_MRS","Strike_MRS","Defend_MRS","Defend_MRS","Defend_MRS","Defend_MRS","MasterSpark","UpSweep","PowerUp+1","Enlightenment","Poor:ReiMu","SporeBomb","WitchOfGreed+1","conspire:SpireCoStock","FinalSpark","MilkyWay","WitchLeyline"],"relics":["MiniHakkero","LagranYue:RandomDrawCardRelic","NeowsBlessing","YidongShenshe:ReiMu","Smiling Mask","LagranYue:GuidanceLightRelic","ScarletDevilRocket"],"acts_visited":["Exordium"],"potions_floor_usage":[11,13,16,16,16],"damage_taken":[{"damage":0,"enemies":"Small Slimes","floor":1,"turns":1},{"damage":0,"enemies":"Gremlin Nob","floor":6,"turns":1},{"damage":0,"enemies":"2 Louse","floor":7,"turns":1},{"damage":68,"enemies":"Lagavulin","floor":11,"turns":7},{"damage":9,"enemies":"Jaw Worm","floor":13,"turns":4},{"damage":24,"enemies":"3 Louse","floor":14,"turns":6},{"damage":29,"enemies":"The Guardian","floor":16,"turns":8}],"seed_played":"7203934583188230913","potions_obtained":[{"floor":6,"key":"AttackPotion"},{"floor":11,"key":"AttackPotion"},{"floor":11,"key":"Strength Potion"},{"floor":13,"key":"DemoMod:LeadSkinPotion"},{"floor":13,"key":"ShroomBrew"}],"is_trial":false,"path_per_floor":["M","?","?","?","$","E","M","R","T","?","E","R","M","M","R","B"],"character_chosen":"MARISA","items_purchased":[],"campfire_rested":2,"item_purchase_floors":[],"current_hp_per_floor":[75,81,81,81,81,81,81,81,81,81,13,37,28,4,28,0,0],"gold":69,"neow_bonus":"THREE_ENEMY_KILL","is_daily":false,"chose_seed":false,"campfire_upgraded":1,"win_rate":0.0,"timestamp":1614215857,"path_taken":["M","?","?","?","$","E","M","R","T","?","E","R","M","M","R","BOSS"],"items_purchased_type":[],"build_version":"2020-12-22","purchased_purges":0,"victory":false,"max_hp_per_floor":[75,81,81,81,81,81,81,81,81,81,81,81,81,81,81,81,81],"card_choices":[{"not_picked":["UnstableBomb","6A"],"picked":"PowerUp","floor":1},{"not_picked":["CollectingQuirk","LuminesStrike"],"picked":"SporeBomb","floor":6},{"not_picked":["Robbery","MagicAbsorber"],"picked":"WitchOfGreed","floor":7},{"not_picked":["Orbital","AlicesGift"],"picked":"FinalSpark","floor":11},{"not_picked":["ChargeUpSpray","WitchOfGreed"],"picked":"MilkyWay","floor":13},{"not_picked":["6A","MagicChant"],"picked":"WitchLeyline","floor":14}],"player_experience":138420,"relics_obtained":[{"floor":6,"key":"Smiling Mask"},{"floor":9,"key":"LagranYue:GuidanceLightRelic"},{"floor":11,"key":"ScarletDevilRocket"}],"event_choices":[{"damage_healed":0,"gold_gain":0,"player_choice":"RENOUNCE","damage_taken":114,"max_hp_gain":0,"max_hp_loss":0,"event_name":"betterThird:BetterSerpent","floor":2,"gold_loss":114,"cards_obtained":["Enlightenment"]},{"damage_healed":0,"gold_gain":0,"player_choice":"Grow","damage_taken":0,"max_hp_gain":0,"max_hp_loss":0,"event_name":"Living Wall","floor":3,"gold_loss":0,"cards_upgraded":["PowerUp"]},{"damage_healed":0,"gold_gain":0,"player_choice":"Take Tiny Shrine away","damage_taken":0,"relics_obtained":["YidongShenshe:ReiMu"],"max_hp_gain":0,"max_hp_loss":0,"event_name":"yidonshenshe","floor":4,"gold_loss":0,"cards_obtained":["Poor:ReiMu"]},{"damage_healed":0,"gold_gain":0,"player_choice":"Invest 1","damage_taken":0,"max_hp_gain":0,"max_hp_loss":0,"event_name":"conspire:Investor","floor":10,"gold_loss":0}],"is_beta":false,"boss_relics":[],"items_purged_floors":[],"is_endless":false,"potions_floor_spawned":[6,11,13],"killed_by":"The Guardian","ascension_level":0}}