{"host":"a3r3rnu1bta2av1p","time":1614253919,"event":{"mods":["100% Spire Juice","Act Like it!","Arknights","BaseMod","Gensokyo","Hallownest","Library of Ruina","Library of Ruina Extra","Minty Spire (QoL Compilation)","MostiFishMod","Spicy Shops","StSLib","WarShipGirlsR/’ΩΩ¢…Ÿ≈ÆR mod"],"gold_per_floor":[112,112,125,143,123,123,133,133,133,144,94,129,141,159,159,262,262,281,55,72,72,85,85,100,25,25,45,55,55,88,105,105,206,206,220,220],"floor_reached":35,"language":"ZHS","playtime":2269,"items_purged":["ats:Strike C"],"score":485,"play_id":"20e1da1f-e84c-43bc-8ec0-e46b5fa4dcc3","local_time":"20210225195159","is_ascension_mode":false,"campfire_choices":[{"data":"ats:Soul Absorption","floor":6,"key":"SMITH"},{"floor":8,"key":"REST"},{"data":"ats:Calcification","floor":15,"key":"SMITH"},{"data":"ats:Dogmatic Field","floor":23,"key":"SMITH"},{"data":"ats:Soul Rend","floor":32,"key":"SMITH"}],"circlet_count":0,"master_deck":["ats:Soul Absorption","ats:Guardian Obelisk","ats:Guard Mode","ats:Spore Proliferation","ats:Shadow Raid","ats:Flexible Camouflage","ats:True Silver Slash","ats:Encircling Forest","ats:Red Shift","ats:Apocalypse","ats:Fractured Body","ats:Revitalization","ats:Fractured Body","ats:Powerful Strike","ats:Rat Pack","ats:Closed Bolt Burst Fire","ats:Guardian Obelisk","ats:Defend Order","ats:Sunburst","ats:Powerful Strike","ats:Burning Ground","ats:Song Of Battle","ats:Rat Pack"],"relics":["ats:Sanity","DaveBox","TimeKeys","SynthV:TestCard","Tiny Chest","ats:Originium","Mercury Hourglass","xbg","Civilization","Girya","ats:Bonebreaker","FixedStarFall"],"acts_visited":["Exordium","TheCity","TheBeyond"],"potions_floor_usage":[],"damage_taken":[{"damage":13,"enemies":"Small Slimes","floor":1,"turns":3},{"damage":9,"enemies":"ats:Genji","floor":3,"turns":3},{"damage":30,"enemies":"Jaw Worm","floor":4,"turns":5},{"damage":17,"enemies":"Large Slime","floor":7,"turns":3},{"damage":15,"enemies":"3 Louse","floor":10,"turns":5},{"damage":5,"enemies":"Lagavulin","floor":12,"turns":5},{"damage":5,"enemies":"Looter","floor":13,"turns":3},{"damage":7,"enemies":"Gremlin Gang","floor":14,"turns":3},{"damage":0,"enemies":"Slime Boss","floor":16,"turns":6},{"damage":36,"enemies":"Shell Parasite","floor":18,"turns":11},{"damage":20,"enemies":"2 Thieves","floor":20,"turns":2},{"damage":32,"enemies":"Snake Plant","floor":22,"turns":5},{"damage":12,"enemies":"3 Cultists","floor":24,"turns":2},{"damage":7,"enemies":"Shelled Parasite and Fungi","floor":27,"turns":6},{"damage":19,"enemies":"Snecko","floor":28,"turns":5},{"damage":21,"enemies":"Slavers","floor":30,"turns":2},{"damage":0,"enemies":"3 Cultists","floor":31,"turns":3},{"damage":4,"enemies":"Champ","floor":33,"turns":14},{"damage":21,"enemies":"Orb Walker","floor":35,"turns":3}],"seed_played":"-868722075802792991","potions_obtained":[{"floor":1,"key":"ats:Burn Small Potion"},{"floor":3,"key":"SkillPotion"},{"floor":7,"key":"SmokeBomb"}],"is_trial":false,"path_per_floor":["M","?","M","M","?","R","M","R","T","M","?","E","M","M","R","B",null,"M","$","M","$","M","R","M","?","T","M","M","?","E","M","R","B",null,"M"],"character_chosen":"DOCTOR_CLASS","items_purchased":["Civilization"],"campfire_rested":1,"item_purchase_floors":[19],"current_hp_per_floor":[59,64,55,25,25,25,8,31,31,19,19,17,15,11,11,25,77,77,77,59,59,61,61,58,58,58,92,81,81,71,87,87,112,112,97,97],"gold":220,"neow_bonus":"TRANSFORM_CARD","is_daily":false,"chose_seed":false,"campfire_upgraded":4,"win_rate":0.0,"timestamp":1614253919,"path_taken":["M","?","M","M","?","R","M","R","T","M","?","E","M","M","R","BOSS","M","$","M","$","M","R","M","?","T","M","M","?","E","M","R","BOSS","M"],"items_purchased_type":["Relic"],"build_version":"2020-12-22","purchased_purges":1,"victory":false,"max_hp_per_floor":[72,77,77,77,77,77,77,77,77,77,77,77,77,77,77,77,77,77,77,79,79,82,82,87,87,87,92,97,97,102,107,107,112,112,117,117],"card_choices":[{"not_picked":["ats:Song Of Battle","ats:Thermite Blade"],"picked":"ats:Burning Ground","floor":1},{"not_picked":["ats:Cat Scratch","ats:Guard Mode","ats:Consecutive Shot Auto","ats:Flexible Camouflage"],"picked":"ats:Ignite","floor":3},{"not_picked":["ats:Hammer On","ats:Apocalypse","ats:Guard Mode","ats:Chain Hook"],"picked":"ats:Charging Defense","floor":4},{"not_picked":["ats:Serious Mode","ats:Directed Diagnosis","ats:Shell Defense","ats:Poison Spread"],"picked":"ats:Blood Oath","floor":7},{"not_picked":["ats:Assault Order","ats:Serious Mode","ats:Overload","ats:Rapid Magazine"],"picked":"ats:Support Order","floor":10},{"not_picked":["ats:Absolute Focus","ats:Apocalypse","ats:Support Order","ats:Hammer On"],"picked":"ats:Part Time Job","floor":12},{"not_picked":["ats:Burning Ground","ats:Powerful Strike","ats:Guard Mode","ats:Shell Defense"],"picked":"ats:Calcification","floor":13},{"not_picked":["ats:Powerful Strike","ats:Encircling Forest","ats:Leaping Hammer","ats:Revitalization"],"picked":"ats:Guard Mode","floor":14},{"not_picked":["ats:Wolf Pack","ats:Soul Rend","ats:Calcification","ats:Rat Pack"],"picked":"ats:Dogmatic Field","floor":16},{"not_picked":["ats:Shadow Raid","ats:Consecutive Shot Auto+1","ats:Hammer On","ats:Demon Strength"],"picked":"ats:Spore Proliferation+1","floor":18},{"not_picked":["ats:Closed Bolt Burst Fire","ats:Apocalypse+1","ats:Consecutive Shot Auto+1","ats:Very Hot Blade"],"picked":"ats:Demon Strength","floor":20},{"not_picked":["ats:Leaping Hammer","ats:Revitalization","ats:Apocalypse","ats:Poison Spread","ats:Assault Order"],"picked":"SKIP","floor":22},{"not_picked":["ats:Guard Mode","ats:Healing Drone","ats:Flexible Camouflage+1","ats:Hammer On"],"picked":"ats:Literary Storm","floor":24},{"not_picked":["ats:Flame Of Heaven","ats:Apocalypse","ats:Soul Absorption","ats:Very Hot Blade"],"picked":"ats:Thorns","floor":27},{"not_picked":["ats:Serious Mode","ats:Spore Proliferation","ats:Poison Spread+1","ats:Hammer On"],"picked":"ats:Soul Rend","floor":28},{"not_picked":["ats:Charging Defense","ats:Curse Doll+1","ats:Powerful Strike","ats:Very Hot Blade"],"picked":"ats:Defend Order","floor":30},{"not_picked":["ats:Flexible Camouflage","ats:Poison Spread","ats:Phantom","ats:Guard Mode","ats:Sunburst"],"picked":"SKIP","floor":31},{"not_picked":["ats:Volcano","ats:Rat Pack","ats:Ambush","ats:Disruption Kick"],"picked":"ats:Calcification","floor":33}],"player_experience":70637,"relics_obtained":[{"floor":1,"key":"SynthV:TestCard"},{"floor":9,"key":"Tiny Chest"},{"floor":12,"key":"ats:Originium"},{"floor":12,"key":"Mercury Hourglass"},{"floor":26,"key":"Girya"},{"floor":30,"key":"ats:Originium"},{"floor":30,"key":"ats:Bonebreaker"}],"event_choices":[{"damage_healed":0,"gold_gain":0,"player_choice":"Donut","damage_taken":0,"max_hp_gain":5,"max_hp_loss":0,"event_name":"Big Fish","floor":2,"gold_loss":0},{"cards_removed":["ats:Strike V"],"damage_healed":0,"gold_gain":0,"player_choice":"Card Removal","damage_taken":0,"max_hp_gain":0,"max_hp_loss":0,"event_name":"The Cleric","floor":11,"gold_loss":50},{"cards_removed":["ats:Strike S"],"damage_healed":0,"gold_gain":0,"player_choice":"Gave Gold","damage_taken":0,"max_hp_gain":0,"max_hp_loss":0,"event_name":"Beggar","floor":25,"gold_loss":75},{"damage_healed":0,"gold_gain":0,"player_choice":"Ignored","damage_taken":0,"max_hp_gain":0,"max_hp_loss":0,"event_name":"Ghosts","floor":29,"gold_loss":0}],"is_beta":false,"boss_relics":[{"not_picked":["ChiXiaoBlade","Calling Bell"],"picked":"xbg"},{"not_picked":["JellyFishMachine","Cursed Key"],"picked":"FixedStarFall"}],"items_purged_floors":[19],"is_endless":false,"potions_floor_spawned":[1,3,7,18,20,24,28,31],"killed_by":"Orb Walker","ascension_level":0}}