{"host":"eae5ll7jplp56zri","time":1614225009,"event":{"mods":["2.2 Compatiblity","BaseMod","CapriCore","Colored Map","Colored Powertips","DeckTracker","Hermit","KOR Keyword Fix","Keyboard Shortcuts","Minty Spire (QoL Compilation)","Permanent Neow","Quick Restart","Replay The Spire","StSLib","The Animator","The Bug Knight","The Cursed","The Jungle","everything is the same but u backflip on backflip"],"gold_per_floor":[114,114,125,140,140,171,171,181,181,52,115,145,75,86,86,86,86],"floor_reached":16,"language":"KOR","playtime":970,"items_purged":["HollowMod:NailStrikeStart"],"score":100,"play_id":"6e2b348a-1a8a-4e98-9a22-a16d3add26b1","local_time":"20210225125009","is_ascension_mode":false,"campfire_choices":[{"data":"HollowMod:GrimmsGift","floor":7,"key":"SMITH"},{"data":"HollowMod:LifebloodCocoon","floor":15,"key":"SMITH"}],"circlet_count":0,"master_deck":["HollowMod:NailStrikeStart","HollowMod:NailStrikeStart","HollowMod:NailStrikeStart","HollowMod:QuickDashStart","HollowMod:QuickDashStart","HollowMod:QuickDashStart","HollowMod:QuickDashStart","HollowMod:FocusHealStart+1","HollowMod:PogoStrike","HollowMod:VoidDash","HollowMod:BaldurShell","HollowMod:GrimmsGift+1","HollowMod:LifebloodCocoon+1","HollowMod:HuntersJournal","HollowMod:ElderbugsWisdom","HollowMod:DoubleDash","HollowMod:DescendingDark","HollowMod:InfectedCysts","HollowMod:SoulShaman","HollowMod:DesolateDive"],"relics":["HollowMod:VesselMask","CultistMask","ReplayTheSpireMod:TigerMarble","HollowMod:KingsBrand","Chameleon Ring","Odd Mushroom"],"acts_visited":["Exordium"],"potions_floor_usage":[12,16],"damage_taken":[{"damage":3,"enemies":"Jaw Worm","floor":1,"turns":4},{"damage":0,"enemies":"Cultist","floor":3,"turns":4},{"damage":0,"enemies":"Small Slimes","floor":4,"turns":3},{"damage":43,"enemies":"3 Sentries","floor":6,"turns":11},{"damage":17,"enemies":"Blue Slaver","floor":8,"turns":4},{"damage":18,"enemies":"3 Sentries","floor":11,"turns":11},{"damage":11,"enemies":"The Mushroom Lair","floor":12,"turns":4},{"damage":0,"enemies":"3 Louse","floor":14,"turns":1},{"damage":51,"enemies":"Hexaghost","floor":16,"turns":9}],"seed_played":"40516197874042283","potions_obtained":[{"floor":4,"key":"Adrenaline Potion"},{"floor":12,"key":"BlessingOfTheForge"}],"is_trial":false,"path_per_floor":["M","?","M","M","?","E","R","M","T","$","?","?","$","M","R_BF","B"],"character_chosen":"THE_BUGKNIGHT","items_purchased":["HollowMod:DoubleDash","HollowMod:SoulShaman"],"campfire_rested":0,"item_purchase_floors":[10,13],"current_hp_per_floor":[72,72,75,75,75,42,42,47,47,47,41,36,36,36,36,0,0],"gold":86,"neow_bonus":"ONE_RANDOM_RARE_CARD","is_daily":false,"chose_seed":false,"campfire_upgraded":2,"win_rate":0.0,"timestamp":1614225009,"path_taken":["M","?","M","?","?","E","R","?","T","$","?","?","?","M","R_BF","BOSS"],"items_purchased_type":["Card","Card"],"build_version":"2020-12-22","purchased_purges":1,"victory":false,"max_hp_per_floor":[75,75,75,75,75,75,75,75,75,75,75,75,75,75,75,75,75],"card_choices":[{"not_picked":["HollowMod:NewJinnsSoul","HollowMod:HowlingWraiths"],"picked":"HollowMod:BaldurShell","floor":1},{"not_picked":["HollowMod:NewGlowingWomb","HollowMod:CornifersMapStart"],"picked":"HollowMod:GrimmsGift","floor":3},{"not_picked":["HollowMod:ShapeofUnn","HollowMod:ChannelNail"],"picked":"HollowMod:LifebloodCocoon","floor":4},{"not_picked":["HollowMod:CoiledNail","HollowMod:QuirrelsAssistance"],"picked":"HollowMod:HuntersJournal","floor":6},{"not_picked":["HollowMod:TaintedHusks","HollowMod:SoulStrike"],"picked":"HollowMod:ElderbugsWisdom","floor":8},{"not_picked":["HollowMod:NewLittleFool","HollowMod:GoodIntentions"],"picked":"HollowMod:DescendingDark","floor":11},{"not_picked":["HollowMod:TaintedHusks","HollowMod:GoodIntentions"],"picked":"HollowMod:InfectedCysts","floor":12},{"not_picked":["HollowMod:CycloneSlash","HollowMod:HornetsHelp"],"picked":"HollowMod:DesolateDive","floor":14}],"player_experience":1036820,"relics_obtained":[{"floor":6,"key":"ReplayTheSpireMod:TigerMarble"},{"floor":9,"key":"HollowMod:KingsBrand"},{"floor":11,"key":"Chameleon Ring"},{"floor":12,"key":"Odd Mushroom"}],"event_choices":[{"damage_healed":0,"gold_gain":0,"player_choice":"Upgraded","damage_taken":0,"max_hp_gain":0,"max_hp_loss":0,"event_name":"Upgrade Shrine","floor":2,"gold_loss":0,"cards_upgraded":["HollowMod:FocusHealStart"]},{"damage_healed":0,"gold_gain":0,"player_choice":"Trade","damage_taken":0,"relics_obtained":["CultistMask"],"max_hp_gain":0,"max_hp_loss":0,"event_name":"FaceTrader","floor":5,"gold_loss":0},{"damage_healed":0,"gold_gain":0,"player_choice":"Searched \u00272\u0027 times","damage_taken":0,"max_hp_gain":0,"max_hp_loss":0,"event_name":"Dead Adventurer","floor":11,"gold_loss":0},{"damage_healed":0,"gold_gain":0,"player_choice":"Fought Mushrooms","damage_taken":0,"max_hp_gain":0,"max_hp_loss":0,"event_name":"Mushrooms","floor":12,"gold_loss":0}],"is_beta":false,"boss_relics":[],"items_purged_floors":[10],"is_endless":false,"potions_floor_spawned":[4,12],"killed_by":"Hexaghost","ascension_level":0}}