{"host":"gk5m6v7zec9neb0j","time":1614216701,"event":{"mods":["AchievementEnabler","AlwaysNeverKeys","BaseMod","BetterRewards","Block Reminder","Minty Spire (QoL Compilation)","RNG Fix","Rare Cards Sparkle","Relic Stats","StSLib"],"gold_per_floor":[114,114,114,129,144,144,169,182,182,182,182,244,9,20,20,125,125,137,137,62,73,35,35,35,35,105,105,133,133,153,153,153,252,252,271,73,91,103,153,6,6,19,19,19,0,15,27,40,40,40,40,40,40,73,73,73],"floor_reached":55,"language":"ENG","playtime":2212,"items_purged":["Strike_G","Strike_G","Strike_G"],"score":1035,"play_id":"c5ff05d4-8c11-4ae7-a76a-d60eed24eacb","local_time":"20210224203141","is_ascension_mode":false,"campfire_choices":[{"floor":6,"key":"REST"},{"data":"Neutralize","floor":15,"key":"SMITH"},{"data":"Accuracy","floor":23,"key":"SMITH"},{"data":"Envenom","floor":25,"key":"SMITH"},{"data":"After Image","floor":27,"key":"SMITH"},{"data":"Noxious Fumes","floor":29,"key":"SMITH"},{"data":"Panache","floor":32,"key":"SMITH"},{"data":"Caltrops","floor":44,"key":"SMITH"},{"data":"Inflame","floor":49,"key":"SMITH"},{"data":"Footwork","floor":52,"key":"SMITH"}],"circlet_count":0,"master_deck":["Strike_G","Defend_G","Defend_G","Defend_G","Defend_G+1","Defend_G","Survivor","Neutralize+1","After Image+1","Panache+1","Calculated Gamble","Backstab","Footwork","Flash of Steel","Deflect+1","Footwork","Deflect","Slice","Cloak And Dagger","Blade Dance","Blade Dance","Dodge and Roll","Caltrops+1","Envenom+1","Cloak And Dagger","Accuracy+1","Noxious Fumes+1","Backflip","Blade Dance","Footwork","Footwork+1","Prepared+1","Well Laid Plans","Well Laid Plans","Inflame+1","Parasite","Shrug It Off+1","Conserve Battery+1","Mind Blast+1"],"relics":["Ring of the Serpent","Mercury Hourglass","Paper Crane","Boot","Thread and Needle","Juzu Bracelet","Akabeko","Mummified Hand","Orrery","HoveringKite","Darkstone Periapt","Prayer Wheel","Nilry\u0027s Codex","Du-Vu Doll","PrismaticShard","Singing Bowl","Red Mask","Eternal Feather"],"acts_visited":["Exordium","TheCity","TheBeyond","TheEnding"],"potions_floor_usage":[28,33,33,55,55],"damage_taken":[{"damage":0,"enemies":"Jaw Worm","floor":1,"turns":2},{"damage":0,"enemies":"2 Louse","floor":4,"turns":1},{"damage":0,"enemies":"Small Slimes","floor":5,"turns":3},{"damage":0,"enemies":"Lagavulin","floor":7,"turns":9},{"damage":0,"enemies":"Exordium Wildlife","floor":8,"turns":4},{"damage":0,"enemies":"3 Sentries","floor":12,"turns":9},{"damage":0,"enemies":"Exordium Thugs","floor":14,"turns":3},{"damage":0,"enemies":"The Guardian","floor":16,"turns":9},{"damage":1,"enemies":"Spheric Guardian","floor":18,"turns":4},{"damage":0,"enemies":"Chosen","floor":21,"turns":3},{"damage":0,"enemies":"Gremlin Leader","floor":28,"turns":5},{"damage":5,"enemies":"Centurion and Healer","floor":30,"turns":4},{"damage":0,"enemies":"Automaton","floor":33,"turns":8},{"damage":0,"enemies":"Orb Walker","floor":35,"turns":2},{"damage":3,"enemies":"3 Darklings","floor":37,"turns":4},{"damage":0,"enemies":"Transient","floor":38,"turns":5},{"damage":0,"enemies":"Mind Bloom Boss Battle","floor":39,"turns":4},{"damage":0,"enemies":"4 Shapes","floor":42,"turns":4},{"damage":0,"enemies":"Maw","floor":46,"turns":6},{"damage":0,"enemies":"Writhing Mass","floor":47,"turns":6},{"damage":0,"enemies":"Sphere and 2 Shapes","floor":48,"turns":3},{"damage":45,"enemies":"Time Eater","floor":50,"turns":18},{"damage":33,"enemies":"Shield and Spear","floor":54,"turns":7},{"damage":59,"enemies":"The Heart","floor":55,"turns":9}],"seed_played":"-4721957061091780169","potions_obtained":[{"floor":1,"key":"Ancient Potion"},{"floor":4,"key":"Ancient Potion"},{"floor":14,"key":"Explosive Potion"},{"floor":28,"key":"Explosive Potion"},{"floor":33,"key":"SteroidPotion"},{"floor":35,"key":"Fire Potion"}],"is_trial":false,"path_per_floor":["M","?","?","M","M","R","E","M","T","?","?","?","$","M","R","B",null,"M","?","$","M","$","R","?","R","T","R","E","R","M","?","R","B",null,"M","$","M","M","?","$","$","M","T","R","?","M","M","M","R","B",null,"R","$","E","B"],"character_chosen":"THE_SILENT","items_purchased":["Mercury Hourglass","After Image","Panache","Calculated Gamble","Paper Crane","Backstab","Boot","Footwork","Flash of Steel","Orrery","Caltrops","Accuracy","Noxious Fumes","Footwork","PrismaticShard"],"campfire_rested":1,"item_purchase_floors":[0,0,0,0,0,0,0,0,0,13,13,20,22,36,40],"current_hp_per_floor":[28,28,21,21,21,42,42,42,42,35,21,21,21,21,21,21,70,69,69,69,69,69,69,69,69,69,69,69,69,64,48,48,48,70,70,70,67,67,67,67,67,67,67,67,67,69,77,79,79,34,82,82,82,49,0,0],"gold":73,"neow_bonus":"","is_daily":false,"chose_seed":false,"campfire_upgraded":9,"win_rate":0.0,"timestamp":1614216701,"path_taken":["M","?","?","M","M","R","E","M","T","?","?","?","$","M","R","BOSS","M","?","$","M","$","R","?","R","T","R","E","R","M","?","R","BOSS","M","$","M","M","?","?","$","M","T","R","?","M","M","M","R","BOSS","R","$","E","BOSS"],"items_purchased_type":["Relic","Card","Card","Card","Relic","Card","Relic","Card","Card","Relic","Card","Card","Card","Card","Relic"],"build_version":"2020-12-22","purchased_purges":3,"victory":false,"max_hp_per_floor":[70,70,70,70,70,70,70,70,70,70,70,70,70,70,70,70,70,70,70,70,70,70,70,70,70,70,70,70,70,70,70,70,70,70,70,70,70,70,70,70,70,70,70,70,70,72,80,82,82,82,82,82,82,82,82,82],"relic_stats":{"Darkstone Periapt":6,"Singing Bowl":6,"counters":[937,4980],"Mummified Hand":[135],"HoveringKite":[27],"Prayer Wheel":8,"Eternal Feather":10,"Juzu Bracelet":1,"Boot":[148],"obtain_stats":[{"TwistedFunnel":0,"Spirit Poop":30,"Ginger":0,"Whetstone":11,"Bottled Tornado":43,"Boot":25,"Sling":0,"Old Coin":34,"Blood Vial":17,"Sundial":24,"MealTicket":31,"HandDrill":48,"Kunai":0,"Pear":28,"Blue Candle":54,"Velvet Choker":17,"Eternal Feather":54,"Tingsha":0,"Pen Nib":11,"Paper Crane":43,"Akabeko":3,"SlaversCollar":17,"MutagenicStrength":19,"Bird Faced Urn":38,"StrikeDummy":27,"Unceasing Top":46,"Ring of the Serpent":17,"Regal Pillow":9,"Lantern":45,"Torii":0,"Singing Bowl":43,"StoneCalendar":42,"Bag of Preparation":26,"Ancient Tea Set":4,"Cursed Key":17,"Smiling Mask":41,"Matryoshka":37,"Shovel":38,"WristBlade":34,"Ninja Scroll":0,"Toolbox":45,"WingedGreaves":17,"Chemical X":37,"InkBottle":54,"Ring of the Snake":0,"Potion Belt":9,"Lee\u0027s Waffle":48,"The Specimen":0,"Golden Idol":3,"Thread and Needle":45,"The Courier":26,"PreservedInsect":38,"Omamori":39,"Frozen Egg 2":43,"MawBank":45,"Ornamental Fan":0,"Bloody Idol":31,"Orrery":0,"Turnip":38,"Art of War":17,"Bottled Lightning":43,"Toy Ornithopter":27,"Ice Cream":7,"Calipers":13,"Gremlin Horn":26,"Nilry\u0027s Codex":31,"CeramicFish":0,"HoveringKite":34,"Vajra":43,"Sozu":34,"Centennial Puzzle":6,"Lizard Tail":10,"HornCleat":43,"DollysMirror":4,"Strawberry":26,"Prayer Wheel":38,"Toxic Egg 2":28,"Girya":0,"Happy Flower":13,"Astrolabe":34,"Oddly Smooth Stone":0,"Letter Opener":53,"War Paint":43,"Question Card":48,"Du-Vu Doll":47,"OrangePellets":22,"Bottled Flame":25,"Shuriken":0,"Bronze Scales":10,"Molten Egg 2":9,"Black Star":17,"Meat on the Bone":17,"Pocketwatch":17,"Darkstone Periapt":23,"SacredBark":17,"Enchiridion":22,"Mango":43,"Snake Skull":54,"Juzu Bracelet":43,"Incense Burner":29,"Empty Cage":17,"PrismaticShard":53,"ClockworkSouvenir":20,"Frozen Eye":39,"Tough Bandages":25,"Nunchaku":31,"Dream Catcher":9,"Mummified Hand":30,"Pantograph":12,"Gambling Chip":0,"Tiny Chest":26,"Red Mask":47,"Orichalcum":26,"Odd Mushroom":12,"Medical Kit":37,"White Beast Statue":9,"Mercury Hourglass":54,"Peace Pipe":9,"Calling Bell":17,"Cauldron":53,"Strange Spoon":53,"Anchor":34,"CaptainsWheel":54,"Bag of Marbles":43,"Coffee Dripper":34,"Membership Card":36,"FossilizedHelix":0,"TungstenRod":26},{"TwistedFunnel":381,"Spirit Poop":819,"Ginger":97,"Whetstone":100,"Bottled Tornado":52,"Boot":640,"Sling":741,"Old Coin":338,"Blood Vial":129,"Sundial":44,"MealTicket":616,"HandDrill":491,"Kunai":31,"Pear":315,"Blue Candle":249,"Velvet Choker":784,"Eternal Feather":146,"Tingsha":274,"Pen Nib":356,"Paper Crane":322,"Akabeko":575,"SlaversCollar":231,"MutagenicStrength":156,"Bird Faced Urn":189,"StrikeDummy":17,"Unceasing Top":193,"Ring of the Serpent":388,"Regal Pillow":36,"Lantern":269,"Torii":31,"Singing Bowl":116,"StoneCalendar":217,"Bag of Preparation":366,"Ancient Tea Set":2,"Cursed Key":281,"Smiling Mask":452,"Matryoshka":137,"Shovel":594,"WristBlade":112,"Ninja Scroll":172,"Toolbox":675,"WingedGreaves":80,"Chemical X":22,"InkBottle":57,"Ring of the Snake":0,"Potion Belt":3,"Lee\u0027s Waffle":676,"The Specimen":274,"Golden Idol":2,"Thread and Needle":245,"The Courier":183,"PreservedInsect":240,"Omamori":189,"Frozen Egg 2":398,"MawBank":245,"Ornamental Fan":72,"Bloody Idol":161,"Orrery":58,"Turnip":116,"Art of War":80,"Bottled Lightning":24,"Toy Ornithopter":17,"Ice Cream":11,"Calipers":154,"Gremlin Horn":480,"Nilry\u0027s Codex":925,"CeramicFish":172,"HoveringKite":21,"Vajra":91,"Sozu":136,"Centennial Puzzle":278,"Lizard Tail":329,"HornCleat":621,"DollysMirror":123,"Strawberry":107,"Prayer Wheel":138,"Toxic Egg 2":108,"Girya":250,"Happy Flower":12,"Astrolabe":86,"Oddly Smooth Stone":122,"Letter Opener":272,"War Paint":191,"Question Card":94,"Du-Vu Doll":540,"OrangePellets":754,"Bottled Flame":16,"Shuriken":97,"Bronze Scales":36,"Molten Egg 2":151,"Black Star":13,"Meat on the Bone":80,"Pocketwatch":129,"Darkstone Periapt":182,"SacredBark":360,"Enchiridion":68,"Mango":538,"Snake Skull":273,"Juzu Bracelet":141,"Incense Burner":560,"Empty Cage":103,"PrismaticShard":272,"ClockworkSouvenir":41,"Frozen Eye":877,"Tough Bandages":16,"Nunchaku":85,"Dream Catcher":355,"Mummified Hand":110,"Pantograph":11,"Gambling Chip":197,"Tiny Chest":16,"Red Mask":54,"Orichalcum":235,"Odd Mushroom":499,"Medical Kit":188,"White Beast Statue":11,"Mercury Hourglass":349,"Peace Pipe":62,"Calling Bell":80,"Cauldron":625,"Strange Spoon":739,"Anchor":338,"CaptainsWheel":349,"Bag of Marbles":267,"Coffee Dripper":848,"Membership Card":163,"FossilizedHelix":250,"TungstenRod":416},{"TwistedFunnel":2158,"Spirit Poop":4420,"Ginger":599,"Whetstone":611,"Bottled Tornado":309,"Boot":3447,"Sling":3991,"Old Coin":1918,"Blood Vial":722,"Sundial":249,"MealTicket":3304,"HandDrill":2775,"Kunai":183,"Pear":1796,"Blue Candle":1454,"Velvet Choker":4248,"Eternal Feather":781,"Tingsha":1567,"Pen Nib":2009,"Paper Crane":1834,"Akabeko":3135,"SlaversCollar":1359,"MutagenicStrength":843,"Bird Faced Urn":1121,"StrikeDummy":100,"Unceasing Top":1141,"Ring of the Serpent":2183,"Regal Pillow":206,"Lantern":1539,"Torii":183,"Singing Bowl":676,"StoneCalendar":1281,"Bag of Preparation":2061,"Ancient Tea Set":5,"Cursed Key":1617,"Smiling Mask":2575,"Matryoshka":750,"Shovel":3206,"WristBlade":661,"Ninja Scroll":996,"Toolbox":3633,"WingedGreaves":500,"Chemical X":129,"InkBottle":364,"Ring of the Snake":0,"Potion Belt":9,"Lee\u0027s Waffle":3638,"The Specimen":1567,"Golden Idol":5,"Thread and Needle":1436,"The Courier":1085,"PreservedInsect":1411,"Omamori":1121,"Frozen Egg 2":2226,"MawBank":1436,"Ornamental Fan":459,"Bloody Idol":873,"Orrery":367,"Turnip":676,"Art of War":500,"Bottled Lightning":139,"Toy Ornithopter":100,"Ice Cream":57,"Calipers":823,"Gremlin Horn":2719,"Nilry\u0027s Codex":4904,"CeramicFish":996,"HoveringKite":124,"Vajra":558,"Sozu":746,"Centennial Puzzle":1590,"Lizard Tail":1866,"HornCleat":3329,"DollysMirror":699,"Strawberry":637,"Prayer Wheel":755,"Toxic Egg 2":643,"Girya":1462,"Happy Flower":68,"Astrolabe":533,"Oddly Smooth Stone":696,"Letter Opener":1557,"War Paint":1131,"Question Card":574,"Du-Vu Doll":2986,"OrangePellets":4053,"Bottled Flame":94,"Shuriken":599,"Bronze Scales":206,"Molten Egg 2":801,"Black Star":79,"Meat on the Bone":500,"Pocketwatch":722,"Darkstone Periapt":1075,"SacredBark":2027,"Enchiridion":435,"Mango":2979,"Snake Skull":1562,"Juzu Bracelet":766,"Incense Burner":3065,"Empty Cage":621,"PrismaticShard":1557,"ClockworkSouvenir":234,"Frozen Eye":4692,"Tough Bandages":94,"Nunchaku":521,"Dream Catcher":2005,"Mummified Hand":652,"Pantograph":57,"Gambling Chip":1176,"Tiny Chest":94,"Red Mask":329,"Orichalcum":1384,"Odd Mushroom":2819,"Medical Kit":1117,"White Beast Statue":57,"Mercury Hourglass":1972,"Peace Pipe":387,"Calling Bell":500,"Cauldron":3355,"Strange Spoon":3981,"Anchor":1918,"CaptainsWheel":1972,"Bag of Marbles":1530,"Coffee Dripper":4530,"Membership Card":899,"FossilizedHelix":1462,"TungstenRod":2337}],"Mercury Hourglass":[528]},"card_choices":[{"not_picked":["Prepared","Backflip"],"picked":"Deflect","floor":1},{"not_picked":["Noxious Fumes","PiercingWail"],"picked":"Footwork","floor":4},{"not_picked":["Underhanded Strike","Deflect","Concentrate"],"picked":"SKIP","floor":5},{"not_picked":["Dagger Throw","Deadly Poison"],"picked":"Deflect","floor":7},{"not_picked":["Acrobatics","Outmaneuver"],"picked":"Slice","floor":8},{"not_picked":["Underhanded Strike","Sucker Punch"],"picked":"Cloak And Dagger","floor":12},{"not_picked":["Catalyst","Venomology"],"picked":"Blade Dance","floor":13},{"not_picked":["PiercingWail","Tools of the Trade"],"picked":"Blade Dance","floor":13},{"not_picked":["Flying Knee","Dash"],"picked":"Dodge and Roll","floor":13},{"not_picked":["Catalyst","Slice","Outmaneuver"],"picked":"SKIP","floor":14},{"not_picked":["Unload","Bullet Time"],"picked":"Envenom","floor":16},{"not_picked":["Dash","Dodge and Roll"],"picked":"Cloak And Dagger","floor":18},{"not_picked":["Poisoned Stab","Slice","Dodge and Roll"],"picked":"SKIP","floor":21},{"not_picked":["Grand Finale","Dagger Spray"],"picked":"Backflip","floor":28},{"not_picked":["Deflect","Dodge and Roll"],"picked":"Blade Dance","floor":30},{"not_picked":["Deadly Poison","Sucker Punch+1","Dodge and Roll"],"picked":"SKIP","floor":30},{"not_picked":["Quick Slash+1","Flechettes","Backflip"],"picked":"SKIP","floor":35},{"not_picked":["Dagger Throw","Deflect+1","PiercingWail"],"picked":"SKIP","floor":35},{"not_picked":["Dagger Throw+1","Heel Hook+1"],"picked":"Footwork","floor":37},{"not_picked":["Bouncing Flask","Prepared+1","Cloak And Dagger"],"picked":"SKIP","floor":37},{"not_picked":["Bouncing Flask","Cloak And Dagger"],"picked":"Prepared+1","floor":37},{"not_picked":["Flying Knee+1","Dodge and Roll+1"],"picked":"Well Laid Plans","floor":38},{"not_picked":["Poisoned Stab+1","Deflect","Riddle With Holes+1"],"picked":"SKIP","floor":38},{"not_picked":["PiercingWail+1","Dodge and Roll"],"picked":"Well Laid Plans","floor":39},{"not_picked":["Doom and Gloom+1","Reckless Charge","Chaos+1"],"picked":"SKIP","floor":42},{"not_picked":["MentalFortress+1","HandOfGreed","Hologram"],"picked":"SKIP","floor":42},{"not_picked":["Blood for Blood","Armaments","Hologram+1"],"picked":"Singing Bowl","floor":46},{"not_picked":["Dramatic Entrance","Perseverance"],"picked":"Inflame","floor":46},{"not_picked":["Consecrate","Deadly Poison"],"picked":"Shrug It Off+1","floor":47},{"not_picked":["LessonLearned","Backflip","Quick Slash"],"picked":"Singing Bowl","floor":47},{"not_picked":["Thunderclap","Dash+1","Poisoned Stab+1"],"picked":"Singing Bowl","floor":48},{"not_picked":["Hyperbeam","Lockon"],"picked":"Conserve Battery+1","floor":48},{"not_picked":["Violence","Concentrate+1"],"picked":"Mind Blast+1","floor":54}],"player_experience":858127,"relics_obtained":[{"floor":7,"key":"Juzu Bracelet"},{"floor":9,"key":"Akabeko"},{"floor":12,"key":"Mummified Hand"},{"floor":26,"key":"Darkstone Periapt"},{"floor":28,"key":"Prayer Wheel"},{"floor":31,"key":"Nilry\u0027s Codex"},{"floor":39,"key":"Du-Vu Doll"},{"floor":43,"key":"Singing Bowl"},{"floor":54,"key":"Eternal Feather"}],"event_choices":[{"damage_healed":0,"gold_gain":0,"player_choice":"Ignored","damage_taken":0,"max_hp_gain":0,"max_hp_loss":0,"event_name":"Liars Game","floor":2,"gold_loss":0},{"damage_healed":0,"gold_gain":0,"player_choice":"Success","damage_taken":7,"relics_obtained":["Thread and Needle"],"max_hp_gain":0,"max_hp_loss":0,"event_name":"Scrap Ooze","floor":3,"gold_loss":0},{"cards_removed":["Strike_G"],"damage_healed":0,"gold_gain":0,"player_choice":"Card Removal","damage_taken":7,"max_hp_gain":0,"max_hp_loss":0,"event_name":"Golden Wing","floor":10,"gold_loss":0},{"damage_healed":0,"gold_gain":0,"player_choice":"Entered Light","damage_taken":14,"max_hp_gain":0,"max_hp_loss":0,"event_name":"Shining Light","floor":11,"gold_loss":0,"cards_upgraded":["Defend_G","Deflect"]},{"damage_healed":0,"gold_gain":0,"player_choice":"Searched \u00271\u0027 times","damage_taken":0,"max_hp_gain":0,"max_hp_loss":0,"event_name":"Dead Adventurer","floor":12,"gold_loss":0},{"damage_healed":0,"gold_gain":0,"player_choice":"Ignored","damage_taken":0,"max_hp_gain":0,"max_hp_loss":0,"event_name":"Ghosts","floor":19,"gold_loss":0},{"damage_healed":0,"gold_gain":0,"player_choice":"Ignored","damage_taken":0,"max_hp_gain":0,"max_hp_loss":0,"event_name":"NoteForYourself","floor":24,"gold_loss":0},{"damage_healed":0,"gold_gain":0,"player_choice":"Obtained Book","damage_taken":16,"max_hp_gain":0,"max_hp_loss":0,"event_name":"Cursed Tome","floor":31,"gold_loss":0},{"damage_healed":0,"gold_gain":0,"player_choice":"Fight","damage_taken":0,"max_hp_gain":0,"max_hp_loss":0,"event_name":"MindBloom","floor":39,"gold_loss":0},{"damage_healed":0,"gold_gain":0,"player_choice":"Paid","damage_taken":0,"relics_obtained":["Red Mask"],"max_hp_gain":0,"max_hp_loss":0,"event_name":"Tomb of Lord Red Mask","floor":45,"gold_loss":19}],"is_beta":false,"boss_relics":[{"not_picked":["Runic Pyramid","Cursed Key"],"picked":"HoveringKite"},{"not_picked":["Philosopher\u0027s Stone","Runic Dome"],"picked":"Ring of the Serpent"}],"items_purged_floors":[0,0,36],"is_endless":false,"potions_floor_spawned":[1,4,14,21,28,33,35,38,48],"killed_by":"The Heart","ascension_level":0}}