{"host":"iao9zlhzdan4iyha","time":1614215831,"event":{"mods":["BaseMod","BetterRewards","Curses Come First","Downfall","Hermit","Ironclad Rager","Minty Spire (QoL Compilation)","Quick Restart","Replay The Spire","Shop Mod","StSLib","The Bug Knight","The Runesmith"],"gold_per_floor":[112,132,132,132,153,153,176,176,176,211,17,61,88,126,126,256,256],"floor_reached":16,"language":"ENG","playtime":916,"items_purged":[],"score":185,"play_id":"60de8228-53b0-4440-a551-666cbd3c62e9","local_time":"20210225011711","is_ascension_mode":true,"campfire_choices":[{"data":"hermit:Glare","floor":6,"key":"SMITH"},{"floor":15,"key":"REST"}],"circlet_count":0,"master_deck":["hermit:Strike_Hermit","hermit:Strike_Hermit","hermit:Strike_Hermit","hermit:Strike_Hermit","hermit:Defend_Hermit","hermit:Defend_Hermit","hermit:Defend_Hermit","hermit:Defend_Hermit","hermit:Snapshot","hermit:Covet","hermit:Glare+1","hermit:Glare","Injury","hermit:Shortfuse","hermit:Glare","hermit:CursedWeapon","hermit:PistolWhip","hermit:BodyArmor","Flash of Steel","hermit:Combo","hermit:Quickdraw"],"relics":["hermit:Momento","NeowsBlessing","Golden Idol","Chameleon Ring","Orichalcum","Tiny Chest","Bottled Lightning","Centennial Puzzle","Runesmith:AutoHammer"],"acts_visited":["Exordium"],"potions_floor_usage":[10,12,14,14],"damage_taken":[{"damage":0,"enemies":"Jaw Worm","floor":1,"turns":1},{"damage":0,"enemies":"Cultist","floor":2,"turns":1},{"damage":0,"enemies":"Small Slimes","floor":5,"turns":1},{"damage":5,"enemies":"Blue Slaver","floor":7,"turns":3},{"damage":26,"enemies":"3 Sentries","floor":10,"turns":6},{"damage":8,"enemies":"HollowMod:MossKnight","floor":12,"turns":10},{"damage":6,"enemies":"Gremlin Nob","floor":14,"turns":3},{"damage":28,"enemies":"Hexaghost","floor":16,"turns":12}],"seed_played":"-7048714836888951584","potions_obtained":[{"floor":5,"key":"GamblersBrew"},{"floor":8,"key":"DistilledChaos"},{"floor":8,"key":"LiquidBronze"},{"floor":10,"key":"SkillPotion"},{"floor":12,"key":"Strength Potion"},{"floor":16,"key":"sneckomod:MuddlingPotion"}],"is_trial":false,"path_per_floor":["M","M","?","?","M","R","M","R","T","E","$","E","T","E","R","B"],"character_chosen":"HERMIT","items_purchased":["hermit:PistolWhip","hermit:BodyArmor","Flash of Steel"],"campfire_rested":1,"item_purchase_floors":[11,11,11],"current_hp_per_floor":[75,75,75,75,75,75,70,70,70,44,44,36,36,30,52,24,24],"gold":256,"neow_bonus":"THREE_ENEMY_KILL","is_daily":false,"chose_seed":false,"campfire_upgraded":1,"win_rate":0.0,"timestamp":1614215831,"path_taken":["M","M","?","?","?","R","M","R","T","E","$","E","?","E","R","BOSS"],"items_purchased_type":["Card","Card","Card"],"build_version":"2020-12-22","purchased_purges":0,"victory":false,"max_hp_per_floor":[75,75,75,75,75,75,75,75,75,75,75,75,75,75,75,75,75],"card_choices":[{"not_picked":["hermit:WideOpen","hermit:Shortfuse"],"picked":"hermit:Glare","floor":1},{"not_picked":["hermit:PistolWhip","hermit:Snipe"],"picked":"hermit:Glare","floor":2},{"not_picked":["hermit:Roulette","hermit:Misfire"],"picked":"hermit:Shortfuse","floor":5},{"not_picked":["hermit:OverwhelmingPower","hermit:Snipe"],"picked":"hermit:Glare","floor":7},{"not_picked":["hermit:Scavenge","hermit:Glare"],"picked":"hermit:CursedWeapon","floor":10},{"not_picked":["hermit:GoldenBullet","hermit:ItchyTrigger"],"picked":"hermit:Combo","floor":12},{"not_picked":["hermit:Gestalt","hermit:Vantage"],"picked":"hermit:Quickdraw","floor":14}],"player_experience":108469,"relics_obtained":[{"floor":4,"key":"Chameleon Ring"},{"floor":9,"key":"Orichalcum"},{"floor":10,"key":"Tiny Chest"},{"floor":12,"key":"Bottled Lightning"},{"floor":13,"key":"Centennial Puzzle"},{"floor":14,"key":"Runesmith:AutoHammer"}],"event_choices":[{"damage_healed":0,"gold_gain":0,"player_choice":"Take Wound","damage_taken":0,"relics_obtained":["Golden Idol"],"max_hp_gain":0,"max_hp_loss":0,"event_name":"Golden Idol","floor":3,"gold_loss":0,"cards_obtained":["Injury"]},{"damage_healed":0,"gold_gain":0,"player_choice":"Relic","damage_taken":0,"max_hp_gain":0,"max_hp_loss":0,"event_name":"Wheel of Change","floor":4,"gold_loss":0}],"is_beta":false,"boss_relics":[],"items_purged_floors":[],"is_endless":false,"potions_floor_spawned":[5,10,12,16],"killed_by":"Hexaghost","ascension_level":2}}