{"host":"h4s2ow0cl6kdwaz8","time":1614289365,"event":{"mods":["AchievementEnabler","BaseMod","Bestiary","Colored Map","Minty Spire (QoL Compilation)","Permanent Neow","Relic Stats"],"gold_per_floor":[114,9114,7643,7643,7643,7673,7690,7690,7714,7742,7760,7760,7771,7799,7799,7894,7894,7910,7910,7259,7269,7286,7311,7311,7339,7409,6339,6374,6394,6394,6425,6425,6526,6526,6539,6539,6761,6761,6772,6772,6800,6800,6800,5950,5980,6004,6004,5238,5238,5238,5238,5238,4606,4639,4639],"floor_reached":56,"language":"ENG","playtime":3100,"items_purged":["Strike_R","Strike_R","Strike_R","Defend_R","Defend_R"],"score":1501,"play_id":"9132e95c-95cc-4d10-94a5-d3dba60d6276","local_time":"20210225214245","is_ascension_mode":true,"campfire_choices":[{"data":"Apotheosis","floor":8,"key":"SMITH"},{"data":"Evolve","floor":12,"key":"SMITH"},{"floor":15,"key":"RECALL"},{"floor":24,"key":"REST"},{"data":"Body Slam","floor":32,"key":"SMITH"},{"data":"Entrench","floor":40,"key":"SMITH"},{"floor":42,"key":"REST"},{"floor":47,"key":"REST"},{"data":"Dark Embrace","floor":49,"key":"SMITH"},{"data":"True Grit","floor":52,"key":"SMITH"}],"circlet_count":0,"master_deck":["Defend_R+1","Bash+1","Wild Strike","Apotheosis+1","Inflame","Reckless Charge","True Grit+1","Exhume","Shrug It Off+1","Evolve+1","Warcry","Seeing Red","Juggernaut","Reckless Charge","Flex","Reckless Charge","Fire Breathing","Fire Breathing","Inflame","Immolate","Panache","Flex","Body Slam+1","Entrench+1","Immolate","Berserk","Warcry+1","Madness","Madness","Flame Barrier","Reckless Charge","True Grit","Burning Pact","Pommel Strike","Dark Embrace+1","Magnetism","Metallicize","Havoc+1","Body Slam+1","Carnage+1","Uppercut+1","Juggernaut","Barricade"],"relics":["Burning Blood","Bird Faced Urn","Eternal Feather","OrangePellets","Nunchaku","Happy Flower","Art of War","Bottled Lightning","SlaversCollar","Potion Belt","Bag of Marbles","Lee\u0027s Waffle","Champion Belt","Bag of Preparation","Darkstone Periapt","Boot","Question Card","Medical Kit","Sundial","Red Mask","Runic Cube","White Beast Statue","HornCleat","ClockworkSouvenir","MealTicket","Ornamental Fan","Akabeko","Dead Branch","Pen Nib","Orrery","Red Skull","Strawberry","DollysMirror","War Paint"],"acts_visited":["Exordium","TheCity","TheBeyond","TheEnding"],"potions_floor_usage":[6,18,55,55],"damage_taken":[{"damage":6,"enemies":"Jaw Worm","floor":1,"turns":3},{"damage":0,"enemies":"Gremlin Nob","floor":6,"turns":2},{"damage":0,"enemies":"Small Slimes","floor":7,"turns":2},{"damage":36,"enemies":"3 Sentries","floor":10,"turns":6},{"damage":0,"enemies":"Cultist","floor":11,"turns":3},{"damage":2,"enemies":"Exordium Thugs","floor":13,"turns":4},{"damage":1,"enemies":"Lagavulin","floor":14,"turns":5},{"damage":24,"enemies":"The Guardian","floor":16,"turns":7},{"damage":20,"enemies":"2 Thieves","floor":18,"turns":4},{"damage":2,"enemies":"Chosen","floor":21,"turns":3},{"damage":32,"enemies":"Centurion and Healer","floor":22,"turns":6},{"damage":29,"enemies":"Gremlin Leader","floor":23,"turns":6},{"damage":15,"enemies":"Book of Stabbing","floor":25,"turns":5},{"damage":23,"enemies":"Gremlin Leader","floor":28,"turns":4},{"damage":0,"enemies":"Snake Plant","floor":29,"turns":2},{"damage":0,"enemies":"Masked Bandits","floor":31,"turns":1},{"damage":32,"enemies":"Automaton","floor":33,"turns":7},{"damage":19,"enemies":"3 Darklings","floor":35,"turns":4},{"damage":11,"enemies":"Orb Walker","floor":39,"turns":3},{"damage":70,"enemies":"Nemesis","floor":41,"turns":5},{"damage":41,"enemies":"Giant Head","floor":45,"turns":8},{"damage":10,"enemies":"Awakened One","floor":50,"turns":5},{"damage":12,"enemies":"Shield and Spear","floor":54,"turns":6},{"damage":23,"enemies":"The Heart","floor":55,"turns":4}],"seed_played":"-1900105467793891511","potions_obtained":[{"floor":7,"key":"PowerPotion"},{"floor":13,"key":"PowerPotion"},{"floor":16,"key":"Swift Potion"},{"floor":18,"key":"SpeedPotion"},{"floor":23,"key":"SpeedPotion"},{"floor":31,"key":"ColorlessPotion"},{"floor":33,"key":"FairyPotion"},{"floor":39,"key":"DistilledChaos"},{"floor":45,"key":"EssenceOfSteel"}],"is_trial":false,"path_per_floor":["M","?","$","?","?","E","M","R","T","E","M","R","M","E","R","B",null,"M","?","$","M","M","E","R","E","T","$","E","M","?","?","R","B",null,"M","?","?","?","M","R","E","R","T","$","E","T","R","$","R","B",null,"R","$","E","B",null],"character_chosen":"IRONCLAD","items_purchased":["Bird Faced Urn","Eternal Feather","OrangePellets","Apotheosis","Inflame","Reckless Charge","True Grit","SteroidPotion","AttackPotion","Explosive Potion","Exhume","Potion Belt","Bag of Marbles","Lee\u0027s Waffle","Flex","Reckless Charge","Inflame","Immolate","Panache","Boot","Question Card","Medical Kit","Flex","ClockworkSouvenir","MealTicket","Ornamental Fan","True Grit","Burning Pact","Pommel Strike","Magnetism","Dead Branch","Pen Nib","Orrery","Red Skull","Strawberry","DollysMirror"],"campfire_rested":3,"item_purchase_floors":[3,3,3,3,3,3,3,3,3,3,3,20,20,20,20,20,27,27,27,27,27,27,27,44,44,44,44,44,44,48,48,48,48,53,53,53],"current_hp_per_floor":[80,80,80,85,78,84,85,85,85,59,67,76,84,85,85,67,85,71,71,92,92,70,55,92,87,87,87,81,92,92,92,92,68,92,79,79,79,67,64,82,32,77,77,77,57,57,92,92,92,92,92,92,99,99,99],"gold":4639,"neow_bonus":"UPGRADE_CARD","is_daily":false,"chose_seed":false,"campfire_upgraded":6,"win_rate":0.0,"timestamp":1614289365,"path_taken":["M","?","$","?","?","E","?","R","T","E","M","R","M","E","R","BOSS","M","?","$","M","M","E","R","E","T","?","E","M","?","?","R","BOSS","M","?","?","?","M","R","E","R","T","$","E","?","R","$","R","BOSS","R","$","E","BOSS"],"items_purchased_type":["Relic","Relic","Relic","Card","Card","Card","Card","Potion","Potion","Potion","Card","Relic","Relic","Relic","Card","Card","Card","Card","Card","Relic","Relic","Relic","Card","Relic","Relic","Relic","Card","Card","Card","Card","Relic","Relic","Relic","Relic","Relic","Relic"],"build_version":"2020-12-22","purchased_purges":5,"victory":true,"max_hp_per_floor":[80,80,80,85,85,85,85,85,85,85,85,85,85,85,85,85,85,85,85,92,92,92,92,92,92,92,92,92,92,92,92,92,92,92,92,92,92,92,92,92,92,92,92,92,92,92,92,92,92,92,92,92,99,99,99],"relic_stats":{"Darkstone Periapt":0,"Lee\u0027s Waffle":21,"Happy Flower":[32],"counters":[24,105],"Dead Branch":[66],"Eternal Feather":78,"Pen Nib":[3],"Bag of Preparation":[22],"War Paint":["Defend_R","Shrug It Off"],"Boot":[16],"Question Card":14,"Medical Kit":[15],"Burning Blood":108,"OrangePellets":[19],"Nunchaku":[17],"Sundial":[2],"Ornamental Fan":[28],"Bird Faced Urn":[119],"MealTicket":0,"Art of War":[9],"Champion Belt":[30],"obtain_stats":[{"Darkstone Periapt":26,"Bag of Preparation":25,"Boot":27,"Burning Blood":0,"ClockworkSouvenir":44,"Nunchaku":6,"HornCleat":43,"Sundial":28,"DollysMirror":53,"Strawberry":53,"MealTicket":44,"Red Mask":31,"Red Skull":53,"Runic Cube":34,"Potion Belt":20,"Lee\u0027s Waffle":20,"Happy Flower":9,"Dead Branch":48,"Eternal Feather":3,"Pen Nib":48,"War Paint":54,"Question Card":27,"Medical Kit":27,"White Beast Statue":41,"Akabeko":45,"OrangePellets":3,"SlaversCollar":17,"Ornamental Fan":44,"Bird Faced Urn":3,"Orrery":48,"Art of War":10,"Bag of Marbles":20,"Bottled Lightning":14,"Champion Belt":23},{"Darkstone Periapt":13,"Bag of Preparation":13,"Boot":13,"Burning Blood":0,"ClockworkSouvenir":20,"Nunchaku":2,"HornCleat":20,"Sundial":14,"DollysMirror":22,"Strawberry":22,"MealTicket":20,"Red Mask":16,"Red Skull":22,"Runic Cube":17,"Potion Belt":9,"Lee\u0027s Waffle":9,"Happy Flower":3,"Dead Branch":21,"Eternal Feather":1,"Pen Nib":21,"War Paint":23,"Question Card":13,"Medical Kit":13,"White Beast Statue":20,"Akabeko":21,"OrangePellets":1,"SlaversCollar":8,"Ornamental Fan":20,"Bird Faced Urn":1,"Orrery":21,"Art of War":4,"Bag of Marbles":9,"Bottled Lightning":7,"Champion Belt":12},{"Darkstone Periapt":56,"Bag of Preparation":56,"Boot":56,"Burning Blood":0,"ClockworkSouvenir":82,"Nunchaku":5,"HornCleat":82,"Sundial":60,"DollysMirror":95,"Strawberry":95,"MealTicket":82,"Red Mask":63,"Red Skull":95,"Runic Cube":70,"Potion Belt":36,"Lee\u0027s Waffle":36,"Happy Flower":7,"Dead Branch":90,"Eternal Feather":3,"Pen Nib":90,"War Paint":101,"Question Card":56,"Medical Kit":56,"White Beast Statue":82,"Akabeko":90,"OrangePellets":3,"SlaversCollar":32,"Ornamental Fan":82,"Bird Faced Urn":3,"Orrery":90,"Art of War":13,"Bag of Marbles":36,"Bottled Lightning":25,"Champion Belt":51}],"Runic Cube":[33]},"card_choices":[{"not_picked":["Anger","Infernal Blade"],"picked":"Wild Strike","floor":1},{"not_picked":["Burning Pact","Anger"],"picked":"Shrug It Off","floor":6},{"not_picked":["Headbutt","Dual Wield"],"picked":"Evolve","floor":7},{"not_picked":["Clash","Cleave","Evolve"],"picked":"SKIP","floor":10},{"not_picked":["Twin Strike","Sword Boomerang","Thunderclap"],"picked":"SKIP","floor":11},{"not_picked":["Second Wind","Shrug It Off"],"picked":"Warcry","floor":13},{"not_picked":["Spot Weakness","Ghostly Armor"],"picked":"Seeing Red","floor":14},{"not_picked":["Impervious","Fiend Fire"],"picked":"Juggernaut","floor":16},{"not_picked":["Clash","Burning Pact+1"],"picked":"Reckless Charge","floor":18},{"not_picked":["Thunderclap+1","Combust","Sword Boomerang"],"picked":"SKIP","floor":21},{"not_picked":["Evolve","Perfected Strike"],"picked":"Fire Breathing","floor":22},{"not_picked":["Thunderclap","Twin Strike"],"picked":"Shrug It Off","floor":23},{"not_picked":["Havoc+1","Rage"],"picked":"Fire Breathing","floor":25},{"not_picked":["Clash+1","Headbutt","Dropkick+1"],"picked":"Body Slam","floor":28},{"not_picked":["Clash","Warcry","Pommel Strike+1"],"picked":"Entrench","floor":29},{"not_picked":["Sword Boomerang","Sever Soul","Havoc"],"picked":"Immolate","floor":31},{"not_picked":["Offering","Exhume","Fiend Fire"],"picked":"Berserk","floor":33},{"not_picked":["Combust","Body Slam+1","Heavy Blade"],"picked":"Warcry+1","floor":35},{"not_picked":["Twin Strike","Warcry+1","Evolve"],"picked":"Flame Barrier","floor":39},{"not_picked":["Clothesline+1","Entrench","Body Slam"],"picked":"Reckless Charge","floor":41},{"not_picked":["Impervious","Clash","Perfected Strike"],"picked":"Dark Embrace","floor":45},{"not_picked":["Perfected Strike+1","Entrench+1","Cleave+1"],"picked":"Metallicize","floor":48},{"not_picked":["Bloodletting+1","Limit Break","Heavy Blade"],"picked":"Havoc+1","floor":48},{"not_picked":["Shrug It Off+1","Flex","Headbutt"],"picked":"Body Slam+1","floor":48},{"not_picked":["Sever Soul","Blood for Blood","Dropkick"],"picked":"Carnage+1","floor":48},{"not_picked":["Ghostly Armor+1","Disarm","Flex"],"picked":"Uppercut+1","floor":48},{"not_picked":["Armaments","Inflame+1","Pummel+1"],"picked":"Barricade","floor":54}],"player_experience":244332,"relics_obtained":[{"floor":6,"key":"Nunchaku"},{"floor":9,"key":"Happy Flower"},{"floor":10,"key":"Art of War"},{"floor":14,"key":"Bottled Lightning"},{"floor":23,"key":"Champion Belt"},{"floor":25,"key":"Bag of Preparation"},{"floor":26,"key":"Darkstone Periapt"},{"floor":28,"key":"Sundial"},{"floor":31,"key":"Red Mask"},{"floor":41,"key":"White Beast Statue"},{"floor":43,"key":"HornCleat"},{"floor":45,"key":"Akabeko"},{"floor":54,"key":"War Paint"}],"event_choices":[{"damage_healed":0,"gold_gain":0,"player_choice":"Ignored","damage_taken":0,"max_hp_gain":0,"max_hp_loss":0,"event_name":"Liars Game","floor":2,"gold_loss":0},{"damage_healed":0,"gold_gain":0,"player_choice":"Donut","damage_taken":0,"max_hp_gain":5,"max_hp_loss":0,"event_name":"Big Fish","floor":4,"gold_loss":0},{"cards_removed":["Strike_R"],"damage_healed":0,"gold_gain":0,"player_choice":"Card Removal","damage_taken":7,"max_hp_gain":0,"max_hp_loss":0,"event_name":"Golden Wing","floor":5,"gold_loss":0},{"cards_removed":["Strike_R"],"damage_healed":0,"gold_gain":0,"player_choice":"Purged","damage_taken":0,"max_hp_gain":0,"max_hp_loss":0,"event_name":"Purifier","floor":19,"gold_loss":0},{"cards_removed":["Defend_R"],"damage_healed":0,"gold_gain":0,"player_choice":"Elegance","damage_taken":0,"max_hp_gain":0,"max_hp_loss":0,"event_name":"Back to Basics","floor":30,"gold_loss":0},{"damage_healed":0,"gold_gain":0,"player_choice":"Fought Bandits","damage_taken":0,"max_hp_gain":0,"max_hp_loss":0,"event_name":"Masked Bandits","floor":31,"gold_loss":0},{"cards_removed":["Shrug It Off"],"damage_healed":0,"gold_gain":0,"player_choice":"Removed Skill","damage_taken":0,"max_hp_gain":0,"max_hp_loss":0,"event_name":"Falling","floor":36,"gold_loss":0},{"damage_healed":0,"gold_gain":222,"player_choice":"Wore Mask","damage_taken":0,"max_hp_gain":0,"max_hp_loss":0,"event_name":"Tomb of Lord Red Mask","floor":37,"gold_loss":0},{"damage_healed":0,"gold_gain":0,"player_choice":"Embrace Madness","damage_taken":12,"max_hp_gain":0,"max_hp_loss":0,"event_name":"Winding Halls","floor":38,"gold_loss":0,"cards_obtained":["Madness","Madness"]}],"is_beta":false,"boss_relics":[{"not_picked":["Empty Cage","Ectoplasm"],"picked":"SlaversCollar"},{"not_picked":["Runic Dome","Snecko Eye"],"picked":"Runic Cube"}],"items_purged_floors":[3,20,27,44,53],"is_endless":false,"potions_floor_spawned":[7,11,13,16,18,23,31,33,39,41,45,54],"ascension_level":1}}