{"host":"ihhmze8k3dygjpvp","time":1614277169,"event":{"mods":["10 clothes from DAL","Act Like it!","BaseMod","Colored Map","Hallownest","Highlight Path","Minty Spire (QoL Compilation)","MostiFishMod","Pale of the Ancients","Quick Restart","RumiaBox-露米娅的神秘盒子","Shop Mod","Spicy Shops","StSLib","TestMod","[IsaacMod]以撒尖塔","【功能Mod】混沌之环修复补丁","【功能Mod】聪明的最终Boss"],"gold_per_floor":[115,115,40,40,40,76,93,7,33,77,77,99,127,154,154,275,275,301,301,320,320,184,222,248,263,263,308,327,120,120,138,138,270,270,298,320,70,86,85,85,100,121,146,146,173,35,74,92,92,96,96,96,46,83,92],"floor_reached":56,"language":"ZHS","playtime":1936,"items_purged":["Strike_P","Strike_P+1","Defend_P+1","Defend_P+1","Vigilance+1","Defend_P+1","Crescendo+1","Strike_P+1","Parasite","Consecrate+1"],"score":1409,"play_id":"97a56fe2-c2a2-456a-a215-0a328dc80c40","local_time":"20210226021929","is_ascension_mode":false,"campfire_choices":[{"data":"MostiFishMod:Unraveling","floor":11.0,"key":"SMITH"},{"data":"MostiFishMod:LegendTransform","floor":15.0,"key":"SMITH"},{"floor":30.0,"key":"RECALL"},{"floor":32.0,"key":"REST"},{"floor":40.0,"key":"REST"},{"floor":44.0,"key":"REST"},{"floor":49.0,"key":"REST"},{"floor":52.0,"key":"REST"}],"circlet_count":0,"master_deck":["Strike_P+1","Eruption+1","Worship+1","MostiFishMod:Unraveling+1","Worship+1","MostiFishMod:LegendTransform+1","DevaForm+1","MostiFishMod:LegendTransform+1","Ragnarok+1","ConjureBlade+1","christmas-War+1","Fasting2+1","Ragnarok+1","MostiFishMod:Adaptation+1"],"relics":["PureWater","testmod-TestBox","HushsDoor","DaveBox","DSteel32","D6","testmod-GiftOfSatan","SynthV:TestCard","testmod-Acrobat","Golden Idol","MoreBug","Happy Flower","Smiling Mask","Odd Mushroom","testmod-TimeTraveler","testmod-Justice","Question Card","Orichalcum","HandDrill","BloodWine","MerchantsRug","Centennial Puzzle","Kunai","TuHaoJin","InkBottle"],"acts_visited":["Exordium","TheCity","TheBeyond","TheEnding"],"potions_floor_usage":[],"damage_taken":[{"damage":0.0,"enemies":"2 Louse","floor":1.0,"turns":2.0},{"damage":31.0,"enemies":"Lagavulin","floor":6.0,"turns":3.0},{"damage":2.0,"enemies":"Small Slimes","floor":7.0,"turns":2.0},{"damage":0.0,"enemies":"3 Sentries","floor":10.0,"turns":2.0},{"damage":0.0,"enemies":"Jaw Worm","floor":12.0,"turns":2.0},{"damage":0.0,"enemies":"The Mushroom Lair","floor":13.0,"turns":1.0},{"damage":5.0,"enemies":"Exordium Wildlife","floor":14.0,"turns":3.0},{"damage":0.0,"enemies":"The Guardian","floor":16.0,"turns":2.0},{"damage":0.0,"enemies":"2 Thieves","floor":18.0,"turns":3.0},{"damage":4.0,"enemies":"3 Byrds","floor":20.0,"turns":3.0},{"damage":37.0,"enemies":"Book of Stabbing","floor":23.0,"turns":3.0},{"damage":20.0,"enemies":"Cultist and Chosen","floor":24.0,"turns":2.0},{"damage":0.0,"enemies":"Centurion and Healer","floor":25.0,"turns":1.0},{"damage":0.0,"enemies":"Snake Plant","floor":28.0,"turns":2.0},{"damage":6.0,"enemies":"Cultist and Chosen","floor":31.0,"turns":3.0},{"damage":14.0,"enemies":"Automaton","floor":33.0,"turns":6.0},{"damage":19.0,"enemies":"3 Darklings","floor":35.0,"turns":3.0},{"damage":12.0,"enemies":"Orb Walker","floor":36.0,"turns":2.0},{"damage":3.0,"enemies":"3 Darklings","floor":38.0,"turns":2.0},{"damage":32.0,"enemies":"4 Shapes","floor":41.0,"turns":2.0},{"damage":40.0,"enemies":"Writhing Mass","floor":42.0,"turns":5.0},{"damage":0.0,"enemies":"Jaw Worm Horde","floor":45.0,"turns":2.0},{"damage":12.0,"enemies":"Nemesis","floor":47.0,"turns":3.0},{"damage":20.0,"enemies":"3 Darklings","floor":48.0,"turns":2.0},{"damage":69.0,"enemies":"Time Eater","floor":50.0,"turns":5.0},{"damage":7.0,"enemies":"Shield and Spear","floor":54.0,"turns":2.0},{"damage":170,"enemies":"The Heart","floor":55,"turns":7}],"seed_played":"5796987381424486658","potions_obtained":[{"floor":1.0,"key":"testmod-SpacePotion"},{"floor":6.0,"key":"ColorlessPotion"},{"floor":10.0,"key":"SteroidPotion"},{"floor":14.0,"key":"EntropicBrew"},{"floor":23.0,"key":"ColorlessPotion"},{"floor":25.0,"key":"Strength Potion"},{"floor":41.0,"key":"Swift Potion"},{"floor":45.0,"key":"Ancient Potion"}],"is_trial":false,"path_per_floor":["M","?","$","?","?","E","M","$","T","E","R","M","?","M","R","B",null,"M","?","M","T","$","E","M","M","T","T","M","$","R","M","R","B",null,"M","M","$","M","$","R","M","M","T","R","M","$","E","M","R","B",null,"R","$","E","B",null],"character_chosen":"WATCHER","items_purchased":["MoreBug","Consecrate","HandDrill","Ragnarok","MerchantsRug","Kunai"],"campfire_rested":5,"item_purchase_floors":[8,22,29,29,37,46],"current_hp_per_floor":[84,77,77,70,49,18,16,16,16,22,22,39,39,58,58,68,94,94,75,95,95,95,77,57,57,57,57,68,68,68,100,109,116,116,107,104,104,106,106,116,84,58,58,92,108,108,110,96,113,49,113,113,113,118,35],"gold":92,"neow_bonus":"TEN_PERCENT_HP_BONUS","is_daily":false,"chose_seed":false,"campfire_upgraded":2,"win_rate":0.0,"timestamp":1614277169,"path_taken":["M","?","$","?","?","E","M","?","T","E","R","?","?","M","R","BOSS","M","?","M","?","$","E","M","M","T","?","M","$","R","M","R","BOSS","M","M","$","M","$","R","M","M","T","R","M","$","E","M","R","BOSS","R","$","E","BOSS"],"items_purchased_type":["Relic","Card","Relic","Card","Relic","Relic"],"build_version":"2020-12-22","purchased_purges":10,"victory":true,"max_hp_per_floor":[84,84,84,84,84,84,84,84,84,84,84,89,89,99,99,99,94,94,99,104,104,104,104,104,104,104,104,104,104,104,109,109,116,116,116,116,116,116,116,116,116,116,116,116,116,113,113,113,113,113,113,113,113,118,118],"card_choices":[{"not_picked":["MostiFishMod:ScryFuture","Sanctity","ReachHeaven"],"picked":"SKIP","floor":1.0},{"not_picked":["Evaluate","ClearTheMind","FollowUp","ThirdEye"],"picked":"Bomb","floor":6.0},{"not_picked":["WaveOfTheHand","SandsOfTime","CutThroughFate","FollowUp"],"picked":"Worship","floor":7.0},{"not_picked":["FlurryOfBlows","MostiFishMod:PathToVictory","Fasting2","Vengeance"],"picked":"MostiFishMod:Unraveling","floor":10.0},{"not_picked":["BowlingBash","EmptyFist","CutThroughFate","EmptyMind"],"picked":"Worship","floor":12.0},{"not_picked":["Evaluate","ThirdEye","EmptyFist","Bomb"],"picked":"MostiFishMod:LegendTransform","floor":14.0},{"not_picked":["Vault","MostiFishMod:DisColor","MostiFishMod:KamiSmash","Brilliance"],"picked":"DevaForm","floor":16.0},{"not_picked":["CarveReality","ReachHeaven","Sanctity","CrushJoints","EmptyFist"],"picked":"SKIP","floor":18.0},{"not_picked":["MostiFishMod:Clarity+1","WreathOfFlame","PathToVictory","Evaluate+1","EmptyBody+1"],"picked":"SKIP","floor":20.0},{"not_picked":["Protect","FlurryOfBlows","Consecrate+1","ClearTheMind"],"picked":"MostiFishMod:LegendTransform","floor":23.0},{"not_picked":["Collect","EmptyFist","MostiFishMod:PathToVictory","Halt+1","CutThroughFate"],"picked":"SKIP","floor":24.0},{"not_picked":["FearNoEvil","BowlingBash","WheelKick","EmptyFist"],"picked":"Crescendo+1","floor":25.0},{"not_picked":["FlyingSleeves","Establishment","Evaluate+1","EmptyFist","JustLucky","Crescendo"],"picked":"SKIP","floor":28.0},{"not_picked":["JustLucky+1","EmptyBody","WindmillStrike","Consecrate","CrushJoints+1","MostiFishMod:StarWish"],"picked":"SKIP","floor":31.0},{"not_picked":["Judgement","DevaForm","Ragnarok","MostiFishMod:Moonprays","MostiFishMod:Adaptation"],"picked":"ConjureBlade","floor":33.0},{"not_picked":["christmas-Death","christmas-Famine","christmas-Plague","christmas-War","christmas-Famine"],"picked":"christmas-War","floor":33.0},{"not_picked":["FollowUp+1","Crescendo+1","ClearTheMind+1","EmptyFist","BowlingBash","Evaluate"],"picked":"SKIP","floor":35.0},{"not_picked":["SandsOfTime+1","JustLucky","EmptyFist+1","Evaluate+1","FlyingSleeves+1"],"picked":"Fasting2","floor":36.0},{"not_picked":["Weave","BowlingBash","CrushJoints+1","FearNoEvil+1","EmptyBody+1","Swivel+1"],"picked":"SKIP","floor":38.0},{"not_picked":["ThirdEye+1","FlyingSleeves","Evaluate+1","Consecrate","Wallop+1"],"picked":"Ragnarok","floor":41.0},{"not_picked":["Sanctity","Evaluate+1","Collect","EmptyFist","ReachHeaven","MostiFishMod:Pointsdynamics"],"picked":"SKIP","floor":42.0},{"not_picked":["InnerPeace+1","Crescendo+1","ReachHeaven+1","Swivel+1","FollowUp+1","FlurryOfBlows"],"picked":"SKIP","floor":45.0},{"not_picked":["Study+1","BowlingBash","LikeWater+1","CutThroughFate","Evaluate"],"picked":"MostiFishMod:Adaptation","floor":47.0},{"not_picked":["Sanctity","FlyingSleeves+1","WindmillStrike+1","FollowUp","BowlingBash+1","MostiFishMod:PathToVictory+1"],"picked":"SKIP","floor":48.0},{"not_picked":["Protect","Adaptation","InnerPeace","Indignation","WaveOfTheHand+1","PathToVictory"],"picked":"SKIP","floor":54.0}],"player_experience":34717,"relics_obtained":[{"floor":1.0,"key":"SynthV:TestCard"},{"floor":9.0,"key":"Happy Flower"},{"floor":10.0,"key":"Smiling Mask"},{"floor":13.0,"key":"Odd Mushroom"},{"floor":23.0,"key":"testmod-Justice"},{"floor":26.0,"key":"Question Card"},{"floor":27.0,"key":"Orichalcum"},{"floor":43.0,"key":"Centennial Puzzle"},{"floor":47.0,"key":"TuHaoJin"},{"floor":54.0,"key":"InkBottle"}],"event_choices":[{"cards_removed":["Defend_P"],"damage_healed":0.0,"max_hp_gain":0.0,"max_hp_loss":0.0,"gold_gain":0.0,"event_name":"Golden Wing","player_choice":"Card Removal","floor":2.0,"gold_loss":0.0,"damage_taken":7.0},{"damage_healed":0.0,"max_hp_gain":0.0,"max_hp_loss":0.0,"gold_gain":0.0,"event_name":"Scrap Ooze","player_choice":"Success","floor":4.0,"gold_loss":0.0,"damage_taken":7.0,"relics_obtained":["testmod-Acrobat"]},{"damage_healed":0.0,"max_hp_gain":0.0,"max_hp_loss":0.0,"gold_gain":0.0,"event_name":"Golden Idol","player_choice":"Take Damage","floor":5.0,"gold_loss":0.0,"damage_taken":21.0,"relics_obtained":["Golden Idol"]},{"damage_healed":0.0,"max_hp_gain":0.0,"max_hp_loss":0.0,"gold_gain":0.0,"event_name":"Mushrooms","player_choice":"Fought Mushrooms","floor":13.0,"gold_loss":0.0,"damage_taken":0.0},{"damage_healed":0.0,"max_hp_gain":5.0,"max_hp_loss":0.0,"gold_gain":0.0,"event_name":"Forgotten Altar","player_choice":"Shed Blood","floor":19.0,"gold_loss":0.0,"damage_taken":24.0}],"is_beta":false,"boss_relics":[{"not_picked":["RhineFirstAidKit","testmod-BloodSacrificeSpiritualization"],"picked":"testmod-TimeTraveler"},{"not_picked":[]},{"not_picked":["testmod-NegativeEmotionEnhancer","GuanYuAspect"],"picked":"BloodWine"},{"not_picked":[]}],"items_purged_floors":[3,17,22,22,29,37,37,39,46,53],"is_endless":false,"potions_floor_spawned":[1,6,10,14,23,25,31,38,41,45],"ascension_level":0}}