{"host":"gk9qdtkqd8dwfeg2","time":1614233944,"event":{"mods":["Act Like it!","Aspiration","BaseMod","Colored Powertips","Gensokyo","Minty Spire (QoL Compilation)","Pale of the Ancients","Quick Restart","Reimu£®≤©¿ˆ¡È√Œ£©","Remilia£®¿Ÿ√◊¿Ú—«£©","Replay The Spire","Shop Mod","StSLib","TestMod","The Servant 0.9.4","Waifu the Spire","Youmu£®ªÍ∆«—˝√Œ£©"],"gold_per_floor":[118,143,154,154,171,199,218,245,245,257,187,25,55,55,55,129,129,145,145,145,16,41,41],"floor_reached":22,"language":"ZHS","playtime":628,"items_purged":[],"score":424,"play_id":"53e5e178-09cd-4830-8dfd-4521ae7095e9","local_time":"20210225141904","is_ascension_mode":true,"campfire_choices":[{"data":"Eruption","floor":15.0,"key":"SMITH"}],"circlet_count":0,"master_deck":["AscendersBane","Strike_P","Strike_P","Defend_P","Defend_P","Defend_P","Eruption+1","Vigilance","Swivel","InnerPeace","Sucker Punch","Bane","Storm of Steel","Consecrate","Halt","ForeignInfluence","FlurryOfBlows","Adaptation","Wish","Gensokyo:BlemishedSteel","Gensokyo:Shovel"],"relics":["PureWater","testmod-TestBox","testmod-ThousandKnives","NeowsBlessing","Replay:Rubber Ducky","testmod-ArcanaOfDestiny","Onion Ring","Vajra","MerchantsRug","CrazyTorch:ReiMu","aspiration:SecretTechniqueScroll"],"acts_visited":["Exordium","Gensokyo:Gensokyo"],"potions_floor_usage":[],"damage_taken":[{"damage":0.0,"enemies":"Gensokyo:3_Fairies","floor":1.0,"turns":1.0},{"damage":0.0,"enemies":"Gensokyo:Python","floor":3.0,"turns":1.0},{"damage":0.0,"enemies":"Gensokyo:2_Kodama","floor":5.0,"turns":1.0},{"damage":12.0,"enemies":"Gensokyo:Mamizou","floor":6.0,"turns":7.0},{"damage":0.0,"enemies":"Gensokyo:LivingMonolith","floor":7.0,"turns":3.0},{"damage":20.0,"enemies":"Gensokyo:Aya","floor":8.0,"turns":7.0},{"damage":0.0,"enemies":"Gensokyo:5_Fairies","floor":10.0,"turns":4.0},{"damage":0.0,"enemies":"Gensokyo:Cirno","floor":13.0,"turns":6.0},{"damage":2.0,"enemies":"Gensokyo:Yukari","floor":16.0,"turns":6.0},{"damage":0.0,"enemies":"Gensokyo:Chomper","floor":18.0,"turns":1.0},{"damage":71,"enemies":"Gensokyo:Chomper","floor":22,"turns":4}],"seed_played":"-3765633365995568122","potions_obtained":[{"floor":1.0,"key":"SkillPotion"},{"floor":7.0,"key":"ZuzhouPotion:ReiMu"}],"is_trial":false,"path_per_floor":["M","T","M","?","M","E","M","E","T","M","?","$","E","$","R","B",null,"M","?","?","COS","?"],"character_chosen":"WATCHER","items_purchased":["MerchantsRug"],"campfire_rested":0,"item_purchase_floors":[12],"current_hp_per_floor":[61,61,61,61,61,49,49,29,29,29,29,29,29,29,29,27,58,58,58,58,58,0,0],"gold":41,"neow_bonus":"THREE_ENEMY_KILL","is_daily":false,"chose_seed":false,"campfire_upgraded":1,"win_rate":0.0,"timestamp":1614233944,"path_taken":["M","?","M","?","M","E","M","E","T","?","?","$","E","?","R","BOSS","M","?","?","COS","?"],"items_purchased_type":["Relic"],"build_version":"2020-12-22","purchased_purges":0,"victory":false,"max_hp_per_floor":[68,68,68,68,68,68,68,68,68,68,68,68,68,68,68,68,68,68,68,68,68,68,68],"card_choices":[{"not_picked":["WindmillStrike","ThirdEye"],"picked":"Swivel","floor":1.0},{"not_picked":["Evaluate","CutThroughFate"],"picked":"InnerPeace","floor":3.0},{"not_picked":["Prostrate","Replay:BluntJabs"],"picked":"Consecrate","floor":5.0},{"not_picked":["Evaluate","ConjureBlade"],"picked":"Halt","floor":6.0},{"not_picked":["Fasting2","BowlingBash","Wallop"],"picked":"SKIP","floor":7.0},{"not_picked":["Replay:BluntJabs","ClearTheMind"],"picked":"ForeignInfluence","floor":8.0},{"not_picked":["EmptyMind","Halt"],"picked":"FlurryOfBlows","floor":10.0},{"not_picked":["Replay:DivineShield","CarveReality"],"picked":"Adaptation","floor":13.0},{"not_picked":["Ragnarok","Omniscience"],"picked":"Wish","floor":16.0},{"not_picked":["ClearTheMind","SignatureMove","BowlingBash"],"picked":"SKIP","floor":18.0}],"player_experience":841493,"relics_obtained":[{"floor":2.0,"key":"Replay:Rubber Ducky"},{"floor":6.0,"key":"testmod-ArcanaOfDestiny"},{"floor":8.0,"key":"Onion Ring"},{"floor":13.0,"key":"CrazyTorch:ReiMu"}],"event_choices":[],"is_beta":false,"boss_relics":[{"not_picked":["Abe\u0027s Treasure","SacredBark"],"picked":"aspiration:SecretTechniqueScroll"}],"items_purged_floors":[],"is_endless":false,"potions_floor_spawned":[1,7,13,16],"killed_by":"Gensokyo:Chomper","ascension_level":20}}