{"host":"vqun63pi4q2xs0ca","time":1614251342,"event":{"mods":["BaseMod","Minty Spire (QoL Compilation)","Relic Stats","StSLib"],"gold_per_floor":[112,126,37,112,112,138,138,157,157,182,202,236,309,338,338,410,410,429,447,2,2,2,2,29,41,68,68,83,94,107,132,132,206,206,217,57,104,124,137,137,137,163,163,177,187,0,27,50,62,74,86],"floor_reached":52,"language":"ENG","playtime":4418,"items_purged":["Strike_P+1"],"score":2064,"play_id":"595decd1-1ad3-45fc-b1fb-e8cd642253f0","local_time":"20210225110902","is_ascension_mode":true,"campfire_choices":[{"data":"Eruption","floor":7.0,"key":"SMITH"},{"data":"WheelKick","floor":15.0,"key":"SMITH"},{"data":"Meditate","floor":23.0,"key":"SMITH"},{"data":"SpiritShield","floor":32.0,"key":"SMITH"},{"floor":40.0,"key":"RECALL"},{"data":"MentalFortress","floor":49,"key":"SMITH"}],"circlet_count":0,"master_deck":["AscendersBane","Strike_P+1","Strike_P+1","Strike_P+1","Defend_P+1","Defend_P+1","Defend_P+1","Defend_P+1","Eruption+1","Vigilance+1","Consecrate+1","EmptyFist+1","LessonLearned+1","Weave+1","Halt+1","ThirdEye+1","Wallop+1","DeceiveReality+1","WheelKick+1","Scrawl+1","Meditate+1","Wallop+1","Tantrum+1","SpiritShield+1","ThirdEye","Ragnarok+1","TalkToTheHand+1","Wireheading","Panache","Wireheading","Wireheading+1","MentalFortress+1","MentalFortress","ThirdEye+1"],"relics":["PureWater","NeowsBlessing","Kunai","Meat on the Bone","Art of War","CloakClasp","Coffee Dripper","Question Card","OrangePellets","Akabeko","Lantern","Centennial Puzzle","Runic Dome","StoneCalendar","InkBottle","Vajra","Red Mask","MawBank"],"acts_visited":["Exordium","TheCity","TheBeyond"],"potions_floor_usage":[50],"damage_taken":[{"damage":0.0,"enemies":"Small Slimes","floor":1.0,"turns":1.0},{"damage":0.0,"enemies":"Jaw Worm","floor":2.0,"turns":1.0},{"damage":0.0,"enemies":"Lagavulin","floor":6.0,"turns":3.0},{"damage":0.0,"enemies":"Cultist","floor":8.0,"turns":2.0},{"damage":0.0,"enemies":"3 Sentries","floor":10.0,"turns":3.0},{"damage":18.0,"enemies":"Large Slime","floor":11.0,"turns":6.0},{"damage":10.0,"enemies":"Lagavulin","floor":12.0,"turns":10.0},{"damage":0.0,"enemies":"3 Sentries","floor":14.0,"turns":6.0},{"damage":10.0,"enemies":"Slime Boss","floor":16.0,"turns":9.0},{"damage":0.0,"enemies":"Chosen","floor":18.0,"turns":2.0},{"damage":10.0,"enemies":"3 Byrds","floor":19.0,"turns":5.0},{"damage":0.0,"enemies":"Gremlin Leader","floor":24.0,"turns":4.0},{"damage":1.0,"enemies":"Shelled Parasite and Fungi","floor":25.0,"turns":5.0},{"damage":1.0,"enemies":"Centurion and Healer","floor":28.0,"turns":6.0},{"damage":20.0,"enemies":"Snake Plant","floor":29.0,"turns":4.0},{"damage":0.0,"enemies":"Snecko","floor":30.0,"turns":5.0},{"damage":14.0,"enemies":"Book of Stabbing","floor":31.0,"turns":4.0},{"damage":20.0,"enemies":"Automaton","floor":33.0,"turns":8.0},{"damage":0.0,"enemies":"3 Shapes","floor":35.0,"turns":3.0},{"damage":0.0,"enemies":"2 Orb Walkers","floor":37.0,"turns":2.0},{"damage":0.0,"enemies":"Orb Walker","floor":38.0,"turns":3.0},{"damage":0.0,"enemies":"Maw","floor":39.0,"turns":7.0},{"damage":9.0,"enemies":"Nemesis","floor":42.0,"turns":6.0},{"damage":0.0,"enemies":"Jaw Worm Horde","floor":44.0,"turns":2.0},{"damage":0.0,"enemies":"Transient","floor":45.0,"turns":6.0},{"damage":4.0,"enemies":"Giant Head","floor":47.0,"turns":6.0},{"damage":0,"enemies":"Spire Growth","floor":48,"turns":4},{"damage":4,"enemies":"Time Eater","floor":50,"turns":12},{"damage":16,"enemies":"Donu and Deca","floor":51,"turns":7}],"seed_played":"8882470250275878427","potions_obtained":[{"floor":1.0,"key":"Swift Potion"},{"floor":6.0,"key":"SteroidPotion"},{"floor":14.0,"key":"GamblersBrew"},{"floor":18.0,"key":"Swift Potion"},{"floor":30.0,"key":"BottledMiracle"},{"floor":31.0,"key":"GamblersBrew"},{"floor":39.0,"key":"Regen Potion"}],"is_trial":false,"path_per_floor":["M","M","$","?","?","E","R","M","T","E","M","E","?","E","R","B",null,"M","M","$","?","?","R","E","M","T","?","M","M","M","E","R","B",null,"M","$","?","M","M","R","?","E","T","M","M","?","E","M","R","B","B",null],"character_chosen":"WATCHER","items_purchased":["LessonLearned","Question Card","OrangePellets","TalkToTheHand"],"campfire_rested":0,"item_purchase_floors":[3,20,20,36],"current_hp_per_floor":[61,61,61,50,50,50,50,50,50,50,44,46,46,46,46,36,60,60,50,50,50,50,50,50,49,49,49,48,40,40,38,38,30,59,59,59,59,59,59,59,59,50,50,50,50,50,46,46,46,57,41],"gold":98,"neow_bonus":"THREE_ENEMY_KILL","is_daily":false,"chose_seed":false,"campfire_upgraded":5,"win_rate":0.0,"timestamp":1614251342,"path_taken":["M","M","$","?","?","E","R","?","T","E","M","E","?","E","R","BOSS","M","M","$","?","?","R","E","M","T","?","M","M","?","E","R","BOSS","M","$","?","M","M","R","?","E","T","M","M","?","E","M","R","BOSS","BOSS"],"items_purchased_type":["Card","Relic","Relic","Card"],"build_version":"2020-12-22","purchased_purges":1,"victory":true,"max_hp_per_floor":[68,68,68,68,68,68,68,68,68,68,68,68,68,68,68,68,68,68,68,68,68,68,68,68,68,68,68,68,68,68,68,68,68,68,68,68,68,68,68,68,68,68,68,68,68,68,68,68,68,68,68],"relic_stats":{"OrangePellets":[2],"Centennial Puzzle":[15],"counters":[29,142],"StoneCalendar":[84],"Art of War":[26],"CloakClasp":[394],"Kunai":[66],"Question Card":17,"MawBank":60,"obtain_stats":[{"Lantern":26,"NeowsBlessing":0,"Vajra":43,"StoneCalendar":37,"CloakClasp":12,"Question Card":20,"MawBank":47,"Akabeko":24,"OrangePellets":20,"Runic Dome":34,"Centennial Puzzle":31,"Art of War":10,"Coffee Dripper":17,"Red Mask":46,"Kunai":6,"PureWater":0,"InkBottle":42,"Meat on the Bone":9},{"Lantern":13,"NeowsBlessing":0,"Vajra":23,"StoneCalendar":20,"CloakClasp":7,"Question Card":11,"MawBank":26,"Akabeko":12,"OrangePellets":11,"Runic Dome":18,"Centennial Puzzle":17,"Art of War":5,"Coffee Dripper":9,"Red Mask":25,"Kunai":3,"PureWater":0,"InkBottle":23,"Meat on the Bone":4},{"Lantern":57,"NeowsBlessing":0,"Vajra":105,"StoneCalendar":89,"CloakClasp":26,"Question Card":48,"MawBank":119,"Akabeko":52,"OrangePellets":48,"Runic Dome":84,"Centennial Puzzle":76,"Art of War":10,"Coffee Dripper":41,"Red Mask":113,"Kunai":5,"PureWater":0,"InkBottle":105,"Meat on the Bone":7}],"InkBottle":[15],"Meat on the Bone":60},"card_choices":[{"not_picked":["WreathOfFlame","JustLucky"],"picked":"Consecrate","floor":1.0},{"not_picked":["Indignation","PathToVictory"],"picked":"EmptyFist","floor":2.0},{"not_picked":["Conclude","Consecrate"],"picked":"Halt","floor":6.0},{"not_picked":["BowlingBash","SandsOfTime"],"picked":"ThirdEye","floor":8.0},{"not_picked":["WaveOfTheHand","Establishment"],"picked":"Wallop","floor":10.0},{"not_picked":["FlyingSleeves","Halt"],"picked":"DeceiveReality","floor":11.0},{"not_picked":["Crescendo","Fasting2"],"picked":"WheelKick","floor":12.0},{"not_picked":["WindmillStrike","Prostrate","PathToVictory"],"picked":"SKIP","floor":14.0},{"not_picked":["Alpha","ConjureBlade"],"picked":"Scrawl","floor":16.0},{"not_picked":["Consecrate","SashWhip"],"picked":"Meditate","floor":18.0},{"not_picked":["Pray+1","Conclude","ClearTheMind"],"picked":"SKIP","floor":19.0},{"not_picked":["WindmillStrike","ForeignInfluence","EmptyMind","ClearTheMind+1"],"picked":"SKIP","floor":24.0},{"not_picked":["SashWhip","InnerPeace","EmptyFist"],"picked":"Wallop","floor":25.0},{"not_picked":["BattleHymn","FlyingSleeves","Crescendo"],"picked":"Tantrum","floor":28.0},{"not_picked":["InnerPeace","Evaluate","Tantrum","Collect"],"picked":"SKIP","floor":29.0},{"not_picked":["CrushJoints","DeceiveReality","WreathOfFlame"],"picked":"SpiritShield","floor":30.0},{"not_picked":["Halt+1","FollowUp+1","BowlingBash"],"picked":"ThirdEye","floor":31.0},{"not_picked":["Judgement","ConjureBlade","MasterReality"],"picked":"Ragnarok","floor":33.0},{"not_picked":["FlurryOfBlows+1","EmptyBody","Study+1","CrushJoints"],"picked":"SKIP","floor":35.0},{"not_picked":["Halt+1","ThirdEye","CrushJoints","Sanctity"],"picked":"SKIP","floor":38.0},{"not_picked":["InnerPeace","Halt","ConjureBlade"],"picked":"Wireheading","floor":39.0},{"not_picked":["Finesse","Good Instincts","Secret Technique"],"picked":"Panache","floor":41.0},{"not_picked":["FlurryOfBlows","ConjureBlade","CrushJoints"],"picked":"Wireheading","floor":42.0},{"not_picked":["JustLucky+1","WheelKick","Meditate"],"picked":"Wireheading+1","floor":44.0},{"not_picked":["EmptyBody","FollowUp+1","SashWhip"],"picked":"MentalFortress","floor":45.0},{"not_picked":["Wireheading","FollowUp","ForeignInfluence"],"picked":"MentalFortress","floor":47.0},{"not_picked":["CrushJoints+1","Protect","SashWhip"],"picked":"ThirdEye+1","floor":48}],"player_experience":1639244,"relics_obtained":[{"floor":6.0,"key":"Kunai"},{"floor":9.0,"key":"Meat on the Bone"},{"floor":10.0,"key":"Art of War"},{"floor":12.0,"key":"CloakClasp"},{"floor":24.0,"key":"Akabeko"},{"floor":26.0,"key":"Lantern"},{"floor":31.0,"key":"Centennial Puzzle"},{"floor":37.0,"key":"StoneCalendar"},{"floor":42.0,"key":"InkBottle"},{"floor":43.0,"key":"Vajra"},{"floor":47.0,"key":"MawBank"}],"event_choices":[{"damage_healed":0.0,"max_hp_gain":0.0,"max_hp_loss":0.0,"gold_gain":75.0,"event_name":"World of Goop","player_choice":"Gather Gold","floor":4.0,"gold_loss":0.0,"damage_taken":11.0},{"damage_healed":0.0,"max_hp_gain":0.0,"max_hp_loss":0.0,"gold_gain":0.0,"event_name":"Match and Keep!","player_choice":"1 cards matched","floor":5.0,"gold_loss":0.0,"damage_taken":0.0,"cards_obtained":["Weave"]},{"damage_healed":0.0,"max_hp_gain":0.0,"max_hp_loss":0.0,"gold_gain":73.0,"event_name":"Golden Wing","player_choice":"Gained Gold","floor":13.0,"gold_loss":0.0,"damage_taken":0.0},{"damage_healed":0.0,"max_hp_gain":0.0,"max_hp_loss":0.0,"gold_gain":0.0,"event_name":"Back to Basics","player_choice":"Simplicity","floor":22.0,"gold_loss":0.0,"damage_taken":0.0,"cards_upgraded":["Strike_P","Strike_P","Strike_P","Defend_P"]},{"damage_healed":0.0,"max_hp_gain":0.0,"max_hp_loss":0.0,"gold_gain":0.0,"event_name":"Match and Keep!","player_choice":"0 cards matched","floor":27.0,"gold_loss":0.0,"damage_taken":0.0,"cards_obtained":[]},{"damage_healed":0.0,"max_hp_gain":0.0,"max_hp_loss":0.0,"gold_gain":0.0,"event_name":"Mysterious Sphere","player_choice":"Fight","floor":37.0,"gold_loss":0.0,"damage_taken":0.0},{"damage_healed":0.0,"max_hp_gain":0.0,"max_hp_loss":0.0,"gold_gain":0.0,"event_name":"SensoryStone","player_choice":"Memory 1","floor":41.0,"gold_loss":0.0,"damage_taken":0.0},{"damage_healed":0.0,"max_hp_gain":0.0,"max_hp_loss":0.0,"gold_gain":0.0,"event_name":"Tomb of Lord Red Mask","player_choice":"Paid","floor":46.0,"gold_loss":187.0,"damage_taken":0.0,"relics_obtained":["Red Mask"]}],"is_beta":false,"boss_relics":[{"not_picked":["Sozu","VioletLotus"],"picked":"Coffee Dripper"},{"not_picked":["Busted Crown","Cursed Key"],"picked":"Runic Dome"}],"items_purged_floors":[36],"is_endless":false,"potions_floor_spawned":[1,6,8,14,18,30,31,35,38,39],"ascension_level":20}}