{"host":"0b6qkelyb1zitflw","time":1614275080,"event":{"mods":["BaseMod","Custom Start","Highlight Path","KOR Keyword Fix","Library of Ruina","Library of Ruina Extra","Minty Spire (QoL Compilation)","StSLib"],"gold_per_floor":[117,67,67,87,87,87,98,98,121,121,95,45,45,64,64,64,64],"floor_reached":16,"language":"KOR","playtime":456,"items_purged":["LightDefense"],"score":88,"play_id":"7a21e7a4-0599-4352-adc4-5a551b110e00","local_time":"20210226024440","is_ascension_mode":false,"campfire_choices":[{"data":"IronWall","floor":6,"key":"SMITH"},{"data":"Parry2","floor":8,"key":"SMITH"},{"floor":13,"key":"REST"},{"data":"FocusedStrikes","floor":15,"key":"SMITH"}],"circlet_count":0,"master_deck":["Dodge","LightDefense+1","LightAttack","LightAttack","LightAttack","LightDefense","ChargeAndCover+1","FocusedStrikes+1","IronWall+1","Parry2+1","FierceCharge"],"relics":["PageOfLibrarian","Anchor","Smiling Mask"],"acts_visited":["Exordium"],"potions_floor_usage":[],"damage_taken":[{"damage":0,"enemies":"2 Louse","floor":1,"turns":2},{"damage":0,"enemies":"Small Slimes","floor":4,"turns":4},{"damage":0,"enemies":"Cultist","floor":7,"turns":5},{"damage":3,"enemies":"Lots of Slimes","floor":14,"turns":6},{"damage":66,"enemies":"Hexaghost","floor":16,"turns":11}],"seed_played":"-3554325719418202293","potions_obtained":[],"is_trial":false,"path_per_floor":["M","?","$","M","?","R","M","R","T","?","?","$","R","M","R","B"],"character_chosen":"Librarian","items_purchased":[],"campfire_rested":1,"item_purchase_floors":[],"current_hp_per_floor":[60,60,60,60,46,46,46,46,46,46,46,46,67,64,64,0,0],"gold":64,"neow_bonus":"RANDOM_COMMON_RELIC","is_daily":false,"chose_seed":false,"campfire_upgraded":3,"win_rate":0.0,"timestamp":1614275080,"path_taken":["M","?","$","M","?","R","M","R","T","?","?","?","R","?","R","BOSS"],"items_purchased_type":[],"build_version":"2020-12-22","purchased_purges":1,"victory":false,"max_hp_per_floor":[70,70,70,70,70,70,70,70,70,70,70,70,70,70,70,70,70],"card_choices":[{"not_picked":["IronWall","AsThePrescriptOrders","SmokingPipe","ReadyUp"],"picked":"SKIP","floor":1},{"not_picked":["AsThePrescriptOrders","SmokingPipe","ReadyUp"],"picked":"IronWall","floor":1},{"not_picked":["Leap_lor","AsThePrescriptOrders","AGoldenOpportunity","HiddenBlade"],"picked":"SKIP","floor":4},{"not_picked":["DeepDrag","WillOfThePrescript","SerpentineBarrier"],"picked":"Parry2","floor":7},{"not_picked":["Diversion","ViolentFlame","YourShield"],"picked":"FierceCharge","floor":14}],"player_experience":317451,"relics_obtained":[{"floor":9,"key":"Smiling Mask"}],"event_choices":[{"cards_removed":["LightDefense"],"damage_healed":0,"gold_gain":0,"player_choice":"Card Removal","damage_taken":0,"max_hp_gain":0,"max_hp_loss":0,"event_name":"The Cleric","floor":2,"gold_loss":50},{"damage_healed":0,"gold_gain":0,"player_choice":"Entered Light","damage_taken":14,"max_hp_gain":0,"max_hp_loss":0,"event_name":"Shining Light","floor":5,"gold_loss":0,"cards_upgraded":["LightDefense","ChargeAndCover"]},{"damage_healed":0,"gold_gain":0,"player_choice":"Ignored","damage_taken":0,"max_hp_gain":0,"max_hp_loss":0,"event_name":"Golden Idol","floor":10,"gold_loss":0},{"damage_healed":0,"gold_gain":0,"player_choice":"Left Gold","damage_taken":0,"max_hp_gain":0,"max_hp_loss":0,"event_name":"World of Goop","floor":11,"gold_loss":26}],"is_beta":false,"boss_relics":[],"items_purged_floors":[12],"is_endless":false,"potions_floor_spawned":[],"killed_by":"Hexaghost","ascension_level":0}}