{"host":"ELF","time":1614233628,"event":{"mods":["BaseMod","Bestiary","Minty Spire (QoL Compilation)","Relic Stats","Slay the Relics Exporter"],"gold_per_floor":[114,129,129,129,79,117,117,117,117,117,136,136,136,155,155,280,280,299,398,417,436,455,493,512,550,562,593,281,300,300,319,319,444,444,463,482,501,501,520,520,558,83,83,83,416,24,74,89,89,89],"floor_reached":51,"language":"ENG","playtime":4634,"items_purged":["Blizzard"],"score":894,"play_id":"3a50304b-9602-4a53-afee-8c40b3c0bee0","local_time":"20210225001348","daily_mods":["Insanity","Colorless Cards","Night Terrors"],"is_ascension_mode":false,"campfire_choices":[{"data":"1","floor":8.0,"key":"LIFT"},{"data":"2","floor":10.0,"key":"LIFT"},{"data":"3","floor":12.0,"key":"LIFT"},{"data":"Hello World","floor":15.0,"key":"SMITH"},{"data":"Self Repair","floor":30.0,"key":"SMITH"},{"data":"Apotheosis","floor":32.0,"key":"SMITH"},{"floor":40.0,"key":"REST"},{"data":"Mind Blast","floor":44.0,"key":"SMITH"},{"data":"Dramatic Entrance","floor":49,"key":"SMITH"}],"circlet_count":0,"master_deck":["Streamline","Hologram","Redo","Ball Lightning","Leap","Gash","Barrage","Hello World","Undo","Turbo","Undo","Bandage Up","Streamline","BootSequence","Glacier","Stack","Gash","Ball Lightning","Turbo","Gash","Turbo","Beam Cell","Trip","Redo","Jack Of All Trades","Ball Lightning","Coolheaded","Hologram","Leap","Doom and Gloom","Hologram","Coolheaded","Ball Lightning","Rebound","Self Repair+1","Streamline","Skim","Loop","Blizzard","Mind Blast+1","Barrage","Beam Cell","Rebound","Streamline","Static Discharge","FTL","Scrape","Loop","Streamline","Conserve Battery","Gash","Recycle","Hello World+1","Steam","Transmutation","Dark Shackles","Swift Strike+1","Gash","Chaos+1","Cold Snap","Hologram","Buffer","Trip+1","Apotheosis+1","Purity+1","Purity","Finesse+1","Steam+1","Magnetism","Turbo","Aggregate","Buffer","Redo+1","Double Energy+1","Conserve Battery","Sweeping Beam","Self Repair+1","Mind Blast+1","Dramatic Entrance+1","Go for the Eyes+1","Conserve Battery+1"],"relics":["Cracked Core","Girya","Pantograph","MealTicket","Calling Bell","Centennial Puzzle","Matryoshka","TungstenRod","Oddly Smooth Stone","MawBank","Pear","Question Card","Orrery","Nuclear Battery","Mummified Hand","Runic Capacitor","Mercury Hourglass","Potion Belt","Lizard Tail","DollysMirror","Orichalcum","Ice Cream"],"acts_visited":["Exordium","TheCity","TheBeyond"],"potions_floor_usage":[],"damage_taken":[{"damage":0.0,"enemies":"2 Louse","floor":1.0,"turns":1.0},{"damage":0.0,"enemies":"Small Slimes","floor":2.0,"turns":1.0},{"damage":9.0,"enemies":"3 Sentries","floor":6.0,"turns":5.0},{"damage":0.0,"enemies":"Jaw Worm","floor":11.0,"turns":1.0},{"damage":0.0,"enemies":"Large Slime","floor":14.0,"turns":2.0},{"damage":20.0,"enemies":"Hexaghost","floor":16.0,"turns":7.0},{"damage":0.0,"enemies":"Chosen","floor":18.0,"turns":2.0},{"damage":0.0,"enemies":"2 Thieves","floor":20.0,"turns":2.0},{"damage":0.0,"enemies":"Sentry and Sphere","floor":21.0,"turns":3.0},{"damage":0.0,"enemies":"Shelled Parasite and Fungi","floor":22.0,"turns":2.0},{"damage":33.0,"enemies":"Gremlin Leader","floor":23.0,"turns":3.0},{"damage":5.0,"enemies":"3 Cultists","floor":24.0,"turns":3.0},{"damage":10.0,"enemies":"Slavers","floor":25.0,"turns":5.0},{"damage":0.0,"enemies":"Chosen and Byrds","floor":27.0,"turns":3.0},{"damage":0.0,"enemies":"Snecko","floor":29.0,"turns":2.0},{"damage":0.0,"enemies":"Centurion and Healer","floor":31.0,"turns":4.0},{"damage":21.0,"enemies":"Automaton","floor":33.0,"turns":9.0},{"damage":15.0,"enemies":"3 Darklings","floor":35.0,"turns":4.0},{"damage":0.0,"enemies":"3 Shapes","floor":36.0,"turns":5.0},{"damage":27.0,"enemies":"Jaw Worm Horde","floor":37.0,"turns":5.0},{"damage":26.0,"enemies":"Writhing Mass","floor":39.0,"turns":3.0},{"damage":34.0,"enemies":"Reptomancer","floor":41.0,"turns":4.0},{"damage":30.0,"enemies":"Mind Bloom Boss Battle","floor":47.0,"turns":3.0},{"damage":0,"enemies":"4 Shapes","floor":48,"turns":2},{"damage":18,"enemies":"Donu and Deca","floor":50,"turns":5}],"seed_played":"3523290589944034342","potions_obtained":[{"floor":2.0,"key":"LiquidBronze"},{"floor":6.0,"key":"Block Potion"},{"floor":11.0,"key":"DuplicationPotion"},{"floor":18.0,"key":"Regen Potion"},{"floor":21.0,"key":"LiquidMemories"},{"floor":23.0,"key":"ColorlessPotion"},{"floor":31.0,"key":"EssenceOfDarkness"},{"floor":41.0,"key":"Fruit Juice"},{"floor":47,"key":"EssenceOfSteel"}],"is_trial":false,"path_per_floor":["M","M","?","?","?","E","$","R","T","R","M","R","?","M","R","B",null,"M","?","M","M","M","E","M","E","T","M","$","M","R","M","R","B",null,"M","M","M","?","M","R","E","$","T","R","?","$","?","M","R","B",null],"character_chosen":"DEFECT","items_purchased":["Apotheosis","Orrery","Runic Capacitor","Mercury Hourglass","DollysMirror","Orichalcum","Dramatic Entrance"],"campfire_rested":1,"item_purchase_floors":[28,28,42,42,46,46,46],"current_hp_per_floor":[75,75,75,75,75,66,66,66,66,66,66,66,41,41,41,50,75,75,75,75,75,75,42,44,45,55,59,74,74,74,74,74,68,85,70,80,53,53,37,80,51,66,66,66,66,80,60,60,60,72],"gold":89,"neow_bonus":"","is_daily":true,"chose_seed":false,"campfire_upgraded":5,"win_rate":0.0,"timestamp":1614233628,"path_taken":["M","M","?","?","?","E","?","R","T","R","M","R","?","M","R","BOSS","M","?","M","M","M","E","M","E","T","M","$","M","R","M","R","BOSS","M","M","M","?","M","R","E","$","T","R","?","$","?","M","R","BOSS"],"items_purchased_type":["Card","Relic","Relic","Relic","Relic","Relic","Card"],"build_version":"2020-12-18","purchased_purges":1,"victory":true,"max_hp_per_floor":[75,75,75,75,75,75,75,75,75,75,75,75,75,75,75,75,75,75,75,75,75,75,75,75,75,85,85,85,85,85,85,85,85,85,85,85,85,85,85,80,80,80,80,80,80,80,80,80,80,80],"relic_stats":{"Centennial Puzzle":[30],"Lizard Tail":0,"counters":[25,86],"Mummified Hand":[6],"Pantograph":56,"MealTicket":44,"Orichalcum":[18],"MawBank":36,"Question Card":17,"obtain_stats":[{"Potion Belt":43,"Ice Cream":47,"Girya":6,"Pear":26,"Golden Idol":4,"Oddly Smooth Stone":23,"Runic Capacitor":42,"Orichalcum":46,"MawBank":25,"Question Card":26,"Nuclear Battery":34,"Mercury Hourglass":42,"Calling Bell":17,"Centennial Puzzle":17,"Lizard Tail":43,"Matryoshka":17,"Mummified Hand":41,"DollysMirror":46,"Pantograph":9,"Orrery":28,"MealTicket":13,"Cracked Core":0,"TungstenRod":17},{"Potion Belt":22,"Ice Cream":23,"Girya":3,"Pear":13,"Golden Idol":2,"Oddly Smooth Stone":11,"Runic Capacitor":22,"Orichalcum":22,"MawBank":13,"Question Card":13,"Nuclear Battery":17,"Mercury Hourglass":22,"Calling Bell":6,"Centennial Puzzle":6,"Lizard Tail":22,"Matryoshka":6,"Mummified Hand":22,"DollysMirror":22,"Pantograph":3,"Orrery":14,"MealTicket":4,"Cracked Core":0,"TungstenRod":6},{"Potion Belt":76,"Ice Cream":79,"Girya":7,"Pear":37,"Golden Idol":2,"Oddly Smooth Stone":29,"Runic Capacitor":76,"Orichalcum":76,"MawBank":37,"Question Card":37,"Nuclear Battery":55,"Mercury Hourglass":76,"Calling Bell":17,"Centennial Puzzle":17,"Lizard Tail":76,"Matryoshka":17,"Mummified Hand":76,"DollysMirror":76,"Pantograph":7,"Orrery":40,"MealTicket":8,"Cracked Core":0,"TungstenRod":17}],"TungstenRod":31,"Mercury Hourglass":[42]},"card_choices":[{"not_picked":["Undo","Redo"],"picked":"Conserve Battery","floor":1.0},{"not_picked":["Barrage","Hologram"],"picked":"Gash","floor":2.0},{"not_picked":["Coolheaded","Beam Cell"],"picked":"Recycle","floor":6.0},{"not_picked":["Stack","Compile Driver"],"picked":"Hello World","floor":11.0},{"not_picked":["Redo","Go for the Eyes"],"picked":"Steam","floor":14.0},{"not_picked":["Multi-Cast","HandOfGreed"],"picked":"Transmutation","floor":16.0},{"not_picked":["Streamline","Barrage"],"picked":"Dark Shackles","floor":18.0},{"not_picked":["BootSequence","Leap+1"],"picked":"Swift Strike+1","floor":20.0},{"not_picked":["Hologram","Leap"],"picked":"Gash","floor":21.0},{"not_picked":["Leap","Go for the Eyes+1"],"picked":"Chaos+1","floor":22.0},{"not_picked":["Stack","BootSequence+1"],"picked":"Cold Snap","floor":23.0},{"not_picked":["Coolheaded","Loop"],"picked":"Hologram","floor":24.0},{"not_picked":["Coolheaded","Stack"],"picked":"Buffer","floor":25.0},{"not_picked":["Go for the Eyes","Lockon+1","Stack+1"],"picked":"Trip+1","floor":27.0},{"not_picked":["Hologram","Go for the Eyes","Beam Cell+1"],"picked":"Purity+1","floor":28.0},{"not_picked":["Genetic Algorithm","Hologram","PanicButton+1"],"picked":"Purity","floor":28.0},{"not_picked":["Hello World","Steam","Coolheaded"],"picked":"Finesse+1","floor":28.0},{"not_picked":["Conserve Battery","Barrage","Coolheaded"],"picked":"Steam+1","floor":28.0},{"not_picked":["BootSequence","Coolheaded","Jack Of All Trades+1"],"picked":"Magnetism","floor":28.0},{"not_picked":["Consume","Ball Lightning","Go for the Eyes"],"picked":"Turbo","floor":29.0},{"not_picked":["Hologram+1","Barrage","Flash of Steel"],"picked":"Aggregate","floor":31.0},{"not_picked":["Fission","Thinking Ahead","Metamorphosis"],"picked":"Buffer","floor":33.0},{"not_picked":["Impatience+1","Hologram","Sweeping Beam+1"],"picked":"Redo+1","floor":35.0},{"not_picked":["Sunder+1","Barrage+1","Fusion"],"picked":"Double Energy+1","floor":36.0},{"not_picked":["Steam","Rebound","Leap"],"picked":"Conserve Battery","floor":37.0},{"not_picked":["Streamline","Compile Driver","Redo"],"picked":"Sweeping Beam","floor":39.0},{"not_picked":["Turbo","Leap+1","Magnetism"],"picked":"Self Repair+1","floor":41.0},{"not_picked":["Madness","Coolheaded+1","BootSequence+1"],"picked":"Go for the Eyes+1","floor":47},{"not_picked":["Finesse","Beam Cell","Leap"],"picked":"Conserve Battery+1","floor":48}],"player_experience":3556599,"relics_obtained":[{"floor":6.0,"key":"Girya"},{"floor":9.0,"key":"Pantograph"},{"floor":17.0,"key":"Centennial Puzzle"},{"floor":17.0,"key":"Matryoshka"},{"floor":17.0,"key":"TungstenRod"},{"floor":23.0,"key":"Oddly Smooth Stone"},{"floor":25.0,"key":"MawBank"},{"floor":26.0,"key":"Pear"},{"floor":26.0,"key":"Question Card"},{"floor":41.0,"key":"Mummified Hand"},{"floor":43.0,"key":"Potion Belt"},{"floor":43.0,"key":"Lizard Tail"},{"floor":47,"key":"Ice Cream"}],"event_choices":[{"damage_healed":0.0,"max_hp_gain":0.0,"max_hp_loss":0.0,"gold_gain":0.0,"event_name":"Liars Game","player_choice":"Ignored","floor":3.0,"gold_loss":0.0,"damage_taken":0.0},{"damage_healed":0.0,"max_hp_gain":0.0,"max_hp_loss":0.0,"gold_gain":0.0,"event_name":"Golden Idol","player_choice":"Take Wound","floor":4.0,"gold_loss":0.0,"damage_taken":0.0,"relics_obtained":["Golden Idol"],"cards_obtained":["Injury"]},{"cards_removed":["Injury"],"damage_healed":0.0,"max_hp_gain":0.0,"max_hp_loss":0.0,"gold_gain":0.0,"event_name":"The Cleric","player_choice":"Card Removal","floor":5.0,"gold_loss":50.0,"damage_taken":0.0},{"damage_healed":0.0,"max_hp_gain":0.0,"max_hp_loss":0.0,"gold_gain":0.0,"event_name":"Scrap Ooze","player_choice":"Success","floor":13.0,"gold_loss":0.0,"damage_taken":25.0,"relics_obtained":["MealTicket"]},{"damage_healed":0.0,"max_hp_gain":0.0,"max_hp_loss":0.0,"gold_gain":99.0,"event_name":"Nest","player_choice":"Stole From Cult","floor":19.0,"gold_loss":0.0,"damage_taken":0.0},{"damage_healed":0.0,"max_hp_gain":0.0,"max_hp_loss":0.0,"gold_gain":0.0,"event_name":"Tomb of Lord Red Mask","player_choice":"Ignored","floor":38.0,"gold_loss":0.0,"damage_taken":0.0},{"damage_healed":0.0,"max_hp_gain":0.0,"max_hp_loss":0.0,"gold_gain":333.0,"event_name":"The Moai Head","player_choice":"Gave Idol","floor":45.0,"relics_lost":["Golden Idol"],"gold_loss":0.0,"damage_taken":0.0},{"damage_healed":0.0,"max_hp_gain":0.0,"max_hp_loss":0.0,"gold_gain":0.0,"event_name":"MindBloom","player_choice":"Fight","floor":47.0,"gold_loss":0.0,"damage_taken":0.0}],"is_beta":true,"boss_relics":[{"not_picked":["Busted Crown","Tiny House"],"picked":"Calling Bell"},{"not_picked":["Runic Pyramid","Astrolabe"],"picked":"Nuclear Battery"}],"items_purged_floors":[42],"is_endless":false,"potions_floor_spawned":[2,6,11,18,21,23,31,33,37,41,47],"ascension_level":0}}