{"host":"t1puqh5lxz8sp6fn","time":1614229802,"event":{"mods":["AchievementEnabler","BaseMod","Colored Powertips","Minty Spire (QoL Compilation)","Rare Cards Sparkle","Relic Stats","StSLib"],"gold_per_floor":[212,231,241,2,2,29,29,59,59,59,93,107,107,121,121,197,197,215,215,225,24,35,35,63,63,63,63,92,103,117,17,17,94,94,106,131,131,3,16,16,42,70,82,107,119,131,143,143],"floor_reached":47,"playtime":2025,"items_purged":["Strike_G","Strike_G"],"score":920,"play_id":"02c67f55-cbd0-47e4-9602-c2e9af8bc407","local_time":"20210225021002","is_ascension_mode":true,"campfire_choices":[{"data":"Noxious Fumes","floor":10.0,"key":"SMITH"},{"data":"Doppelganger","floor":13.0,"key":"SMITH"},{"data":"Footwork","floor":15.0,"key":"SMITH"},{"data":"Terror","floor":23,"key":"SMITH"},{"floor":32,"key":"REST"},{"floor":40,"key":"RECALL"},{"floor":45,"key":"REST"}],"circlet_count":0,"master_deck":["AscendersBane","Strike_G","Strike_G","Defend_G","Defend_G","Defend_G","Survivor","Neutralize","Slice","Backstab","Infinite Blades","Noxious Fumes+1","Doppelganger+1","Leg Sweep","Footwork+1","Prepared","Corpse Explosion","Crippling Poison+1","Accuracy+1","PiercingWail+1","RitualDagger","Escape Plan+1","Catalyst","Well Laid Plans","Terror+1","Blade Dance","Footwork+1","Footwork+1","Wraith Form v2+1","Slice","A Thousand Cuts+1"],"relics":["Ring of the Snake","Bronze Scales","Anchor","Shuriken","Tiny Chest","Vajra","Astrolabe","Gremlin Horn","MutagenicStrength","Frozen Egg 2","Regal Pillow","WristBlade","WingedGreaves","The Courier","Lee\u0027s Waffle","MealTicket","MawBank","Peace Pipe"],"acts_visited":["Exordium","TheCity","TheBeyond"],"potions_floor_usage":[24,36,36],"damage_taken":[{"damage":2.0,"enemies":"Jaw Worm","floor":1.0,"turns":6.0},{"damage":1.0,"enemies":"Cultist","floor":2.0,"turns":5.0},{"damage":0.0,"enemies":"Small Slimes","floor":3.0,"turns":2.0},{"damage":12.0,"enemies":"Lagavulin","floor":6.0,"turns":7.0},{"damage":7.0,"enemies":"3 Sentries","floor":8.0,"turns":8.0},{"damage":1.0,"enemies":"Lagavulin","floor":11.0,"turns":5.0},{"damage":0.0,"enemies":"Blue Slaver","floor":12.0,"turns":3.0},{"damage":1.0,"enemies":"Looter","floor":14.0,"turns":2.0},{"damage":8.0,"enemies":"Slime Boss","floor":16.0,"turns":8.0},{"damage":11,"enemies":"Spheric Guardian","floor":18,"turns":6},{"damage":0,"enemies":"3 Byrds","floor":20,"turns":2},{"damage":2,"enemies":"Snake Plant","floor":22,"turns":4},{"damage":13,"enemies":"Slavers","floor":24,"turns":4},{"damage":15,"enemies":"Book of Stabbing","floor":28,"turns":4},{"damage":1,"enemies":"Cultist and Chosen","floor":29,"turns":4},{"damage":0,"enemies":"3 Cultists","floor":30,"turns":2},{"damage":59,"enemies":"Collector","floor":33,"turns":8},{"damage":4,"enemies":"Orb Walker","floor":35,"turns":4},{"damage":0,"enemies":"Mind Bloom Boss Battle","floor":36,"turns":7},{"damage":6,"enemies":"3 Shapes","floor":39,"turns":4},{"damage":28,"enemies":"Giant Head","floor":42,"turns":7},{"damage":20,"enemies":"Transient","floor":44,"turns":5},{"damage":74,"enemies":"Reptomancer","floor":47,"turns":3}],"seed_played":"-935162064983186234","potions_obtained":[{"floor":1.0,"key":"DuplicationPotion"},{"floor":3.0,"key":"ColorlessPotion"},{"floor":11.0,"key":"Block Potion"},{"floor":22,"key":"FairyPotion"},{"floor":29,"key":"Fire Potion"},{"floor":33,"key":"Fire Potion"},{"floor":36,"key":"Energy Potion"},{"floor":39,"key":"FearPotion"},{"floor":44,"key":"Fruit Juice"}],"is_trial":false,"path_per_floor":["M","M","M","$","?","E","$","E","T","R","E","M","R","M","R","B",null,"M","?","M","$","M","R","E","?","T","T","E","M","M","$","R","B",null,"M","?","T","$","M","R","T","E","T","M","R","$","E"],"character_chosen":"THE_SILENT","items_purchased":["Noxious Fumes","Bronze Scales","Catalyst","Well Laid Plans","Lee\u0027s Waffle"],"campfire_rested":2,"item_purchase_floors":[4,4,21,21,38],"current_hp_per_floor":[57,56,56,56,56,44,44,37,37,37,36,36,36,35,35,27,56,45,39,39,39,37,37,24,24,24,24,9,8,8,8,42,19,54,50,50,50,73,67,67,67,39,39,19,55,70,0,0],"gold":143,"neow_bonus":"HUNDRED_GOLD","is_daily":false,"chose_seed":false,"campfire_upgraded":4,"win_rate":0.0,"timestamp":1614229802,"path_taken":["M","M","M","$","?","E","?","E","T","R","E","M","R","?","R","BOSS","M","?","M","$","M","R","E","?","T","?","E","?","M","?","R","BOSS","M","?","?","?","?","R","?","E","T","M","R","$","E"],"items_purchased_type":["Card","Relic","Card","Card","Relic"],"build_version":"2020-12-13","purchased_purges":2,"victory":false,"max_hp_per_floor":[66,66,66,66,66,66,66,66,66,66,66,66,66,66,66,66,66,66,66,66,66,66,66,66,66,66,66,66,66,66,66,66,66,66,66,66,66,73,73,73,73,73,73,73,73,73,73,73],"relic_stats":{"Regal Pillow":30,"Lee\u0027s Waffle":23,"Gremlin Horn":[10,10],"counters":[23,110],"Astrolabe":["Crippling Poison","Accuracy","PiercingWail"],"MawBank":60,"Peace Pipe":0,"Shuriken":[30],"Bronze Scales":[208],"Tiny Chest":2,"MealTicket":15,"obtain_stats":[{"Regal Pillow":28,"Lee\u0027s Waffle":38,"Gremlin Horn":24,"Astrolabe":17,"Vajra":11,"The Courier":37,"Frozen Egg 2":27,"MawBank":42,"Peace Pipe":43,"Anchor":6,"WristBlade":34,"Shuriken":8,"Bronze Scales":4,"MutagenicStrength":25,"Tiny Chest":9,"MealTicket":41,"WingedGreaves":36,"Ring of the Snake":0},{"Regal Pillow":14,"Lee\u0027s Waffle":19,"Gremlin Horn":13,"Astrolabe":9,"Vajra":6,"The Courier":19,"Frozen Egg 2":13,"MawBank":21,"Peace Pipe":21,"Anchor":4,"WristBlade":17,"Shuriken":5,"Bronze Scales":3,"MutagenicStrength":13,"Tiny Chest":5,"MealTicket":20,"WingedGreaves":19,"Ring of the Snake":0},{"Regal Pillow":66,"Lee\u0027s Waffle":91,"Gremlin Horn":62,"Astrolabe":46,"Vajra":33,"The Courier":91,"Frozen Egg 2":62,"MawBank":102,"Peace Pipe":102,"Anchor":20,"WristBlade":80,"Shuriken":28,"Bronze Scales":13,"MutagenicStrength":62,"Tiny Chest":28,"MealTicket":95,"WingedGreaves":91,"Ring of the Snake":0}],"Ring of the Snake":[46]},"card_choices":[{"not_picked":["Reflex","Bouncing Flask"],"picked":"Slice","floor":1.0},{"not_picked":["Infinite Blades","Leg Sweep"],"picked":"Backstab","floor":2.0},{"not_picked":["Backstab","Escape Plan"],"picked":"Infinite Blades","floor":3.0},{"not_picked":["Tools of the Trade","Outmaneuver"],"picked":"Doppelganger","floor":6.0},{"not_picked":["Underhanded Strike","Dagger Throw"],"picked":"Leg Sweep","floor":8.0},{"not_picked":["Underhanded Strike","Flechettes","Dash"],"picked":"SKIP","floor":11.0},{"not_picked":["Deflect","Eviscerate"],"picked":"Footwork","floor":12.0},{"not_picked":["Poisoned Stab","Slice"],"picked":"Prepared","floor":14.0},{"not_picked":["Tools of the Trade","Wraith Form v2"],"picked":"Corpse Explosion","floor":16.0},{"not_picked":["Eviscerate","Expertise","Dodge and Roll"],"picked":"SKIP","floor":18},{"not_picked":["Blade Dance","Distraction+1"],"picked":"Escape Plan+1","floor":20},{"not_picked":["PiercingWail","Backflip+1"],"picked":"Terror","floor":22},{"not_picked":["Backstab+1","Deadly Poison"],"picked":"Blade Dance","floor":24},{"not_picked":["Envenom+1","Distraction"],"picked":"Footwork+1","floor":28},{"not_picked":["Crippling Poison","Blur","Well Laid Plans+1"],"picked":"SKIP","floor":29},{"not_picked":["Bouncing Flask","Infinite Blades+1"],"picked":"Footwork+1","floor":30},{"not_picked":["Venomology","Bullet Time"],"picked":"Wraith Form v2+1","floor":33},{"not_picked":["Distraction+1","Footwork+1"],"picked":"Slice","floor":35},{"not_picked":["Well Laid Plans+1","Sucker Punch","Heel Hook"],"picked":"SKIP","floor":39},{"not_picked":["Poisoned Stab+1","Prepared","Terror"],"picked":"SKIP","floor":42},{"not_picked":["Backflip+1","Quick Slash"],"picked":"A Thousand Cuts+1","floor":44}],"player_experience":552454,"relics_obtained":[{"floor":6.0,"key":"Anchor"},{"floor":8.0,"key":"Shuriken"},{"floor":9.0,"key":"Tiny Chest"},{"floor":11.0,"key":"Vajra"},{"floor":24,"key":"Gremlin Horn"},{"floor":27,"key":"Frozen Egg 2"},{"floor":28,"key":"Regal Pillow"},{"floor":36,"key":"WingedGreaves"},{"floor":37,"key":"The Courier"},{"floor":41,"key":"MealTicket"},{"floor":42,"key":"MawBank"},{"floor":43,"key":"Peace Pipe"}],"event_choices":[{"damage_healed":0.0,"max_hp_gain":0.0,"max_hp_loss":0.0,"gold_gain":0.0,"event_name":"Match and Keep!","player_choice":"0 cards matched","floor":5.0,"gold_loss":0.0,"damage_taken":0.0,"cards_obtained":[]},{"damage_healed":0,"gold_gain":0,"player_choice":"Joined the Cult","damage_taken":6,"max_hp_gain":0,"max_hp_loss":0,"event_name":"Nest","floor":19,"gold_loss":0,"cards_obtained":["RitualDagger"]},{"damage_healed":0,"gold_gain":0,"player_choice":"Inject Mutagens","damage_taken":0,"relics_obtained":["MutagenicStrength"],"max_hp_gain":0,"max_hp_loss":0,"event_name":"Drug Dealer","floor":25,"gold_loss":0},{"damage_healed":0,"gold_gain":0,"player_choice":"Fight","damage_taken":0,"max_hp_gain":0,"max_hp_loss":0,"event_name":"MindBloom","floor":36,"gold_loss":0}],"is_beta":false,"boss_relics":[{"not_picked":["Calling Bell","Coffee Dripper"],"picked":"Astrolabe"},{"not_picked":["Runic Pyramid","HoveringKite"],"picked":"WristBlade"}],"items_purged_floors":[21,31],"is_endless":false,"potions_floor_spawned":[1,3,11,22,29,30,33,36,39,44],"killed_by":"Reptomancer","ascension_level":16}}