{"host":"h3yie3u3olngyjol","time":1614235978,"event":{"mods":["BaseMod","Colored Powertips","Downfall","Highlight Path","Infinite Spire","Lobotomy","LobotomyExtend","Marked Mod","Minty Spire (QoL Compilation)","Prisma Mod","Replay The Spire","RumiaBox-露米娅的神秘盒子","Shop Mod","StSLib","The Hierophant","The Runesmith"],"gold_per_floor":[112,112,112,112,112,145,145,181,181,181,196,160,160,179,179,300,300,318,341,341,360,376,376,414,414,414],"floor_reached":25,"language":"ZHS","playtime":1220,"items_purged":[],"score":332,"play_id":"1be07ee7-9327-4e55-a98f-5ef5e096f65a","local_time":"20210225145258","is_ascension_mode":true,"campfire_choices":[{"floor":7.0,"key":"REST"},{"floor":13,"key":"REST"},{"floor":15,"key":"REST"},{"floor":23,"key":"REST"}],"circlet_count":0,"master_deck":["Strike_G","Strike_G","Strike_G","Strike_G","Strike_G","Defend_G","Defend_G","Defend_G","Defend_G","Defend_G","Survivor","Neutralize","Escape Plan","Dagger Spray","Glass Knife","Burst","Deadly Poison+1","Deadly Poison","ReplayTheSpireMod:Book of Names","Deadly Poison","Doppelganger"],"relics":["Ring of the Snake","LetterFromLob","Golden Idol","MealTicket","PreservedInsect","Thread and Needle","Ornamental Fan","Blood Vial","SSSystem"],"acts_visited":["Exordium","TheCity"],"potions_floor_usage":[8,16,16,21,22],"damage_taken":[{"damage":2.0,"enemies":"Jaw Worm","floor":1.0,"turns":4.0},{"damage":46.0,"enemies":"3 Sentries","floor":6.0,"turns":14.0},{"damage":20,"enemies":"Gremlin Nob","floor":8,"turns":4},{"damage":0,"enemies":"Small Slimes","floor":11,"turns":5},{"damage":0,"enemies":"2 Louse","floor":14,"turns":2},{"damage":81,"enemies":"Fading Forest","floor":16,"turns":11},{"damage":11,"enemies":"3 Byrds","floor":18,"turns":8},{"damage":6,"enemies":"Chosen","floor":19,"turns":5},{"damage":9,"enemies":"Centurion and Healer","floor":21,"turns":6},{"damage":16,"enemies":"Snecko","floor":22,"turns":6},{"damage":24,"enemies":"Gremlin Leader","floor":24,"turns":8},{"damage":15,"enemies":"Sentry and Sphere","floor":25,"turns":3}],"seed_played":"-8144566961923014392","potions_obtained":[{"floor":6.0,"key":"SkillPotion"},{"floor":8,"key":"Elixir"},{"floor":11,"key":"Block Potion"},{"floor":14,"key":"Poison Potion"},{"floor":19,"key":"GhostInAJar"},{"floor":21,"key":"Energy Potion"}],"is_trial":false,"path_per_floor":["M","M","?","?","?","E","R","E","T","?","M","?","R","M","R","B",null,"M","M","?","M","M","R","E","M"],"character_chosen":"THE_SILENT","items_purchased":[],"campfire_rested":4,"item_purchase_floors":[],"current_hp_per_floor":[68,68,49,54,51,5,29,9,9,9,11,11,35,37,61,2,62,53,49,30,23,9,33,11,0,0],"gold":414,"neow_bonus":"TEN_PERCENT_HP_BONUS","is_daily":false,"chose_seed":false,"campfire_upgraded":0,"win_rate":0.0,"timestamp":1614235978,"path_taken":["M","M","?","?","?","E","R","E","T","?","?","?","R","M","R","BOSS","M","M","?","M","M","R","E","M"],"items_purchased_type":[],"build_version":"2020-12-22","purchased_purges":0,"victory":false,"max_hp_per_floor":[77,77,77,82,82,82,82,82,82,82,82,82,82,82,82,82,82,82,82,82,82,82,82,82,82,82],"card_choices":[{"not_picked":["Hidden Blade","Skewer","Sucker Punch"],"picked":"SKIP","floor":1.0},{"not_picked":["Slice","Prepared"],"picked":"Escape Plan","floor":6.0},{"not_picked":["ReplayTheSpireMod:Scrap Shanks","PiercingWail","Acrobatics"],"picked":"SKIP","floor":8},{"not_picked":["Acrobatics","ReplayTheSpireMod:Exploit Weakness"],"picked":"Dagger Spray","floor":11},{"not_picked":["Underhanded Strike","Prepared"],"picked":"Glass Knife","floor":14},{"not_picked":["Glass Knife","Malaise"],"picked":"Burst","floor":16},{"not_picked":["Underhanded Strike","Backflip"],"picked":"Deadly Poison+1","floor":18},{"not_picked":["Bane","Dagger Throw+1"],"picked":"Deadly Poison","floor":19},{"not_picked":["ReplayTheSpireMod:Haul","infinitespire:DeathsTouch"],"picked":"ReplayTheSpireMod:Book of Names","floor":20},{"not_picked":["Leg Sweep","Accuracy","Hidden Blade"],"picked":"SKIP","floor":21},{"not_picked":["Flechettes","Acrobatics"],"picked":"Deadly Poison","floor":22},{"not_picked":["Blade Dance","Dodge and Roll"],"picked":"Doppelganger","floor":24}],"player_experience":473622,"relics_obtained":[{"floor":1.0,"key":"LetterFromLob"},{"floor":6.0,"key":"PreservedInsect"},{"floor":8,"key":"Thread and Needle"},{"floor":9,"key":"Ornamental Fan"},{"floor":24,"key":"SSSystem"}],"event_choices":[{"damage_healed":0.0,"max_hp_gain":0.0,"max_hp_loss":0.0,"gold_gain":0.0,"event_name":"Golden Idol","player_choice":"Take Damage","floor":3.0,"gold_loss":0.0,"damage_taken":19.0,"relics_obtained":["Golden Idol"]},{"damage_healed":0.0,"max_hp_gain":5.0,"max_hp_loss":0.0,"gold_gain":0.0,"event_name":"Big Fish","player_choice":"Donut","floor":4.0,"gold_loss":0.0,"damage_taken":0.0},{"damage_healed":0.0,"max_hp_gain":0.0,"max_hp_loss":0.0,"gold_gain":0.0,"event_name":"Scrap Ooze","player_choice":"Success","floor":5.0,"gold_loss":0.0,"damage_taken":3.0,"relics_obtained":["MealTicket"]},{"damage_healed":0,"gold_gain":0,"player_choice":"Searched \u00271\u0027 times","damage_taken":0,"relics_obtained":["Blood Vial"],"max_hp_gain":0,"max_hp_loss":0,"event_name":"Dead Adventurer","floor":10,"gold_loss":0},{"damage_healed":0,"gold_gain":0,"player_choice":"Left Gold","damage_taken":0,"max_hp_gain":0,"max_hp_loss":0,"event_name":"World of Goop","floor":12,"gold_loss":36}],"is_beta":false,"boss_relics":[{"not_picked":["infinitespire:Cupcake","Replay:Bronze Core","Ectoplasm"]}],"items_purged_floors":[],"is_endless":false,"potions_floor_spawned":[6,8,11,14,19,21],"killed_by":"Sentry and Sphere","ascension_level":9}}