{"host":"7tvb1em0d2fx72q7","time":1614228962,"event":{"mods":["BaseMod","Challenge The Spire","Minty Spire (QoL Compilation)","StSLib","everything is the same but u backflip on backflip"],"gold_per_floor":[412,432,452,452,17,17,32,32,32,32,57,57,67,67,67],"floor_reached":14,"language":"ENG","playtime":519,"items_purged":[],"score":180,"play_id":"094f6435-62ed-4603-8b6b-240b7e328b62","local_time":"20210224235602","is_ascension_mode":true,"campfire_choices":[{"data":"Coolheaded","floor":6,"key":"SMITH"},{"data":"Barrage","floor":8,"key":"SMITH"}],"circlet_count":0,"master_deck":["AscendersBane","Strike_B","Strike_B","Strike_B","Strike_B","Defend_B","Defend_B+1","Defend_B","Defend_B","Zap","Dualcast","Steam","Self Repair+1","Coolheaded+1","Barrage+1","Sunder","Zap","Hologram","Chaos"],"relics":["Cracked Core","Old Coin","MealTicket","Eternal Feather","Boot","InkBottle"],"acts_visited":["Exordium"],"potions_floor_usage":[13,14],"damage_taken":[{"damage":3,"enemies":"2 Louse","floor":1,"turns":3},{"damage":0,"enemies":"Jaw Worm","floor":2,"turns":3},{"damage":0,"enemies":"Cultist","floor":3,"turns":4},{"damage":9,"enemies":"3 Louse","floor":7,"turns":6},{"damage":59,"enemies":"Gremlin Nob","floor":11,"turns":5},{"damage":15,"enemies":"Large Slime","floor":13,"turns":6},{"damage":28,"enemies":"3 Sentries","floor":14,"turns":4}],"seed_played":"4588563822981212314","potions_obtained":[{"floor":1,"key":"Regen Potion"},{"floor":13,"key":"ColorlessPotion"}],"is_trial":false,"path_per_floor":["M","M","M","?","$","R","M","R","T","$","E","?","M","E"],"character_chosen":"DEFECT","items_purchased":["MealTicket","Eternal Feather"],"campfire_rested":0,"item_purchase_floors":[5,5],"current_hp_per_floor":[61,61,64,45,45,51,52,61,61,64,15,15,25,0,0],"gold":67,"neow_bonus":"ONE_RARE_RELIC","is_daily":false,"chose_seed":false,"campfire_upgraded":2,"win_rate":0.0,"timestamp":1614228962,"path_taken":["M","M","M","?","$","R","M","R","T","?","E","?","?","E"],"items_purchased_type":["Relic","Relic"],"build_version":"2020-12-22","purchased_purges":0,"victory":false,"max_hp_per_floor":[64,64,64,64,64,64,64,64,64,64,64,64,64,64,64],"card_choices":[{"not_picked":["White Noise","Aggregate"],"picked":"Steam","floor":1},{"not_picked":["Stack","Loop"],"picked":"Self Repair","floor":2},{"not_picked":["Steam Power","Go for the Eyes"],"picked":"Coolheaded","floor":3},{"not_picked":["Stack","Compile Driver"],"picked":"Barrage","floor":7},{"not_picked":["Melter","Compile Driver"],"picked":"Sunder","floor":11},{"not_picked":["Turbo","Sweeping Beam"],"picked":"Chaos","floor":13}],"player_experience":2065946,"relics_obtained":[{"floor":9,"key":"Boot"},{"floor":11,"key":"InkBottle"}],"event_choices":[{"damage_healed":0,"gold_gain":0,"player_choice":"Entered Light","damage_taken":19,"max_hp_gain":0,"max_hp_loss":0,"event_name":"Shining Light","floor":4,"gold_loss":0,"cards_upgraded":["Defend_B","Self Repair"]},{"damage_healed":0,"gold_gain":0,"player_choice":"2 cards matched","damage_taken":0,"max_hp_gain":0,"max_hp_loss":0,"event_name":"Match and Keep!","floor":12,"gold_loss":0,"cards_obtained":["Zap","Hologram"]}],"is_beta":false,"boss_relics":[],"items_purged_floors":[],"is_endless":false,"potions_floor_spawned":[1,13],"killed_by":"3 Sentries","ascension_level":20}}