{"host":"sc0o2qwpf9j16a4i","time":1614273334,"event":{"mods":["AchievementEnabler","BaseMod","BetterRewards","Block Reminder","Colored Map","Colored Powertips","Custom Start","Highlight Path","Minty Spire (QoL Compilation)","Relic Stats"],"gold_per_floor":[109,109,126,126,126,152,152,187,187,207,220,220,220,239,239,363,426,447,447,447,447,447,482,502,535,609,162,287,31,54,69,69,199,199,218,238,571,58,58,87,106,106,161,176,203,221,231,256,256,256],"floor_reached":51,"language":"ENG","playtime":1097,"items_purged":[],"score":1510,"play_id":"06885ce4-9493-46e3-9a4a-128d8b936eda","local_time":"20210225191534","daily_mods":["Cursed Run","Hoarder","Binary"],"is_ascension_mode":false,"campfire_choices":[{"data":"Crescendo","floor":7,"key":"SMITH"},{"data":"Crescendo","floor":15,"key":"SMITH"},{"data":"LikeWater","floor":32,"key":"SMITH"},{"data":"LikeWater","floor":42,"key":"SMITH"},{"data":"LikeWater","floor":49,"key":"SMITH"}],"circlet_count":0,"master_deck":["Strike_P","Strike_P","Strike_P","Strike_P","Defend_P","Defend_P","Defend_P","Defend_P","Eruption+1","Vigilance","FlurryOfBlows","FlurryOfBlows","FlurryOfBlows","FlurryOfBlows","FlurryOfBlows+1","FlurryOfBlows","Crescendo","Crescendo+1","Crescendo+1","Normality","Normality","Normality","CarveReality+1","CarveReality+1","CarveReality","ThirdEye","ThirdEye","ThirdEye","Injury","Injury","Injury","Doubt","Doubt","Doubt","DevaForm","DevaForm","Normality","Normality","Normality","Wireheading","Wireheading","Wireheading","FollowUp+1","FollowUp+1","FollowUp+1","Decay","Decay","Decay","FearNoEvil","FearNoEvil","FearNoEvil","Writhe","Writhe","Writhe","Meditate","Meditate","Meditate","TalkToTheHand","TalkToTheHand","TalkToTheHand","Decay","Decay","Decay","LikeWater+1","LikeWater+1","LikeWater+1","WheelKick","WheelKick","WheelKick","ClearTheMind","ClearTheMind","ClearTheMind","SandsOfTime+1","SandsOfTime+1","SandsOfTime+1","Halt","Halt","Halt","Writhe","Writhe","Writhe","Ragnarok","Ragnarok","Ragnarok","BattleHymn","BattleHymn","BattleHymn","Doubt","Doubt","Doubt","ClearTheMind+1","ClearTheMind+1","ClearTheMind+1","Protect","Protect","Protect","Injury","Injury","Injury","MentalFortress","MentalFortress","MentalFortress","ThirdEye","ThirdEye","ThirdEye","Tantrum+1","Tantrum+1","Tantrum+1","CarveReality+1","CarveReality+1","CarveReality+1","Normality","Normality","Normality"],"relics":["Cursed Key","Darkstone Periapt","Du-Vu Doll","HornCleat","Bottled Flame","Centennial Puzzle","MealTicket","Tiny House","Tiny Chest","Whetstone","TeardropLocket","Pantograph","Lantern","Damaru","Medical Kit","Mango","Eternal Feather","SlaversCollar","OrangePellets","Happy Flower","Regal Pillow","Blue Candle","Bag of Marbles","Potion Belt","Orichalcum","Juzu Bracelet"],"acts_visited":["Exordium","TheCity","TheBeyond"],"potions_floor_usage":[8,23,23,33,40,50,50,50,50],"damage_taken":[{"damage":0,"enemies":"2 Louse","floor":1,"turns":4},{"damage":4,"enemies":"Jaw Worm","floor":3,"turns":4},{"damage":9,"enemies":"3 Sentries","floor":6,"turns":3},{"damage":0,"enemies":"Lagavulin","floor":8,"turns":4},{"damage":0,"enemies":"Cultist","floor":10,"turns":2},{"damage":0,"enemies":"Looter","floor":11,"turns":1},{"damage":9,"enemies":"Large Slime","floor":14,"turns":2},{"damage":0,"enemies":"Slime Boss","floor":16,"turns":3},{"damage":0,"enemies":"Shell Parasite","floor":18,"turns":1},{"damage":19,"enemies":"Gremlin Leader","floor":23,"turns":4},{"damage":20,"enemies":"2 Thieves","floor":24,"turns":2},{"damage":27,"enemies":"Book of Stabbing","floor":25,"turns":3},{"damage":24,"enemies":"Colosseum Slavers","floor":28,"turns":2},{"damage":7,"enemies":"Colosseum Nobs","floor":28,"turns":2},{"damage":0,"enemies":"Sentry and Sphere","floor":30,"turns":2},{"damage":0,"enemies":"Snecko","floor":31,"turns":2},{"damage":42,"enemies":"Champ","floor":33,"turns":6},{"damage":20,"enemies":"Orb Walker","floor":35,"turns":2},{"damage":0,"enemies":"3 Shapes","floor":36,"turns":2},{"damage":2,"enemies":"Reptomancer","floor":40,"turns":3},{"damage":21,"enemies":"Writhing Mass","floor":41,"turns":2},{"damage":2,"enemies":"Sphere and 2 Shapes","floor":44,"turns":3},{"damage":2,"enemies":"Giant Head","floor":45,"turns":3},{"damage":3,"enemies":"Maw","floor":46,"turns":3},{"damage":1,"enemies":"4 Shapes","floor":47,"turns":1},{"damage":1,"enemies":"Nemesis","floor":48,"turns":1},{"damage":1,"enemies":"Time Eater","floor":50,"turns":1}],"seed_played":"-4770535022699205498","potions_obtained":[{"floor":6,"key":"Ambrosia"},{"floor":10,"key":"Explosive Potion"},{"floor":11,"key":"Block Potion"},{"floor":17,"key":"SteroidPotion"},{"floor":23,"key":"Energy Potion"},{"floor":28,"key":"SteroidPotion"},{"floor":33,"key":"DistilledChaos"},{"floor":40,"key":"Dexterity Potion"},{"floor":41,"key":"SkillPotion"},{"floor":44,"key":"Strength Potion"},{"floor":45,"key":"EssenceOfSteel"}],"is_trial":true,"path_per_floor":["M","?","M","?","?","E","R","E","T","M","M","?","T","M","R","B",null,"M","?","?","?","?","E","M","E","T","$","?","$","M","M","R","B",null,"M","M","?","$","T","E","M","R","T","M","E","M","M","E","R","B",null],"character_chosen":"WATCHER","items_purchased":["Lantern","Damaru","Medical Kit","LikeWater","WheelKick","ClearTheMind","Strength Potion","OrangePellets","Happy Flower","BattleHymn","Regal Pillow"],"campfire_rested":0,"item_purchase_floors":[27,27,27,29,29,29,29,38,38,38,38],"current_hp_per_floor":[72,72,68,68,68,59,59,59,77,77,77,95,113,104,104,122,149,149,167,167,167,185,166,146,119,137,152,135,150,150,150,195,193,235,215,215,215,230,248,246,225,253,271,269,267,264,263,262,271,288],"gold":256,"neow_bonus":"","is_daily":false,"chose_seed":false,"campfire_upgraded":5,"win_rate":0.0,"timestamp":1614273334,"path_taken":["M","?","M","?","?","E","R","E","T","?","M","?","?","M","R","BOSS","M","?","?","?","?","E","M","E","T","$","?","?","M","M","R","BOSS","M","M","?","$","?","E","M","R","T","M","E","M","M","E","R","BOSS"],"items_purchased_type":["Relic","Relic","Relic","Card","Card","Card","Potion","Relic","Relic","Card","Relic"],"build_version":"2020-12-22","purchased_purges":0,"victory":true,"max_hp_per_floor":[72,72,72,72,72,72,72,72,90,90,90,108,126,126,126,144,149,149,167,167,167,185,185,185,185,203,203,217,217,217,217,217,235,235,235,235,235,235,253,253,253,253,271,271,271,271,271,271,271,289],"relic_stats":{"Darkstone Periapt":198,"Regal Pillow":0,"Happy Flower":[5],"counters":[27,68],"Blue Candle":[13],"Eternal Feather":82,"Juzu Bracelet":0,"Whetstone":["CarveReality","CarveReality"],"Orichalcum":[6],"Cursed Key":5,"Medical Kit":[0],"OrangePellets":[0],"Centennial Puzzle":[48],"Pantograph":22,"MealTicket":45,"Tiny Chest":1,"obtain_stats":[{"Darkstone Periapt":0,"Lantern":27,"Regal Pillow":38,"Tiny House":17,"Mango":28,"Juzu Bracelet":48,"Whetstone":23,"TeardropLocket":25,"Cursed Key":0,"Centennial Puzzle":9,"HornCleat":6,"Pantograph":26,"MealTicket":13,"Tiny Chest":22,"Potion Belt":43,"Happy Flower":38,"Golden Idol":12,"Blue Candle":39,"Damaru":27,"Eternal Feather":28,"Orichalcum":45,"Medical Kit":27,"Du-Vu Doll":0,"SlaversCollar":34,"OrangePellets":38,"Bottled Flame":8,"Bag of Marbles":40},{"Darkstone Periapt":0,"Lantern":12,"Regal Pillow":19,"Tiny House":8,"Mango":14,"Juzu Bracelet":26,"Whetstone":10,"TeardropLocket":12,"Cursed Key":0,"Centennial Puzzle":4,"HornCleat":3,"Pantograph":12,"MealTicket":6,"Tiny Chest":9,"Potion Belt":21,"Happy Flower":19,"Golden Idol":6,"Blue Candle":19,"Damaru":12,"Eternal Feather":14,"Orichalcum":23,"Medical Kit":12,"Du-Vu Doll":0,"SlaversCollar":17,"OrangePellets":19,"Bottled Flame":4,"Bag of Marbles":20},{"Darkstone Periapt":0,"Lantern":33,"Regal Pillow":51,"Tiny House":23,"Mango":37,"Juzu Bracelet":67,"Whetstone":28,"TeardropLocket":33,"Cursed Key":0,"Centennial Puzzle":15,"HornCleat":11,"Pantograph":33,"MealTicket":18,"Tiny Chest":24,"Potion Belt":56,"Happy Flower":51,"Golden Idol":18,"Blue Candle":51,"Damaru":33,"Eternal Feather":37,"Orichalcum":62,"Medical Kit":33,"Du-Vu Doll":0,"SlaversCollar":47,"OrangePellets":51,"Bottled Flame":15,"Bag of Marbles":54}]},"card_choices":[{"not_picked":["Pray"],"picked":"FlurryOfBlows","floor":1},{"not_picked":["BowlingBash"],"picked":"FlurryOfBlows","floor":3},{"not_picked":["DeceiveReality"],"picked":"Crescendo","floor":6},{"not_picked":["Sanctity","Pray"],"picked":"SKIP","floor":8},{"not_picked":["DeceiveReality"],"picked":"CarveReality","floor":10},{"not_picked":["PathToVictory"],"picked":"ThirdEye","floor":11},{"not_picked":["CrushJoints"],"picked":"DevaForm","floor":14},{"not_picked":["ThirdEye"],"picked":"Wireheading","floor":17},{"not_picked":["Vengeance"],"picked":"FollowUp+1","floor":18},{"not_picked":["EmptyBody+1","Halt"],"picked":"SKIP","floor":23},{"not_picked":["EmptyMind"],"picked":"Meditate","floor":24},{"not_picked":["Halt"],"picked":"TalkToTheHand","floor":25},{"not_picked":["Prostrate"],"picked":"SandsOfTime+1","floor":30},{"not_picked":["EmptyBody"],"picked":"Halt","floor":31},{"not_picked":["DeusExMachina"],"picked":"Ragnarok","floor":33},{"not_picked":["FlurryOfBlows","WaveOfTheHand+1"],"picked":"SKIP","floor":35},{"not_picked":["Crescendo","EmptyFist"],"picked":"SKIP","floor":36},{"not_picked":["BowlingBash"],"picked":"ClearTheMind+1","floor":40},{"not_picked":["SashWhip+1"],"picked":"Protect","floor":41},{"not_picked":["FearNoEvil+1"],"picked":"MentalFortress","floor":44},{"not_picked":["Vault"],"picked":"ThirdEye","floor":45},{"not_picked":["ThirdEye"],"picked":"Tantrum+1","floor":46},{"not_picked":["WreathOfFlame+1"],"picked":"CarveReality+1","floor":47},{"not_picked":["JustLucky+1","Evaluate+1"],"picked":"SKIP","floor":48}],"player_experience":1560682,"relics_obtained":[{"floor":6,"key":"HornCleat"},{"floor":8,"key":"Bottled Flame"},{"floor":9,"key":"Centennial Puzzle"},{"floor":13,"key":"MealTicket"},{"floor":23,"key":"Whetstone"},{"floor":25,"key":"TeardropLocket"},{"floor":26,"key":"Pantograph"},{"floor":28,"key":"Mango"},{"floor":28,"key":"Eternal Feather"},{"floor":39,"key":"Blue Candle"},{"floor":40,"key":"Bag of Marbles"},{"floor":43,"key":"Potion Belt"},{"floor":45,"key":"Orichalcum"},{"floor":48,"key":"Juzu Bracelet"}],"event_choices":[{"damage_healed":0,"gold_gain":0,"player_choice":"Grow","damage_taken":0,"max_hp_gain":0,"max_hp_loss":0,"event_name":"Living Wall","floor":2,"gold_loss":0,"cards_upgraded":["Eruption"]},{"damage_healed":0,"gold_gain":0,"player_choice":"Leave","damage_taken":0,"max_hp_gain":0,"max_hp_loss":0,"event_name":"The Cleric","floor":4,"gold_loss":0},{"damage_healed":0,"gold_gain":0,"player_choice":"Ignored","damage_taken":0,"max_hp_gain":0,"max_hp_loss":0,"event_name":"Transmorgrifier","floor":5,"gold_loss":0},{"damage_healed":0,"gold_gain":0,"player_choice":"Take Wound","damage_taken":0,"relics_obtained":["Golden Idol"],"max_hp_gain":0,"max_hp_loss":0,"event_name":"Golden Idol","floor":12,"gold_loss":0,"cards_obtained":["Injury"]},{"damage_healed":0,"gold_gain":0,"player_choice":"Smashed Altar","damage_taken":0,"max_hp_gain":0,"max_hp_loss":0,"event_name":"Forgotten Altar","floor":19,"gold_loss":0,"cards_obtained":["Decay"]},{"damage_healed":0,"gold_gain":0,"player_choice":"Read","damage_taken":0,"max_hp_gain":0,"max_hp_loss":0,"event_name":"The Library","floor":20,"gold_loss":0,"cards_obtained":["FearNoEvil"]},{"cards_removed":["DevaForm"],"damage_healed":0,"gold_gain":0,"player_choice":"Elegance","damage_taken":0,"max_hp_gain":0,"max_hp_loss":0,"event_name":"Back to Basics","floor":21,"gold_loss":0},{"damage_healed":0,"gold_gain":0,"player_choice":"Opened","damage_taken":0,"relics_obtained":["Tiny Chest"],"max_hp_gain":0,"max_hp_loss":0,"event_name":"The Mausoleum","floor":22,"gold_loss":0,"cards_obtained":["Writhe"]},{"damage_healed":0,"gold_gain":0,"player_choice":"Fight","damage_taken":0,"max_hp_gain":0,"max_hp_loss":0,"event_name":"Colosseum","floor":28,"gold_loss":0},{"damage_healed":0,"gold_gain":0,"player_choice":"Fought Nobs","damage_taken":0,"max_hp_gain":0,"max_hp_loss":0,"event_name":"Colosseum","floor":28,"gold_loss":0},{"damage_healed":0,"gold_gain":333,"player_choice":"Gave Idol","damage_taken":0,"max_hp_gain":0,"max_hp_loss":0,"event_name":"The Moai Head","floor":37,"relics_lost":["Golden Idol"],"gold_loss":0}],"is_beta":false,"boss_relics":[{"not_picked":["Runic Pyramid","Ectoplasm"],"picked":"Tiny House"},{"not_picked":["Pandora\u0027s Box","Fusion Hammer"],"picked":"SlaversCollar"}],"items_purged_floors":[],"is_endless":false,"potions_floor_spawned":[6,10,11,23,28,28,31,33,40,41,44,45],"ascension_level":0}}