{"host":"24j0rle15g8q9bc9","time":1614226237,"event":{"mods":["2.2 Compatiblity","Act Like it!","Bartender","BaseMod","Better Note","Card Forge","Colored Map","Colored Powertips","DeckTracker","Downfall","Elementarium","Hallownest","Hubris","Jorbs\u0027s Wanderer Trilogy","Minty Spire (QoL Compilation)","Rare Cards Sparkle","Remilia??????","StSLib","The Bug Knight","The Death Knight","The Necromancer","Treasure Hunter"],"gold_per_floor":[214,214,230,240,240,260,295,295,295,313,25,55,55,70,70,167,167,186,196,196,51,51,51,62,362,362,374,407,322,334,354,354,455,455,467,467,467,467,487,515,515,528,528,542,556,570,585,602,602,602],"floor_reached":51,"language":"ENG","playtime":2634,"items_purged":[],"score":820,"play_id":"e9367692-81c6-42ee-ba73-beef0dfb74e7","local_time":"20210225001037","is_ascension_mode":false,"campfire_choices":[{"floor":8,"key":"REST"},{"floor":13,"key":"REST"},{"floor":15,"key":"REST"},{"floor":23,"key":"REST"},{"floor":32,"key":"REST"},{"floor":41,"key":"REST"},{"floor":49,"key":"REST"}],"circlet_count":0,"master_deck":["DeathKnight:Strike_DeathKnight+1","DeathKnight:Strike_DeathKnight+1","DeathKnight:Strike_DeathKnight+1","DeathKnight:Strike_DeathKnight+1","DeathKnight:Strike_DeathKnight+1","DeathKnight:Defend_DeathKnight+1","DeathKnight:Defend_DeathKnight+1","DeathKnight:Defend_DeathKnight+1","DeathKnight:Defend_DeathKnight+1","DeathKnight:Defend_DeathKnight+1","DeathKnight:RuneTap+1","DeathKnight:RuneStrike+1","DeathKnight:VampiricBlood+1","DeathKnight:ThirstingStrike+1","DeathKnight:ReapingStrike+1","DeathKnight:MarkOfBlood+1","DeathKnight:Hysteria+1","DeathKnight:HartStrike+1","DeathKnight:DeathStrike+1","DeathKnight:DancingRuneblade+1","DeathKnight:BloodStrike+1","DeathKnight:BloodTap+1","DeathKnight:BludPresence+1","DeathKnight:BloodPact+1","DeathKnight:BloodBoil+1","DeathKnight:BoneShield+1","DeathKnight:ShatteringStrikes+1","TH:Mimic+1","TH:Mimic+1","DeathKnight:BoneStorm+1","Beam Cell+1","DeathKnight:AntiMagicShell+1"],"relics":["DeathKnight:BrokenRuneblade","Hammer of Thor","Seething Fire","Anvil of the Gods","Lizard Tail","Ornamental Fan","TungstenRod","Question Card","hubris:ScarierMask","hubris:EmptyBottle","hubris:NiceRug","DeathKnight:HelmOfDomination","Pantograph","Medical Kit","Vajra","Red Mask","Juzu Bracelet","DeathKnight:Shadowmourne","hubris:Towel","Ancient Tea Set","TH:Strongbox"],"acts_visited":["Exordium","TheCity","TheBeyond"],"potions_floor_usage":[12,16,16,16,25,25,31,33,33,33,33,33],"damage_taken":[{"damage":6,"enemies":"Cultist","floor":1,"turns":3},{"damage":12,"enemies":"Small Slimes","floor":3,"turns":3},{"damage":0,"enemies":"2 Louse","floor":4,"turns":3},{"damage":3,"enemies":"Lots of Slimes","floor":6,"turns":3},{"damage":3,"enemies":"Lagavulin","floor":7,"turns":5},{"damage":10,"enemies":"3 Louse","floor":10,"turns":3},{"damage":26,"enemies":"Gremlin Nob","floor":12,"turns":5},{"damage":12,"enemies":"Gremlin Gang","floor":14,"turns":5},{"damage":36,"enemies":"Hexaghost","floor":16,"turns":4},{"damage":31,"enemies":"Spheric Guardian","floor":18,"turns":4},{"damage":14,"enemies":"Chosen","floor":19,"turns":5},{"damage":19,"enemies":"Shelled Parasite and Fungi","floor":24,"turns":3},{"damage":19,"enemies":"hubris:Merchant","floor":25,"turns":6},{"damage":2,"enemies":"Centurion and Healer","floor":27,"turns":4},{"damage":0,"enemies":"Masked Bandits","floor":28,"turns":3},{"damage":0,"enemies":"Sentry and Sphere","floor":30,"turns":2},{"damage":9,"enemies":"Snecko","floor":31,"turns":5},{"damage":6,"enemies":"Automaton","floor":33,"turns":4},{"damage":6,"enemies":"3 Shapes","floor":35,"turns":2},{"damage":0,"enemies":"3 Darklings","floor":39,"turns":3},{"damage":9,"enemies":"Giant Head","floor":40,"turns":5},{"damage":8,"enemies":"4 Shapes","floor":42,"turns":3},{"damage":6,"enemies":"Transient","floor":44,"turns":5},{"damage":1,"enemies":"Jaw Worm Horde","floor":45,"turns":3},{"damage":4,"enemies":"Sphere and 2 Shapes","floor":46,"turns":3},{"damage":6,"enemies":"3 Darklings","floor":47,"turns":2},{"damage":0,"enemies":"Transient","floor":48,"turns":5},{"damage":17,"enemies":"Donu and Deca","floor":50,"turns":7}],"seed_played":"-2235626437568003205","potions_obtained":[{"floor":1,"key":"hexamod:SoulburnPotion"},{"floor":7,"key":"DuplicationPotion"},{"floor":10,"key":"Dexterity Potion"},{"floor":14,"key":"hexamod:SoulburnPotion"},{"floor":19,"key":"PowerPotion"},{"floor":25,"key":"DistilledChaos"},{"floor":25,"key":"SkillPotion"},{"floor":25,"key":"champ:CounterPotion"},{"floor":30,"key":"PowerPotion"},{"floor":35,"key":"LiquidBronze"},{"floor":44,"key":"PowerPotion"},{"floor":48,"key":"DuplicationPotion"}],"is_trial":false,"path_per_floor":["M","$","M","M","?","M","E","R","T","M","$","E","R","M","R","B",null,"M","M","?","$","?","R","M","$","T","M","?","?","M","M","R","B",null,"M","?","$","?","M","E","R","M","T","M","M","M","M","M","R","B",null],"character_chosen":"DEATH_KNIGHT","items_purchased":["TungstenRod","hubris:EmptyBottle"],"campfire_rested":7,"item_purchase_floors":[11,21],"current_hp_per_floor":[69,69,57,57,75,72,73,75,75,65,65,50,72,71,75,51,75,45,42,42,42,42,64,45,26,26,24,24,24,24,16,38,68,75,75,75,75,75,75,67,75,67,67,61,71,67,61,61,75,58],"gold":602,"neow_bonus":"HUNDRED_GOLD","is_daily":false,"chose_seed":false,"campfire_upgraded":0,"win_rate":0.0,"timestamp":1614226237,"path_taken":["M","$","?","?","?","M","E","R","T","M","?","E","R","M","R","BOSS","M","?","?","$","?","R","M","?","T","M","?","?","M","M","R","BOSS","M","?","$","?","M","E","R","M","T","M","M","M","M","M","R","BOSS"],"items_purchased_type":["Relic","Relic"],"build_version":"2020-12-22","purchased_purges":0,"victory":true,"max_hp_per_floor":[75,75,75,75,75,75,75,75,75,75,75,75,75,75,75,75,75,75,75,75,75,75,75,75,75,75,75,75,75,75,75,75,75,75,75,75,75,75,75,75,75,75,75,75,75,75,75,75,75,75],"card_choices":[{"not_picked":["DeathKnight:RaiseAlly","DeathKnight:BladedArmor"],"picked":"DeathKnight:ShatteringStrikes","floor":1},{"not_picked":["DeathKnight:BladedArmor","DeathKnight:PlagueStrike","DeathKnight:PillarOfFrost"],"picked":"SKIP","floor":3},{"not_picked":["DeathKnight:BloodEchoes","DeathKnight:HornOfWinter","DeathKnight:Runeguard"],"picked":"SKIP","floor":4},{"not_picked":["DeathKnight:GargoyleSkin","DeathKnight:HowlingBlast","DeathKnight:BloodStrike"],"picked":"SKIP","floor":6},{"not_picked":["TH:EnergyPotion"],"picked":"TH:Mimic","floor":7},{"not_picked":["DeathKnight:DeathStrike","DeathKnight:FesteringStrike","DeathKnight:DeathsAdvance"],"picked":"SKIP","floor":7},{"not_picked":["TH:TreasureMap"],"picked":"TH:Mimic","floor":9},{"not_picked":["DeathKnight:Culling","DeathKnight:ThirstingStrike","DeathKnight:BludPresence"],"picked":"SKIP","floor":10},{"not_picked":["TH:EnergyPotion","TH:ElvenBoots"],"picked":"SKIP","floor":12},{"not_picked":["DeathKnight:Simulacrum","DeathKnight:IcyTouch","DeathKnight:BoneShield"],"picked":"SKIP","floor":12},{"not_picked":["DeathKnight:Culling","DeathKnight:IcyTouch","DeathKnight:Pestilence","DeathKnight:FrosPresence"],"picked":"SKIP","floor":14},{"not_picked":["DeathKnight:Simulacrum","DeathKnight:ArmyOfTheDead","DeathKnight:Defile"],"picked":"DeathKnight:BoneStorm","floor":16},{"not_picked":["DeathKnight:MutagenicPlague","DeathKnight:HowlingBlast","DeathKnight:IcyTouch+1","DeathKnight:Hysteria"],"picked":"SKIP","floor":18},{"not_picked":["DeathKnight:RunicCorruption","DeathKnight:ShatteringStrikes","DeathKnight:Rot","DeathKnight:GargoyleSkin+1"],"picked":"SKIP","floor":19},{"not_picked":["DeathKnight:BludPresence+1","DeathKnight:BladedArmor","DeathKnight:Pestilence","DeathKnight:Contagion"],"picked":"SKIP","floor":24},{"not_picked":[],"picked":"DeathKnight:AntiMagicShell","floor":25},{"not_picked":["DeathKnight:FesteringStrike"],"picked":"SKIP","floor":25},{"not_picked":["DeathKnight:Obliterate"],"picked":"SKIP","floor":25},{"not_picked":["DeathKnight:WraithWalk"],"picked":"SKIP","floor":25},{"not_picked":["DeathKnight:BludPresence"],"picked":"SKIP","floor":25},{"not_picked":["PanicButton"],"picked":"SKIP","floor":25},{"not_picked":["The Bomb"],"picked":"SKIP","floor":25},{"not_picked":["TH:CursedSword","TH:ArmorSpikes","TH:EnergyPotion"],"picked":"SKIP","floor":26},{"not_picked":["DeathKnight:Contagion","DeathKnight:BloodEchoes","DeathKnight:Runeguard","DeathKnight:DeathAndDecay"],"picked":"SKIP","floor":27},{"not_picked":["DeathKnight:BoneShield","DeathKnight:ShatteringStrikes+1","DeathKnight:DeathStrike","DeathKnight:Pestilence"],"picked":"SKIP","floor":30},{"not_picked":["DeathKnight:DancingRuneblade+1","DeathKnight:BladedArmor+1","DeathKnight:MutagenicPlague","DeathKnight:Hysteria"],"picked":"SKIP","floor":31},{"not_picked":["DeathKnight:BloodStrike+1","DeathKnight:MutagenicPlague","DeathKnight:Hysteria","DeathKnight:Pestilence"],"picked":"SKIP","floor":35},{"not_picked":["DeathKnight:DancingRuneblade+1","DeathKnight:HornOfWinter+1","DeathKnight:DeathAndDecay","DeathKnight:PillarOfFrost"],"picked":"SKIP","floor":39},{"not_picked":["TH:PixieDust","TH:TreasureMap","TH:EnergyPotion"],"picked":"SKIP","floor":40},{"not_picked":["DeathKnight:RuneShock","DeathKnight:BloodEchoes","DeathKnight:DarkSuccor+1","DeathKnight:Runeguard+1"],"picked":"SKIP","floor":40},{"not_picked":["DeathKnight:FrosPresence+1","DeathKnight:Lichborne+1","DeathKnight:DarkSuccor+1","DeathKnight:FoulBulwark+1"],"picked":"SKIP","floor":42},{"not_picked":["TH:ArmorSpikes","TH:TreasureMap","TH:CopperCoins"],"picked":"SKIP","floor":43},{"not_picked":["DeathKnight:IcyTouch+1","DeathKnight:Simulacrum","DeathKnight:MindFreeze+1","DeathKnight:BoneSpear"],"picked":"SKIP","floor":44},{"not_picked":["DeathKnight:ShatteringStrikes+1","DeathKnight:BloodTap+1","DeathKnight:PlagueStrike","DeathKnight:Ossuary+1"],"picked":"SKIP","floor":45},{"not_picked":["DeathKnight:MindFreeze+1","DeathKnight:IcyTouch+1","DeathKnight:UnholyAssault","DeathKnight:BoneSpear"],"picked":"SKIP","floor":46},{"not_picked":["DeathKnight:ShatteringStrikes+1","DeathKnight:DeathStrike","DeathKnight:IcyTouch","DeathKnight:DarkSuccor+1"],"picked":"SKIP","floor":47},{"not_picked":["DeathKnight:MutagenicPlague+1","DeathKnight:DeathGrip","DeathKnight:Parry+1","DeathKnight:DancingRuneblade+1"],"picked":"SKIP","floor":48}],"player_experience":93116,"relics_obtained":[{"floor":7,"key":"Lizard Tail"},{"floor":9,"key":"Ornamental Fan"},{"floor":12,"key":"Question Card"},{"floor":25,"key":"DeathKnight:HelmOfDomination"},{"floor":25,"key":"Pantograph"},{"floor":25,"key":"Medical Kit"},{"floor":26,"key":"Vajra"},{"floor":28,"key":"Red Mask"},{"floor":40,"key":"Ancient Tea Set"},{"floor":43,"key":"TH:Strongbox"}],"event_choices":[{"damage_healed":18,"gold_gain":0,"player_choice":"Full Heal","damage_taken":0,"max_hp_gain":0,"max_hp_loss":0,"event_name":"Wheel of Change","floor":5,"gold_loss":0},{"cards_removed":["DeathKnight:Hysteria"],"damage_healed":0,"gold_gain":0,"player_choice":"Take \u0026 Give","damage_taken":0,"max_hp_gain":0,"max_hp_loss":0,"event_name":"betterNote:BetterNote","floor":20,"gold_loss":0,"cards_obtained":["Beam Cell"]},{"damage_healed":0,"gold_gain":0,"player_choice":"Simplicity","damage_taken":0,"max_hp_gain":0,"max_hp_loss":0,"event_name":"Back to Basics","floor":22,"gold_loss":0,"cards_upgraded":[]},{"damage_healed":0,"gold_gain":0,"player_choice":"Fought Bandits","damage_taken":0,"max_hp_gain":0,"max_hp_loss":0,"event_name":"Masked Bandits","floor":28,"gold_loss":0},{"damage_healed":0,"gold_gain":0,"player_choice":"Obtained Relic","damage_taken":0,"relics_obtained":["Juzu Bracelet"],"max_hp_gain":0,"max_hp_loss":0,"event_name":"Addict","floor":29,"gold_loss":85},{"damage_healed":0,"gold_gain":0,"player_choice":"Ignored","damage_taken":0,"max_hp_gain":0,"max_hp_loss":0,"event_name":"Mysterious Sphere","floor":36,"gold_loss":0}],"is_beta":false,"boss_relics":[{"not_picked":["hubris:BlackHole","bronze:MakeshiftBattery"],"picked":"hubris:ScarierMask"},{"not_picked":["Runic Dome","Astrolabe"],"picked":"DeathKnight:Shadowmourne"}],"items_purged_floors":[],"is_endless":false,"potions_floor_spawned":[1,7,10,14,19,30,31,35,44,48],"ascension_level":0}}