{"host":"jsd6g3c2vo13e69c","time":1614284232,"event":{"mods":["2.2 Compatiblity","Act Like it!","BaseMod","Better Altar","Better Match","Better Note","Better Sensory Stone","Better Third Choice","BetterRewards","Colored Map","Colored Powertips","Downfall","Friendly Minions","GifTheSpireLib","Googly Eyes","Gremlin Mod","Hermit","Hubris","Infinite Spire","Melee Mod","Minty Spire (QoL Compilation)","Permanent Neow","Quick Restart","Random Character Button","Replay The Spire","Shop Mod","Spire Arcade","StSLib","The Cursed","The Disciple","The Forsaken","thorton"],"gold_per_floor":[99,111,124,141,154,184,184,284,314,314,346,246,258,6,26,124,124,124,139,139,158,173,198,198,213,213,213,213,244,244,10,25,121,121,21,34,52,52,66,66,93,93,93,113,13,13,13,13,25,25,25,52,2,2,2,2],"floor_reached":57,"language":"ENG","playtime":4523,"items_purged":["Guardian:Defend_Guardian"],"score":1227,"play_id":"7214ecb8-d3f4-4cdf-8ebc-5c8fec288570","local_time":"20210225151712","is_ascension_mode":false,"campfire_choices":[{"data":"Replay:Sssssssssshield","floor":1,"key":"SMITH"},{"data":"Guardian:SentryBeam","floor":10,"key":"SMITH"},{"floor":12,"key":"REST"},{"data":"Guardian:PrismaticBeam","floor":18,"key":"SMITH"},{"data":"Guardian:PrismaticBeam","floor":26,"key":"SMITH"},{"data":"expansioncontent:QuickStudy","floor":35,"key":"SMITH"},{"floor":40,"key":"RECALL"},{"data":"Guardian:RefractedBeam","floor":42,"key":"SMITH"},{"data":"Guardian:RefractedBeam+1","floor":45,"key":"SMITH"},{"data":"Guardian:RefractedBeam+2","floor":47,"key":"SMITH"},{"data":"expansioncontent:DashGenerateEvil","floor":54,"key":"SMITH"}],"circlet_count":0,"master_deck":["Guardian:Strike_Guardian","Guardian:Strike_Guardian","Guardian:Strike_Guardian","Guardian:Defend_Guardian","Guardian:Defend_Guardian","Guardian:CurlUp","Guardian:TwinSlam","Replay:Sssssssssshield+1","Guardian:Preprogram","Guardian:ShieldCharger","Guardian:EvasiveProtocol","Guardian:SentryBeam+1","Guardian:RevengeProtocol","expansioncontent:QuickStudy+1","Guardian:RefractedBeam+3","Guardian:PrismaticBeam+1","Guardian:VentSteam+1","Guardian:PrismaticBeam+1","Guardian:HyperBeam_Guardian","Good Instincts","Guardian:EvasiveProtocol+1","Guardian:CrystalBeam","Guardian:AncientConstruct","CurseOfTheBell","Guardian:SpikerProtocol","expansioncontent:DashGenerateEvil+1","expansioncontent:InvincibleStrength","Guardian:SentryBeam+1","Guardian:DecasProtection+1"],"relics":["Guardian:ModeShifter","theForsaken:ScaryMask","Blue Candle","infinitespire:Beetle Shell","downfall:HeartBlessingGreen","SacredBark","InkBottle","Mummified Hand","ReplayTheSpireMod:Shallot","Bronze Scales","Calling Bell","hubris:SlimyHat","Singing Bowl","Unceasing Top","downfall:HeartBlessingBlue","Slimebound:StickyStick","downfall:HeartBlessingRed","hubris:Towel","Vajra"],"acts_visited":["Exordium","TheCity","TheBeyond","TheEnding"],"potions_floor_usage":[14,23,31,33,37,52,55,56],"damage_taken":[{"damage":0,"enemies":"2 Louse","floor":2,"turns":3},{"damage":2,"enemies":"Small Slimes","floor":3,"turns":4},{"damage":0,"enemies":"Cultist","floor":4,"turns":4},{"damage":2,"enemies":"3 Louse","floor":5,"turns":5},{"damage":13,"enemies":"Gremlin Nob","floor":9,"turns":7},{"damage":20,"enemies":"3 Sentries","floor":11,"turns":13},{"damage":0,"enemies":"downfall:LooterAlt","floor":13,"turns":4},{"damage":0,"enemies":"downfall:FleeingMerchant","floor":14,"turns":4},{"damage":1,"enemies":"Blue Slaver","floor":15,"turns":3},{"damage":32,"enemies":"SI_SHIV_ARCHETYPE","floor":16,"turns":16},{"damage":7,"enemies":"Spheric Guardian","floor":19,"turns":6},{"damage":7,"enemies":"downfall:LooterAlt2","floor":21,"turns":4},{"damage":21,"enemies":"Snake Plant","floor":22,"turns":5},{"damage":18,"enemies":"Gremlin Leader","floor":23,"turns":4},{"damage":0,"enemies":"3 Cultists","floor":25,"turns":4},{"damage":5,"enemies":"Book of Stabbing","floor":29,"turns":5},{"damage":0,"enemies":"downfall:FleeingMerchant","floor":31,"turns":4},{"damage":0,"enemies":"Snecko","floor":32,"turns":3},{"damage":0,"enemies":"WA_ARCHETYPE_CALM","floor":33,"turns":10},{"damage":3,"enemies":"Orb Walker","floor":36,"turns":3},{"damage":22,"enemies":"3 Darklings","floor":37,"turns":3},{"damage":10,"enemies":"4 Shapes","floor":39,"turns":7},{"damage":1,"enemies":"Spire Growth","floor":44,"turns":5},{"damage":0,"enemies":"downfall:FleeingMerchant","floor":48,"turns":3},{"damage":11,"enemies":"Jaw Worm Horde","floor":49,"turns":2},{"damage":11,"enemies":"IC_BLOCK_ARCHETYPE","floor":50,"turns":8},{"damage":5,"enemies":"downfall:CharBossMerchant","floor":52,"turns":7},{"damage":58,"enemies":"downfall:NeowBoss","floor":55,"turns":15},{"damage":70,"enemies":"downfall:NeowBossFinal","floor":56,"turns":10}],"seed_played":"2566207906349237025","potions_obtained":[{"floor":2,"key":"Reflective Coating"},{"floor":9,"key":"Reflective Coating"},{"floor":11,"key":"FearPotion"},{"floor":16,"key":"Fire Potion"},{"floor":19,"key":"FearPotion"},{"floor":23,"key":"Venom Potion"},{"floor":32,"key":"SkillPotion"},{"floor":33,"key":"Swift Potion"},{"floor":39,"key":"FairyPotion"},{"floor":52,"key":"Death Potion"}],"is_trial":false,"path_per_floor":["R","M","M","M","M","?","T","?","E","R","E","R","M","$","M","B",null,"R","M","?","M","M","E","T","M","R","?","T","E","?","$","M","B",null,"R","M","M","?","M","R","T","R","?","M","R","?","R","$","M","B",null,"E","$","R","B","B",null],"character_chosen":"GUARDIAN","items_purchased":["expansioncontent:QuickStudy","Guardian:RefractedBeam","Bronze Scales","Guardian:SpikerProtocol","expansioncontent:DashGenerateEvil","expansioncontent:InvincibleStrength","AttackPotion"],"campfire_rested":1,"item_purchase_floors":[14,14,31,48,48,48,53],"current_hp_per_floor":[80,80,78,78,76,76,76,76,63,63,43,67,67,67,66,34,80,80,73,73,66,45,27,27,27,27,27,27,22,22,22,22,22,80,90,89,67,67,57,57,57,57,57,58,58,58,58,58,47,36,94,89,89,89,31,19],"gold":2,"neow_bonus":"RANDOM_COLORLESS","is_daily":false,"chose_seed":false,"campfire_upgraded":9,"win_rate":0.0,"timestamp":1614284232,"path_taken":["R","M","M","M","M","?","T","?","E","R","E","R","M","$","M","BOSS","R","M","?","?","M","E","T","M","R","?","?","E","?","$","M","BOSS","R","M","M","?","?","R","T","R","?","M","R","?","R","$","M","BOSS","E","$","R","BOSS","BOSS"],"items_purchased_type":["Card","Card","Relic","Card","Card","Card","Potion"],"build_version":"2020-12-22","purchased_purges":1,"victory":true,"max_hp_per_floor":[80,80,80,80,80,80,80,80,80,80,80,80,80,80,80,80,80,80,80,80,80,80,80,80,80,80,80,80,80,80,80,80,80,80,90,92,92,92,92,92,92,92,92,94,94,94,94,94,94,94,94,94,94,94,94,94],"card_choices":[{"not_picked":["Replay:Bootleg Shield Generator","Forethought"],"picked":"Replay:Sssssssssshield","floor":0},{"not_picked":["Guardian:BronzeArmor","Guardian:SpikerProtocol"],"picked":"Guardian:Preprogram","floor":2},{"not_picked":["Guardian:EvasiveProtocol","Guardian:ChargeCore"],"picked":"Guardian:ShieldCharger","floor":3},{"not_picked":["Guardian:Harden","Guardian:ShieldSpikes","Guardian:PrimingBeam"],"picked":"SKIP","floor":4},{"not_picked":["Guardian:Gem_Blue","Guardian:RollAttack"],"picked":"Guardian:EvasiveProtocol","floor":5},{"not_picked":["Guardian:BronzeOrb","Guardian:Suspension"],"picked":"Guardian:SentryBeam","floor":9},{"not_picked":["Guardian:ShieldSpikes","Guardian:ShieldCharger"],"picked":"Guardian:Gem_Orange","floor":11},{"not_picked":["Guardian:Harden","Guardian:SpikerProtocol"],"picked":"Guardian:Gem_Fragmented","floor":12},{"not_picked":["Guardian:WalkerClaw","Guardian:Suspension","Guardian:RollAttack"],"picked":"SKIP","floor":13},{"not_picked":["Guardian:ShieldCharger","Guardian:Incinerate"],"picked":"Guardian:RevengeProtocol","floor":14},{"not_picked":["Guardian:Gem_Green","Guardian:DonusPower"],"picked":"Guardian:PrismaticBeam","floor":15},{"not_picked":["Guardian:SphericShield","Guardian:StasisField"],"picked":"Guardian:Gem_Synthetic","floor":16},{"not_picked":["Guardian:ArmoredProtocol","Guardian:Emergency"],"picked":"Guardian:Gem_Fragmented","floor":19},{"not_picked":["Guardian:PrimingBeam","Guardian:TimeBomb"],"picked":"Guardian:VentSteam+1","floor":21},{"not_picked":["Guardian:DonusPower","Guardian:GuardianWhirl"],"picked":"Guardian:Gem_Fragmented","floor":22},{"not_picked":["Guardian:Planning","Guardian:Orbwalk"],"picked":"Guardian:Gem_Orange","floor":23},{"not_picked":["Guardian:Repulse","Guardian:ArmoredProtocol"],"picked":"Guardian:PrismaticBeam","floor":25},{"not_picked":["Guardian:Planning+1","Guardian:RollAttack","Guardian:VentSteam"],"picked":"SKIP","floor":29},{"not_picked":["Guardian:Reroute+1","Guardian:ChargeCore"],"picked":"Guardian:EvasiveProtocol+1","floor":31},{"not_picked":["Guardian:ShieldSpikes","Guardian:Emergency"],"picked":"Guardian:CrystalBeam","floor":32},{"not_picked":["Guardian:FastForward","Guardian:HyperBeam_Guardian"],"picked":"Guardian:AncientConstruct","floor":33},{"not_picked":["Guardian:Suspension+1","Guardian:TimeBomb","Guardian:Planning+1"],"picked":"Singing Bowl","floor":36},{"not_picked":["Guardian:ChargeCore+1","Guardian:RollAttack+1"],"picked":"Guardian:Gem_Purple","floor":37},{"not_picked":["Guardian:Planning","Guardian:TemporalShield"],"picked":"Guardian:Gem_Red","floor":39},{"not_picked":["Guardian:Planning+1","Guardian:VentSteam+1","Guardian:TemporalShield+1"],"picked":"Singing Bowl","floor":44},{"not_picked":["Guardian:PrismaticBarrier+1","Guardian:PrismaticBeam"],"picked":"Guardian:Gem_Yellow","floor":48},{"not_picked":["Guardian:ChargeCore+1","Guardian:Gem_Green"],"picked":"Guardian:SentryBeam+1","floor":49},{"not_picked":["Guardian:BronzeArmor+1","Guardian:Harden"],"picked":"Guardian:DecasProtection+1","floor":52}],"player_experience":473540,"relics_obtained":[{"floor":7,"key":"Blue Candle"},{"floor":9,"key":"Dream Catcher"},{"floor":11,"key":"infinitespire:Beetle Shell"},{"floor":23,"key":"InkBottle"},{"floor":24,"key":"Mummified Hand"},{"floor":29,"key":"ReplayTheSpireMod:Shallot"},{"floor":34,"key":"hubris:SlimyHat"},{"floor":34,"key":"Singing Bowl"},{"floor":34,"key":"Unceasing Top"},{"floor":41,"key":"Slimebound:StickyStick"},{"floor":52,"key":"Vajra"}],"event_choices":[{"cards_removed":["Guardian:Defend_Guardian"],"damage_healed":0,"gold_gain":0,"player_choice":"Card Removal","damage_taken":0,"max_hp_gain":0,"max_hp_loss":0,"event_name":"Wheel of Change","floor":20,"gold_loss":0}],"is_beta":false,"boss_relics":[{"not_picked":["Philosopher\u0027s Stone","Fusion Hammer"],"picked":"SacredBark"},{"not_picked":["Cursed Key","Kintsugi"],"picked":"Calling Bell"}],"items_purged_floors":[31],"is_endless":false,"potions_floor_spawned":[2,9,11,16,19,23,32,33,39,44,52],"ascension_level":0}}