{"host":"5ueuk67tsx07ylcu","time":1614287652,"event":{"mods":["BaseMod","Colored Map","Colored Powertips","Downfall","Duelist Mod","GifTheSpireLib","Hermit","Infinite Spire","Lobotomy","Minty Spire (QoL Compilation)","StSLib","The Animator"],"gold_per_floor":[115,125,145,70,70,98,114,145,197,53,53,71,102,102,102,102,102],"floor_reached":16,"language":"ENG","playtime":751,"items_purged":["Strike_R","Strike_R"],"score":126,"play_id":"403fb1ed-3265-4e27-8d92-c145688c177e","local_time":"20210225161412","is_ascension_mode":true,"campfire_choices":[{"floor":15,"key":"REST"}],"circlet_count":0,"master_deck":["Strike_R","Strike_R","Strike_R","Defend_R","Defend_R","Defend_R","Defend_R","Bash","Metamorphosis","Iron Wave","Cleave","infinitespire:OneForAll","Hemokinesis","Corruption+1","Finesse","Metallicize+1","Ghostly Armor"],"relics":["Burning Blood","Smiling Mask","Frozen Egg 2","Blue Candle","Lantern","Golden Idol"],"acts_visited":["Exordium"],"potions_floor_usage":[6,8,8,13],"damage_taken":[{"damage":0,"enemies":"Small Slimes","floor":1,"turns":3},{"damage":4,"enemies":"2 Louse","floor":2,"turns":3},{"damage":1,"enemies":"Cultist","floor":3,"turns":3},{"damage":4,"enemies":"Lagavulin","floor":6,"turns":5},{"damage":8,"enemies":"2 Fungi Beasts","floor":7,"turns":3},{"damage":21,"enemies":"3 Sentries","floor":8,"turns":6},{"damage":24,"enemies":"Large Slime","floor":12,"turns":3},{"damage":26,"enemies":"Gremlin Nob","floor":13,"turns":6},{"damage":39,"enemies":"Slime Boss","floor":16,"turns":7}],"seed_played":"7166079591156681745","potions_obtained":[{"floor":1,"key":"HeartOfIron"},{"floor":2,"key":"Energy Potion"},{"floor":7,"key":"Fire Potion"},{"floor":12,"key":"Weak Potion"}],"is_trial":false,"path_per_floor":["M","M","M","$","?","E","M","E","T","$","?","M","E","?","R","B"],"character_chosen":"IRONCLAD","items_purchased":["Finesse"],"campfire_rested":1,"item_purchase_floors":[10],"current_hp_per_floor":[72,72,72,72,77,77,75,60,60,60,55,37,17,17,38,0,0],"gold":102,"neow_bonus":"RANDOM_COLORLESS_2","is_daily":false,"chose_seed":false,"campfire_upgraded":0,"win_rate":0.0,"timestamp":1614287652,"path_taken":["M","M","M","$","?","E","M","E","T","$","?","M","E","?","R","BOSS"],"items_purchased_type":["Card"],"build_version":"2020-12-22","purchased_purges":2,"victory":false,"max_hp_per_floor":[72,72,72,72,77,77,77,77,77,77,77,77,77,71,71,71,71],"card_choices":[{"not_picked":["theDuelist:OrbMetronome","Secret Technique"],"picked":"Metamorphosis","floor":0},{"not_picked":["Havoc","Body Slam"],"picked":"Iron Wave","floor":1},{"not_picked":["Combust","Ghostly Armor","Seeing Red"],"picked":"SKIP","floor":2},{"not_picked":["True Grit","Dual Wield"],"picked":"Cleave","floor":3},{"not_picked":["Burning Pact","Sword Boomerang"],"picked":"infinitespire:OneForAll","floor":6},{"not_picked":["Combust","Sever Soul"],"picked":"Hemokinesis","floor":7},{"not_picked":["Wild Strike","Havoc"],"picked":"Corruption+1","floor":8},{"not_picked":["Disarm","Seeing Red"],"picked":"Metallicize+1","floor":12},{"not_picked":["Sword Boomerang","Headbutt"],"picked":"Ghostly Armor","floor":13}],"player_experience":328776,"relics_obtained":[{"floor":6,"key":"Smiling Mask"},{"floor":8,"key":"Frozen Egg 2"},{"floor":13,"key":"Lantern"}],"event_choices":[{"damage_healed":0,"gold_gain":0,"player_choice":"Donut","damage_taken":0,"max_hp_gain":5,"max_hp_loss":0,"event_name":"Big Fish","floor":5,"gold_loss":0},{"damage_healed":0,"gold_gain":0,"player_choice":"Lose Max HP","damage_taken":0,"relics_obtained":["Golden Idol"],"max_hp_gain":0,"max_hp_loss":6,"event_name":"Golden Idol","floor":14,"gold_loss":0}],"is_beta":false,"boss_relics":[],"items_purged_floors":[4,10],"is_endless":false,"potions_floor_spawned":[1,2,7,12],"killed_by":"Slime Boss","ascension_level":1}}