{"host":"qy6st0zp32tctd9l","time":1614264031,"event":{"mods":["BaseMod","Colored Map","Downfall","GifTheSpireLib","Hermit","Marisa£®ÏF”Í°°ƒß¿Ì…≥£©","Minty Spire (QoL Compilation)","Remilia£®¿Ÿ√◊¿Ú—«£©","Robot Space Explorer","StSLib","The Cursed","The Gatherer","The Marked","UnlockEverythingMod","[GremlinLeader]The Maniac"],"gold_per_floor":[115,133,157,82,97,122,136,169,220,254,269,169,182,197,197,293,293,312,312,312,330,353,385,399,399,399],"floor_reached":25,"language":"ZHS","playtime":1025,"items_purged":["hermit:Strike_Hermit","hermit:Strike_Hermit"],"score":282,"play_id":"290aa5aa-6a95-403d-9cc0-f09ee445fe33","local_time":"20210225224031","is_ascension_mode":true,"campfire_choices":[{"data":"hermit:Maintenance","floor":15.0,"key":"SMITH"}],"circlet_count":0,"master_deck":["hermit:Defend_Hermit","hermit:Defend_Hermit","hermit:Defend_Hermit","hermit:Defend_Hermit","hermit:Covet","hermit:Maintenance+1","hermit:Roughhouse","hermit:LoneWolf","hermit:FlashPowder","hermit:ShadowCloak+1","hermit:HighNoon+1","hermit:Misfire+1","hermit:Misfire+1","hermit:FromBeyond+1","hermit:Cheat","Slimebound:CheckThePlaybook","hermit:Midnight"],"relics":["hermit:Momento","NeowsBlessing","Strawberry","Frozen Egg 2","Lantern","Blood Vial","Astrolabe","Bag of Marbles","ScarletDevilRocket"],"acts_visited":["Exordium","TheCity"],"potions_floor_usage":[24],"damage_taken":[{"damage":0.0,"enemies":"Cultist","floor":1.0,"turns":1.0},{"damage":0.0,"enemies":"Jaw Worm","floor":2.0,"turns":1.0},{"damage":0.0,"enemies":"Small Slimes","floor":5.0,"turns":1.0},{"damage":34.0,"enemies":"3 Sentries","floor":6.0,"turns":7.0},{"damage":10.0,"enemies":"Looter","floor":7.0,"turns":4.0},{"damage":5.0,"enemies":"Gremlin Nob","floor":8.0,"turns":3.0},{"damage":19.0,"enemies":"3 Sentries","floor":10.0,"turns":10.0},{"damage":0.0,"enemies":"2 Fungi Beasts","floor":11.0,"turns":3.0},{"damage":0.0,"enemies":"Large Slime","floor":13.0,"turns":3.0},{"damage":0.0,"enemies":"3 Louse","floor":14.0,"turns":3.0},{"damage":15.0,"enemies":"The Guardian","floor":16.0,"turns":11.0},{"damage":8.0,"enemies":"2 Thieves","floor":18.0,"turns":5.0},{"damage":5.0,"enemies":"Shell Parasite","floor":21.0,"turns":5.0},{"damage":32.0,"enemies":"Book of Stabbing","floor":23.0,"turns":7.0},{"damage":23,"enemies":"3 Cultists","floor":24,"turns":6},{"damage":22,"enemies":"Cultist and Chosen","floor":25,"turns":4}],"seed_played":"-902325757754233971","potions_obtained":[{"floor":1.0,"key":"Fire Potion"},{"floor":2.0,"key":"Strength Potion"},{"floor":5.0,"key":"ColorlessPotion"},{"floor":13.0,"key":"DuplicationPotion"},{"floor":14.0,"key":"GamblersBrew"},{"floor":18.0,"key":"SpeedPotion"},{"floor":23.0,"key":"Fire Potion"}],"is_trial":false,"path_per_floor":["M","M","T","$","M","E","M","E","T","E","M","$","M","M","R","B",null,"M","?","?","M","T","E","M","M"],"character_chosen":"HERMIT","items_purchased":[],"campfire_rested":0,"item_purchase_floors":[],"current_hp_per_floor":[75,75,82,82,82,48,38,33,33,14,16,16,18,20,20,7,82,74,74,74,69,69,39,18,0,0],"gold":399,"neow_bonus":"THREE_ENEMY_KILL","is_daily":false,"chose_seed":false,"campfire_upgraded":1,"win_rate":0.0,"timestamp":1614264031,"path_taken":["M","?","?","$","M","E","?","E","T","E","?","$","M","M","R","BOSS","M","?","?","?","?","E","M","M"],"items_purchased_type":[],"build_version":"2020-12-22","purchased_purges":2,"victory":false,"max_hp_per_floor":[75,75,82,82,82,82,82,82,82,82,82,82,82,82,82,82,82,82,74,74,74,74,74,74,74,74],"card_choices":[{"not_picked":["hermit:Enervate","hermit:ItchyTrigger"],"picked":"hermit:Maintenance","floor":1.0},{"not_picked":["hermit:Feint","hermit:BigShot","hermit:Maintenance"],"picked":"SKIP","floor":2.0},{"not_picked":["hermit:Spite","hermit:Glare"],"picked":"hermit:Malice","floor":5.0},{"not_picked":["hermit:ShadowCloak+1","hermit:WideOpen"],"picked":"hermit:Roughhouse","floor":6.0},{"not_picked":["hermit:Quickdraw","hermit:Misfire"],"picked":"hermit:LoneWolf","floor":7.0},{"not_picked":["hermit:Maintenance","hermit:WideOpen"],"picked":"hermit:FlashPowder","floor":8.0},{"not_picked":["hermit:Deadeye","hermit:Vantage"],"picked":"hermit:ShadowCloak+1","floor":10.0},{"not_picked":["hermit:GhostlyPresence","hermit:Misfire","hermit:TrackingShot"],"picked":"SKIP","floor":11.0},{"not_picked":["hermit:Quickdraw","hermit:GoldenBullet","hermit:TrackingShot"],"picked":"SKIP","floor":13.0},{"not_picked":["hermit:Snipe","hermit:Coalescence","hermit:Enervate"],"picked":"SKIP","floor":14.0},{"not_picked":["hermit:Adapt+1","hermit:Roughhouse"],"picked":"hermit:HighNoon+1","floor":16.0},{"not_picked":["hermit:Shortfuse","hermit:HighCaliber"],"picked":"hermit:Cheat","floor":18.0},{"not_picked":["hermit:HoleUp","hermit:Glare+1","hermit:LowProfile"],"picked":"SKIP","floor":21.0},{"not_picked":["hermit:Enervate","hermit:HighCaliber","hermit:Horror"],"picked":"SKIP","floor":23.0},{"not_picked":["hermit:TrackingShot","hermit:Misfire"],"picked":"hermit:Midnight","floor":24}],"player_experience":167769,"relics_obtained":[{"floor":3.0,"key":"Strawberry"},{"floor":6.0,"key":"Frozen Egg 2"},{"floor":8.0,"key":"Lantern"},{"floor":10.0,"key":"Blood Vial"},{"floor":22.0,"key":"Bag of Marbles"},{"floor":23.0,"key":"ScarletDevilRocket"}],"event_choices":[{"cards_removed":["hermit:Malice"],"damage_healed":0.0,"max_hp_gain":0.0,"max_hp_loss":0.0,"gold_gain":0.0,"event_name":"Purifier","player_choice":"Purged","floor":20.0,"gold_loss":0.0,"damage_taken":0.0}],"is_beta":false,"boss_relics":[{"not_picked":["Busted Crown","SacredBark"],"picked":"Astrolabe"}],"items_purged_floors":[4,12],"is_endless":false,"potions_floor_spawned":[1,2,5,13,14,18,23],"killed_by":"Cultist and Chosen","ascension_level":3}}