{"host":"w2kjv12xyhtt0cv2","time":1614263612,"event":{"mods":["10 clothes from DAL","100% Spire Juice","Act Like it!","BaseMod","Colored Map","Friendly Minions","Gensokyo","GifTheSpireLib","Highlight Path","Hubris","Library of Ruina","Minty Spire (QoL Compilation)","Quick Restart","Relic Stats","Reliquary","Replay The Spire","Ring Of Destiny","Robot Space Explorer","Shop Mod","Spicy Shops","StSLib","The Dragon Tamer","UnlockEverythingMod","Waifu the Spire","[IsaacMod]以撒尖塔","[功能]功能增强和修复MOD","【功能Mod】Neow奖励","【功能Mod】聪明的最终Boss","【遗物卡牌】REMEMod","没有小屋子和绿帽子啦"],"gold_per_floor":[110,40,40,40,57,57,82,82,130,150,175,193,219,22,22,183,183,219,219,219,81,81,121,59,106,131,131,131,131,184,326,326,472,472,527,527,527,561,166,230,230,8,31,103,161,215,84,117,117,145],"floor_reached":51,"language":"ZHS","playtime":2248,"items_purged":["RingOfDestiny:PoisonedShiv","Decay"],"score":1428,"play_id":"1a7cadd3-bbfd-46de-845d-3e1ebb16697c","local_time":"20210225223332","is_ascension_mode":false,"campfire_choices":[{"data":"RingOfDestiny:Belt","floor":6.0,"key":"SMITH"},{"data":"RingOfDestiny:PerfectExecution","floor":8.0,"key":"SMITH"},{"data":"RingOfDestiny:Strike_SF","floor":15.0,"key":"SMITH"},{"data":"RingOfDestiny:Strike_SF","floor":27.0,"key":"SMITH"},{"data":"RingOfDestiny:Strike_SF","floor":29.0,"key":"SMITH"},{"data":"RingOfDestiny:ShadowPortal","floor":32.0,"key":"SMITH"},{"data":"RingOfDestiny:NinjutsuScroll","floor":41.0,"key":"SMITH"},{"data":"RingOfDestiny:FireRelease","floor":49,"key":"SMITH"}],"circlet_count":0,"master_deck":["RingOfDestiny:Strike_SF+1","RingOfDestiny:Strike_SF+1","RingOfDestiny:Strike_SF+1","RingOfDestiny:ShadowCard+1","RingOfDestiny:FallenFlower","EpicFetus+1","REME_BattleFury+1","RingOfDestiny:OctMudra","RingOfDestiny:WoodRelease+1","RingOfDestiny:Belt+1","RingOfDestiny:PerfectExecution+1","RingOfDestiny:FrozenDark","RingOfDestiny:ForbiddenArts","BloodyBrimstone","Necronomicurse","RingOfDestiny:FinalAttack+1","RingOfDestiny:ShadowPortal+1","RingOfDestiny:FireRelease+1","RingOfDestiny:Recollection","RingOfDestiny:FrozenDark","RingOfDestiny:NinjutsuScroll+1","RingOfDestiny:WoodRelease+1","RingOfDestiny:ShadowMark"],"relics":["RingOfDestiny:ShadowKunai","REME_ComplimentaryCards","HushsDoor","BelialBook","reliquary:SilkGlove","Replay:Bandana","Akabeko","hubris:Backtick","DeadEye","JudasShadow","MutagenicStrength","Necronomicon","Replay:Baseball","CeramicFish","reliquary:PorcupineQuills","PageOfTodaysShyLook","Mercury Hourglass","CeramicFish","Pondfish Scales","reliquary:WritOfMandamus","PageOfSpiderBud","REME_HandOfSuture","REME_CardOfGreed","Strawberry","PageOfMercenary","reliquary:ExpiredCoupon","ReplayFunnel","Question Card","reliquary:FingerTrap"],"acts_visited":["Gensokyo:Gensokyo","TheCity","TheBeyond"],"potions_floor_usage":[],"damage_taken":[{"damage":0.0,"enemies":"Gensokyo:3_Fairies","floor":1.0,"turns":3.0},{"damage":0.0,"enemies":"Gensokyo:Gryphon","floor":5.0,"turns":2.0},{"damage":11.0,"enemies":"Gensokyo:Cirno","floor":7.0,"turns":5.0},{"damage":0.0,"enemies":"Gensokyo:2_Kodama","floor":10.0,"turns":1.0},{"damage":0.0,"enemies":"Gensokyo:Mamizou","floor":11.0,"turns":1.0},{"damage":0.0,"enemies":"Gensokyo:2_Rabbits","floor":12.0,"turns":1.0},{"damage":0.0,"enemies":"Gensokyo:Aya","floor":13.0,"turns":2.0},{"damage":0.0,"enemies":"Gensokyo:Reimu","floor":16.0,"turns":1.0},{"damage":0.0,"enemies":"3 Byrds","floor":18.0,"turns":1.0},{"damage":0.0,"enemies":"Book of Stabbing","floor":23.0,"turns":1.0},{"damage":9.0,"enemies":"Gremlin Leader","floor":25.0,"turns":1.0},{"damage":3.0,"enemies":"Book of Stabbing","floor":30.0,"turns":1.0},{"damage":0.0,"enemies":"Colosseum Slavers","floor":31.0,"turns":1.0},{"damage":19.0,"enemies":"Colosseum Nobs","floor":31.0,"turns":2.0},{"damage":12.0,"enemies":"Pondfish","floor":33.0,"turns":5.0},{"damage":0.0,"enemies":"3 Darklings","floor":35.0,"turns":1.0},{"damage":7.0,"enemies":"3 Shapes","floor":38.0,"turns":1.0},{"damage":3.0,"enemies":"R_Hoarder","floor":40.0,"turns":1.0},{"damage":0.0,"enemies":"Reptomancer","floor":44.0,"turns":1.0},{"damage":0.0,"enemies":"Maw","floor":45.0,"turns":1.0},{"damage":0.0,"enemies":"Giant Head","floor":46.0,"turns":1.0},{"damage":0,"enemies":"Jaw Worm Horde","floor":48,"turns":1},{"damage":0,"enemies":"hubris:GrandSnecko","floor":50,"turns":1}],"seed_played":"581281874037102840","potions_obtained":[{"floor":7.0,"key":"Dexterity Potion"},{"floor":10.0,"key":"Fruit Juice"},{"floor":11.0,"key":"BlessingOfTheForge"},{"floor":12.0,"key":"Strength Potion"},{"floor":13.0,"key":"Adrenaline Potion"},{"floor":18.0,"key":"DistilledChaos"},{"floor":33.0,"key":"LifebloodPotion"},{"floor":44.0,"key":"DistilledChaos"},{"floor":45.0,"key":"FearPotion"}],"is_trial":false,"path_per_floor":["M","?","?","?","M","R","E","R","T","M","E","M","E","$","R","B",null,"M","?","?","$","?","E","$","E","T","R","?","R","E","?","R","B",null,"M","?","?","M","$","E","R","$","T","E","M","E","$","M","R","B",null],"character_chosen":"ShadowFlower","items_purchased":["Akabeko","JudasShadow","BloodyBrimstone","Replay:Baseball","RingOfDestiny:FinalAttack+1","PageOfSpiderBud","REME_HandOfSuture","REME_CardOfGreed","PageOfMercenary","reliquary:FingerTrap"],"campfire_rested":0,"item_purchase_floors":[14,17,17,21,24,39,39,39,42,47],"current_hp_per_floor":[86,86,52,52,55,55,57,57,57,62,72,78,90,90,90,91,73,73,73,57,57,57,73,73,73,73,73,73,73,73,66,66,73,73,73,73,73,70,70,80,80,80,80,80,80,80,80,80,80,80],"gold":145,"neow_bonus":"THREE_CARDS","is_daily":false,"chose_seed":false,"campfire_upgraded":8,"win_rate":0.0,"timestamp":1614263612,"path_taken":["M","?","?","?","M","R","E","R","T","M","E","M","E","$","R","BOSS","M","?","?","$","?","E","$","E","T","R","?","R","E","?","R","BOSS","M","?","?","?","$","E","R","?","T","E","M","E","$","M","R","BOSS"],"items_purchased_type":["Relic","Relic","Card","Relic","Card","Relic","Relic","Relic","Relic","Relic"],"build_version":"2020-12-22","purchased_purges":2,"victory":true,"max_hp_per_floor":[86,86,86,86,86,86,86,86,86,86,86,86,91,91,91,91,73,73,73,73,73,73,73,73,73,73,73,73,73,73,73,73,73,73,73,73,73,73,73,80,80,80,80,80,80,80,80,80,80,80],"relic_stats":{"counters":[23,36],"CeramicFish":144,"Necronomicon":[3],"Question Card":1,"obtain_stats":[{"ReplayFunnel":44,"reliquary:SilkGlove":11,"CeramicFish":23,"DeadEye":17,"PageOfSpiderBud":39,"Replay:Bandana":13,"hubris:Backtick":17,"PageOfMercenary":42,"Strawberry":40,"Necronomicon":20,"reliquary:FingerTrap":47,"PageOfTodaysShyLook":26,"KeepersGift":0,"JudasShadow":17,"BelialBook":0,"RingOfDestiny:ShadowKunai":0,"Question Card":46,"Akabeko":14,"Mercury Hourglass":30,"reliquary:ExpiredCoupon":43,"Replay:Baseball":21,"Pondfish Scales":31,"reliquary:PorcupineQuills":25,"MutagenicStrength":19,"reliquary:SculptingSteel":31,"REME_HandOfSuture":39,"REME_CardOfGreed":39,"reliquary:WritOfMandamus":34,"HushsDoor":0,"REME_ComplimentaryCards":0},{"ReplayFunnel":19,"reliquary:SilkGlove":5,"CeramicFish":10,"DeadEye":8,"PageOfSpiderBud":17,"Replay:Bandana":7,"hubris:Backtick":8,"PageOfMercenary":18,"Strawberry":18,"Necronomicon":9,"reliquary:FingerTrap":21,"PageOfTodaysShyLook":11,"KeepersGift":0,"JudasShadow":8,"BelialBook":0,"RingOfDestiny:ShadowKunai":0,"Question Card":21,"Akabeko":7,"Mercury Hourglass":12,"reliquary:ExpiredCoupon":18,"Replay:Baseball":9,"Pondfish Scales":14,"reliquary:PorcupineQuills":11,"MutagenicStrength":9,"reliquary:SculptingSteel":14,"REME_HandOfSuture":17,"REME_CardOfGreed":17,"reliquary:WritOfMandamus":15,"HushsDoor":0,"REME_ComplimentaryCards":0},{"ReplayFunnel":32,"reliquary:SilkGlove":12,"CeramicFish":18,"DeadEye":16,"PageOfSpiderBud":30,"Replay:Bandana":15,"hubris:Backtick":16,"PageOfMercenary":31,"Strawberry":31,"Necronomicon":17,"reliquary:FingerTrap":34,"PageOfTodaysShyLook":19,"KeepersGift":0,"JudasShadow":16,"BelialBook":0,"RingOfDestiny:ShadowKunai":0,"Question Card":34,"Akabeko":15,"Mercury Hourglass":20,"reliquary:ExpiredCoupon":31,"Replay:Baseball":17,"Pondfish Scales":23,"reliquary:PorcupineQuills":19,"MutagenicStrength":17,"reliquary:SculptingSteel":23,"REME_HandOfSuture":30,"REME_CardOfGreed":30,"reliquary:WritOfMandamus":28,"HushsDoor":0,"REME_ComplimentaryCards":0}],"Mercury Hourglass":[84]},"card_choices":[{"not_picked":[],"picked":"EpicFetus","floor":0.0},{"not_picked":["RingOfDestiny:DeadlyArts","RingOfDestiny:HeptMudra"],"picked":"RingOfDestiny:OctMudra","floor":0.0},{"not_picked":["RingOfDestiny:StaminaBook","RingOfDestiny:ButaMudra"],"picked":"RingOfDestiny:WoodRelease","floor":1.0},{"not_picked":["RingOfDestiny:ShadowCorrosion","RingOfDestiny:DecaMudra"],"picked":"RingOfDestiny:Belt","floor":5.0},{"not_picked":["RingOfDestiny:FlashOfSlash","RingOfDestiny:FrozenDark"],"picked":"RingOfDestiny:PerfectExecution","floor":7.0},{"not_picked":["RingOfDestiny:WoodRelease","RingOfDestiny:Premeditate"],"picked":"RingOfDestiny:FrozenDark","floor":10.0},{"not_picked":["RingOfDestiny:DeadlyShadow","RingOfDestiny:UndecMudra","RingOfDestiny:DarkLight"],"picked":"SKIP","floor":11.0},{"not_picked":["RingOfDestiny:Agile","RingOfDestiny:Ridicule","RingOfDestiny:Premeditate"],"picked":"SKIP","floor":12.0},{"not_picked":["RingOfDestiny:ShadowCorrosion","RingOfDestiny:Stealth","RingOfDestiny:FlashOfSlash"],"picked":"SKIP","floor":13.0},{"not_picked":["RingOfDestiny:InfectMark","RingOfDestiny:Makibisi"],"picked":"RingOfDestiny:ForbiddenArts","floor":16.0},{"not_picked":["RingOfDestiny:DarkLight","RingOfDestiny:FallenFlower","RingOfDestiny:EarthRelease"],"picked":"SKIP","floor":18.0},{"not_picked":["RingOfDestiny:GasBomb","RingOfDestiny:ShadowCorrosion","RingOfDestiny:HeptMudra"],"picked":"SKIP","floor":23.0},{"not_picked":["RingOfDestiny:FlashOfSlash","RingOfDestiny:PentMudra"],"picked":"RingOfDestiny:ShadowPortal","floor":25.0},{"not_picked":["RingOfDestiny:Conspiracy","RingOfDestiny:SneakAttack","RingOfDestiny:ButaMudra+1"],"picked":"SKIP","floor":30.0},{"not_picked":["RingOfDestiny:UndecMudra","RingOfDestiny:FallenFlower"],"picked":"RingOfDestiny:FireRelease","floor":31.0},{"not_picked":["RingOfDestiny:BottlePoison","RingOfDestiny:PerfectExecution"],"picked":"RingOfDestiny:Recollection","floor":33.0},{"not_picked":["RingOfDestiny:BeeZone","RingOfDestiny:Spur+1"],"picked":"RingOfDestiny:FrozenDark","floor":35.0},{"not_picked":["RingOfDestiny:ShadowRose","RingOfDestiny:NonMudra","RingOfDestiny:Ridicule"],"picked":"SKIP","floor":38.0},{"not_picked":["RingOfDestiny:Belt","RingOfDestiny:GasBomb+1"],"picked":"RingOfDestiny:NinjutsuScroll","floor":40.0},{"not_picked":["RingOfDestiny:EarthRelease","RingOfDestiny:DecaMudra+1"],"picked":"RingOfDestiny:WoodRelease+1","floor":44.0},{"not_picked":["RingOfDestiny:ButaMudra","RingOfDestiny:Ridicule"],"picked":"RingOfDestiny:ShadowMark","floor":45.0},{"not_picked":["RingOfDestiny:StaminaBook+1","RingOfDestiny:WristBlade+1","RingOfDestiny:HexaMudra"],"picked":"SKIP","floor":46.0},{"not_picked":["RingOfDestiny:ShadowCutter","RingOfDestiny:OctMudra","RingOfDestiny:ShadowBlossom+1","RingOfDestiny:EarthRelease"],"picked":"SKIP","floor":48}],"player_experience":62136,"relics_obtained":[{"floor":11.0,"key":"reliquary:SilkGlove"},{"floor":13.0,"key":"Replay:Bandana"},{"floor":20.0,"key":"Necronomicon"},{"floor":23.0,"key":"CeramicFish"},{"floor":25.0,"key":"reliquary:PorcupineQuills"},{"floor":26.0,"key":"PageOfTodaysShyLook"},{"floor":30.0,"key":"Mercury Hourglass"},{"floor":31.0,"key":"reliquary:SculptingSteel"},{"floor":31.0,"key":"Pondfish Scales"},{"floor":40.0,"key":"Strawberry"},{"floor":43.0,"key":"reliquary:ExpiredCoupon"},{"floor":44.0,"key":"ReplayFunnel"},{"floor":46.0,"key":"Question Card"}],"event_choices":[{"damage_healed":0.0,"max_hp_gain":0.0,"max_hp_loss":0.0,"gold_gain":0.0,"event_name":"Drug Dealer","player_choice":"Inject Mutagens","floor":19.0,"gold_loss":0.0,"damage_taken":0.0,"relics_obtained":["MutagenicStrength"]},{"damage_healed":0.0,"max_hp_gain":0.0,"max_hp_loss":0.0,"gold_gain":0.0,"event_name":"Cursed Tome","player_choice":"Obtained Book","floor":20.0,"gold_loss":0.0,"damage_taken":16.0},{"cards_removed":["RingOfDestiny:RattanBeetle"],"damage_healed":0.0,"max_hp_gain":0.0,"max_hp_loss":0.0,"gold_gain":0.0,"event_name":"Back to Basics","player_choice":"Elegance","floor":28.0,"gold_loss":0.0,"damage_taken":0.0},{"damage_healed":0.0,"max_hp_gain":0.0,"max_hp_loss":0.0,"gold_gain":0.0,"event_name":"Colosseum","player_choice":"Fight","floor":31.0,"gold_loss":0.0,"damage_taken":0.0},{"damage_healed":0.0,"max_hp_gain":0.0,"max_hp_loss":0.0,"gold_gain":0.0,"event_name":"Colosseum","player_choice":"Fought Nobs","floor":31.0,"gold_loss":0.0,"damage_taken":0.0}],"is_beta":false,"boss_relics":[{"not_picked":["hubris:BlackHole","Cursed Key"],"picked":"hubris:Backtick"},{"not_picked":[]},{"not_picked":["reliquary:ThirdArm","Fusion Hammer"],"picked":"reliquary:WritOfMandamus"},{"not_picked":[]}],"items_purged_floors":[14,39],"is_endless":false,"potions_floor_spawned":[7,10,11,12,13,18,31,33,38,44,45,46],"ascension_level":0}}