{"host":"dn6kke80v5f7isus","time":1614282001,"event":{"mods":["AchievementEnabler","Act Like it!","Bard","BaseMod","Colored Powertips","Custom Start","Defuse TimeMaze Blight","Energized Spire","Gremlin Skip","Highlight Path","Hubris","Infinite Spire","Marisa????????","Marked Mod","Minty Spire (QoL Compilation)","Quick Restart","Rare Cards Sparkle","Reliquary","Replay The Spire","StSLib","The Administrix","The Servant 0.9.4","Uncapped","Unceasing Turn Reminder"],"gold_per_floor":[111,128,128,142,142,142,142],"floor_reached":6,"language":"ENG","playtime":107,"items_purged":[],"score":38,"play_id":"f8f29b89-41e1-4495-a67b-b243c13904d9","local_time":"20210225144001","is_ascension_mode":true,"campfire_choices":[],"circlet_count":0,"master_deck":["bard:Strike","bard:Strike","bard:Strike","bard:Defend","bard:Defend","bard:Defend","bard:Defend","bard:Riposte","bard:Inspire+1","bard:MantleOfInspiration","bard:MantleOfInspiration"],"relics":["bard:PitchPipe","bard:BagPipes","NeowsBlessing"],"acts_visited":["Exordium"],"potions_floor_usage":[],"damage_taken":[{"damage":0,"enemies":"Cultist","floor":1,"turns":1},{"damage":0,"enemies":"Jaw Worm","floor":2,"turns":1},{"damage":0,"enemies":"2 Louse","floor":4,"turns":2},{"damage":28,"enemies":"Gremlin Nob","floor":6,"turns":5}],"seed_played":"6295915854899311328","potions_obtained":[{"floor":1,"key":"Dexterity Potion"}],"is_trial":false,"path_per_floor":["M","M","?","M","?","E"],"character_chosen":"BARD","items_purchased":[],"campfire_rested":0,"item_purchase_floors":[],"current_hp_per_floor":[70,70,63,63,63,35,35],"gold":142,"neow_bonus":"THREE_ENEMY_KILL","is_daily":false,"chose_seed":false,"campfire_upgraded":0,"win_rate":0.0,"timestamp":1614282001,"path_taken":["M","?","?","M","?","E"],"items_purchased_type":[],"build_version":"2020-12-22","purchased_purges":0,"victory":false,"max_hp_per_floor":[70,70,70,70,70,70,70],"card_choices":[{"not_picked":["bard:ViciousMockery","bard:EnGarde"],"picked":"bard:MantleOfInspiration","floor":1},{"not_picked":["bard:Gamble","bard:BestowCurse"],"picked":"bard:MantleOfInspiration","floor":2},{"not_picked":["bard:QuickSong","bard:BucklerBash","bard:CuttingWords"],"picked":"SKIP","floor":4}],"player_experience":520214,"relics_obtained":[],"event_choices":[{"cards_removed":["bard:Strike"],"damage_healed":0,"gold_gain":0,"player_choice":"Card Removal","damage_taken":7,"max_hp_gain":0,"max_hp_loss":0,"event_name":"Golden Wing","floor":3,"gold_loss":0},{"damage_healed":0,"gold_gain":0,"player_choice":"Forge","damage_taken":0,"max_hp_gain":0,"max_hp_loss":0,"event_name":"Accursed Blacksmith","floor":5,"gold_loss":0,"cards_upgraded":["bard:Inspire"]}],"is_beta":false,"boss_relics":[],"items_purged_floors":[],"is_endless":false,"potions_floor_spawned":[1],"killed_by":"Gremlin Nob","ascension_level":1}}