{"host":"sim2kxx81cjsn49b","time":1614239749,"event":{"mods":["ATMod(阿瑾Mod)","BaseMod","Minty Spire (QoL Compilation)","Reliquary","StSLib","TestMod","Waifu the Spire","【遗物卡牌】REMEMod"],"gold_per_floor":[114,114,129,129,54,81,99,111,111,141,41,66,83,83,83,160,160,178,192,205,220,220,254,273,298,325,379,379,406,281,281,281,360,360,371,371,396,5,280,310,310,335,361,374,393,408,242,255,255,255,255,255,255,38,68,68],"floor_reached":57,"language":"ZHS","playtime":2107,"items_purged":["Bash","Infernal Blade","Twin Strike+1","Iron Wave+1"],"score":3605,"play_id":"4ffb0342-4512-4a96-b3fa-2a1e332c7304","local_time":"20210225155549","is_ascension_mode":true,"campfire_choices":[{"floor":15,"key":"RECALL"},{"data":"Feel No Pain","floor":28,"key":"SMITH"},{"data":"Second Wind","floor":32,"key":"SMITH"},{"data":"Bloodletting","floor":41,"key":"SMITH"},{"floor":49,"key":"REST"},{"floor":53,"key":"REST"}],"circlet_count":0,"master_deck":["AscendersBane","AT_FocusSwordFire+1","LessonLearned+1","Feel No Pain+1","Entrench+1","Ghostly Armor+1","Limit Break+1","AT_ManFootWork+1","Limit Break+1","Shockwave+1","Exhume+1","Second Wind+1","Shrug It Off+1","Feel No Pain+1","Bloodletting+1","Regret","REME_BuildACard","AT_ShrugMaster"],"relics":["Burning Blood","testmod-TestBox","AT_ATBox","REME_ComplimentaryCards","testmod-Nyarlathotep","NeowsBlessing","Eternal Feather","AT_BellowingDragoncrestRing","Mummified Hand","AT_TrinityForce","Calipers","PreservedInsect","testmod-OneHitWonder","Toy Ornithopter","Nilry\u0027s Codex","reliquary:ThirdArm","testmod-Maize","reliquary:FingerTrap","reliquary:HotPoker","AT_PhaseBoots","reliquary:SharkskinSheath","AT_ChloranthyRing","reliquary:RosewoodLute"],"acts_visited":["Exordium","TheCity","TheBeyond","TheEnding"],"potions_floor_usage":[55,56],"damage_taken":[{"damage":0,"enemies":"Small Slimes","floor":1,"turns":1},{"damage":0,"enemies":"Jaw Worm","floor":3,"turns":1},{"damage":0,"enemies":"3 Sentries","floor":6,"turns":2},{"damage":0,"enemies":"Cultist","floor":7,"turns":2},{"damage":6,"enemies":"3 Louse","floor":8,"turns":2},{"damage":0,"enemies":"Lagavulin","floor":10,"turns":2},{"damage":0,"enemies":"Gremlin Nob","floor":12,"turns":3},{"damage":0,"enemies":"Lots of Slimes","floor":13,"turns":1},{"damage":0,"enemies":"Slime Boss","floor":16,"turns":4},{"damage":18,"enemies":"Chosen","floor":18,"turns":4},{"damage":8,"enemies":"2 Thieves","floor":19,"turns":2},{"damage":0,"enemies":"Sentry and Sphere","floor":20,"turns":2},{"damage":0,"enemies":"Snecko","floor":21,"turns":2},{"damage":14,"enemies":"Slavers","floor":23,"turns":9},{"damage":0,"enemies":"Centurion and Healer","floor":24,"turns":2},{"damage":0,"enemies":"Gremlin Leader","floor":25,"turns":3},{"damage":0,"enemies":"Slavers","floor":29,"turns":2},{"damage":0,"enemies":"Collector","floor":33,"turns":2},{"damage":0,"enemies":"3 Shapes","floor":35,"turns":2},{"damage":0,"enemies":"Mind Bloom Boss Battle","floor":37,"turns":3},{"damage":0,"enemies":"Nemesis","floor":40,"turns":7},{"damage":0,"enemies":"Reptomancer","floor":42,"turns":6},{"damage":0,"enemies":"3 Darklings","floor":44,"turns":2},{"damage":0,"enemies":"Jaw Worm Horde","floor":45,"turns":3},{"damage":0,"enemies":"Writhing Mass","floor":46,"turns":3},{"damage":0,"enemies":"Sphere and 2 Shapes","floor":48,"turns":4},{"damage":0,"enemies":"Donu and Deca","floor":50,"turns":4},{"damage":0,"enemies":"Awakened One","floor":51,"turns":4},{"damage":0,"enemies":"Shield and Spear","floor":55,"turns":1},{"damage":0,"enemies":"The Heart","floor":56,"turns":9}],"seed_played":"-970554385112293173","potions_obtained":[{"floor":6,"key":"Energy Potion"},{"floor":8,"key":"Weak Potion"},{"floor":25,"key":"testmod-EscapePotion"},{"floor":55,"key":"SkillPotion"}],"is_trial":false,"path_per_floor":["M","?","M","T","$","E","M","M","T","E","$","E","M","?","R","B",null,"M","M","M","M","?","E","M","E","T","T","R","E","$","?","R","B",null,"M","?","?","$","?","E","R","E","T","M","M","M","$","M","R","B","B",null,"R","$","E","B",null],"character_chosen":"IRONCLAD","items_purchased":["reliquary:FingerTrap","Bloodletting","AT_ChloranthyRing","REME_BuildACard"],"campfire_rested":2,"item_purchase_floors":[38,38,47,54],"current_hp_per_floor":[74,74,75,75,75,75,75,75,75,75,75,75,75,71,75,75,75,63,61,67,73,73,65,71,75,75,75,75,75,75,54,60,66,73,75,75,75,75,75,75,75,75,75,75,75,75,75,75,75,75,75,75,75,75,75,75],"gold":68,"neow_bonus":"THREE_ENEMY_KILL","is_daily":false,"chose_seed":false,"campfire_upgraded":3,"win_rate":0.0,"timestamp":1614239749,"path_taken":["M","?","M","?","$","E","M","?","T","E","$","E","M","?","R","BOSS","M","?","?","M","?","E","M","E","T","?","R","E","$","?","R","BOSS","M","?","?","$","?","E","R","E","T","M","M","?","?","M","R","BOSS","BOSS","R","$","E","BOSS"],"items_purchased_type":["Relic","Card","Relic","Card"],"build_version":"2020-12-22","purchased_purges":4,"victory":true,"max_hp_per_floor":[75,75,75,75,75,75,75,75,75,75,75,75,75,75,75,75,75,75,75,75,75,75,75,75,75,75,75,75,75,75,75,75,75,75,75,75,75,75,75,75,75,75,75,75,75,75,75,75,75,75,75,75,75,75,75,75],"card_choices":[{"not_picked":["Infernal Blade","Rampage"],"picked":"Feel No Pain","floor":1},{"not_picked":["Headbutt","Thunderclap","Combust"],"picked":"SKIP","floor":3},{"not_picked":["AT_ManFootWork","True Grit","Metallicize"],"picked":"SKIP","floor":6},{"not_picked":["AT_ManFootWork","True Grit","Metallicize"],"picked":"SKIP","floor":6},{"not_picked":["Headbutt","Clothesline","Sever Soul"],"picked":"SKIP","floor":7},{"not_picked":["Iron Wave","Armaments"],"picked":"Shockwave","floor":8},{"not_picked":["Heavy Blade","Impervious","Pommel Strike"],"picked":"SKIP","floor":10},{"not_picked":["AT_DiedThrough","Wild Strike","Evolve"],"picked":"SKIP","floor":12},{"not_picked":["Body Slam","Sword Boomerang","REME_Fury"],"picked":"SKIP","floor":13},{"not_picked":["Double Tap","REME_Fury"],"picked":"Exhume","floor":16},{"not_picked":["Perfected Strike","Anger","Metallicize"],"picked":"SKIP","floor":18},{"not_picked":["Shockwave","Shrug It Off"],"picked":"Second Wind","floor":19},{"not_picked":["Heavy Blade","Anger","Intimidate"],"picked":"SKIP","floor":20},{"not_picked":["Clash","Searing Blow","Evolve+1"],"picked":"SKIP","floor":21},{"not_picked":["AT_CaressingTears","Searing Blow","Body Slam"],"picked":"SKIP","floor":23},{"not_picked":["Cleave","Twin Strike","Armaments"],"picked":"SKIP","floor":24},{"not_picked":["Body Slam","Blood for Blood","REME_SingleHolding"],"picked":"SKIP","floor":25},{"not_picked":["Limit Break","Thunderclap","Heavy Blade"],"picked":"SKIP","floor":29},{"not_picked":["AT_GerminateFire","AT_ShrugMaster"],"picked":"Shrug It Off+1","floor":35},{"not_picked":["REME_Cut","Whirlwind"],"picked":"Feel No Pain","floor":37},{"not_picked":["AT_CaressingTears","AT_BodySlamDance","Pommel Strike"],"picked":"SKIP","floor":40},{"not_picked":["Infernal Blade","Inflame","Anger+1"],"picked":"SKIP","floor":42},{"not_picked":["Bloodletting","REME_Cut","True Grit"],"picked":"SKIP","floor":44},{"not_picked":["Clothesline","Twin Strike","Metallicize"],"picked":"SKIP","floor":45},{"not_picked":["AT_IchimonjiDouble+1","Headbutt","Sword Boomerang"],"picked":"SKIP","floor":46},{"not_picked":["Sword Boomerang+1","Havoc","AT_GerminateFire"],"picked":"SKIP","floor":48},{"not_picked":["Body Slam","AT_DrawKnifeCut"],"picked":"AT_ShrugMaster","floor":55}],"player_experience":643596,"relics_obtained":[{"floor":4,"key":"Eternal Feather"},{"floor":6,"key":"AT_BellowingDragoncrestRing"},{"floor":12,"key":"Mummified Hand"},{"floor":23,"key":"Calipers"},{"floor":26,"key":"PreservedInsect"},{"floor":27,"key":"testmod-OneHitWonder"},{"floor":29,"key":"Toy Ornithopter"},{"floor":31,"key":"Nilry\u0027s Codex"},{"floor":37,"key":"testmod-Maize"},{"floor":40,"key":"reliquary:HotPoker"},{"floor":42,"key":"AT_SpeedBoots"},{"floor":43,"key":"reliquary:SharkskinSheath"},{"floor":55,"key":"reliquary:RosewoodLute"}],"event_choices":[{"damage_healed":0,"gold_gain":0,"player_choice":"Swap Relic","damage_taken":0,"relics_obtained":["Pandora\u0027s Box"],"max_hp_gain":0,"max_hp_loss":0,"event_name":"给自己的盒子","floor":2,"relics_lost":["Pandora\u0027s Box"],"gold_loss":0},{"damage_healed":0,"gold_gain":0,"player_choice":"Bought 0 Potions","damage_taken":0,"max_hp_gain":0,"max_hp_loss":0,"event_name":"The Woman in Blue","floor":14,"gold_loss":0},{"cards_removed":["REME_FearOfPain"],"damage_healed":0,"gold_gain":0,"player_choice":"Elegance","damage_taken":0,"max_hp_gain":0,"max_hp_loss":0,"event_name":"Back to Basics","floor":22,"gold_loss":0},{"damage_healed":0,"gold_gain":0,"player_choice":"Obtained Book","damage_taken":21,"max_hp_gain":0,"max_hp_loss":0,"event_name":"Cursed Tome","floor":31,"gold_loss":0},{"damage_healed":0,"gold_gain":0,"player_choice":"Ignored","damage_taken":0,"max_hp_gain":0,"max_hp_loss":0,"event_name":"Tomb of Lord Red Mask","floor":36,"gold_loss":0},{"damage_healed":0,"gold_gain":0,"player_choice":"Fight","damage_taken":0,"max_hp_gain":0,"max_hp_loss":0,"event_name":"MindBloom","floor":37,"gold_loss":0},{"damage_healed":0,"gold_gain":275,"player_choice":"Desecrate","damage_taken":0,"max_hp_gain":0,"max_hp_loss":0,"event_name":"Golden Shrine","floor":39,"gold_loss":0,"cards_obtained":["Regret"]}],"is_beta":false,"boss_relics":[{"not_picked":["reliquary:Craggleroot","testmod-CardMagician"],"picked":"AT_TrinityForce"},{"not_picked":["Black Star","testmod-DeterminationOfClimber"],"picked":"reliquary:ThirdArm"}],"items_purged_floors":[5,11,30,38],"is_endless":false,"potions_floor_spawned":[6,8,16,18,21,24,25,35,44,46,55],"ascension_level":20}}