{"host":"5tnftuc8o0gay6lt","time":1614240032,"event":{"mods":["BaseMod","BetterRewards","Conspire","Marisa£®ÏF”Í°°ƒß¿Ì…≥£©","Minty Spire (QoL Compilation)","Permanent Neow","Relic Filter Mod","Spicy Shops","StSLib","Td1madao Mod","The Servant 0.9.4","°æ“≈ŒÔø®≈∆°øREMEMod"],"gold_per_floor":[379,454,373,7,24,24,54,99,126,126,171,191,91,41,41,166,166,180,180,32,43,81,81,117,117,143,188,256,267,300,300,300,421,421,454,474,474],"floor_reached":36,"language":"ZHS","playtime":2994,"items_purged":["Strike_C"],"score":508,"play_id":"97f55660-f25c-4209-993f-07c2a3bcf27a","local_time":"20210225160032","is_ascension_mode":true,"campfire_choices":[{"data":"Robbery","floor":6.0,"key":"SMITH"},{"data":"Pod Fire","floor":10.0,"key":"SMITH"},{"data":"Fire Up","floor":15.0,"key":"SMITH"},{"data":"Reinforcement Parts","floor":23,"key":"SMITH"},{"data":"Load Balancing","floor":25,"key":"SMITH"},{"floor":32,"key":"REST"}],"circlet_count":0,"master_deck":["Defend_C","Defend_C","Defend_C","Knight Kick","Chip","Robbery+1","Pod Fire+1","Judgment+1","Energy Supply","Lunge+1","Fire Up+1","Overclocking","Cursed Blade+1","Thunder Jump+1","Preloading+1","Bugfix+1","Discovery","Reinforcement Parts+1","Lunge+1","Load Balancing+1","Here Defend Chip+1","Here Defend Chip","Fire Up+1","Decay","Furious","CurseOfTheBell"],"relics":["Apod","REME_ComplimentaryCards","Lsj Skin","Molten Egg 2","Thread and Needle","Strawberry","Mb Ring","Astrolabe","MealTicket","Happy Flower","Letter Opener","Bag of Preparation","Calling Bell","Orichalcum","Gremlin Horn","Torii"],"acts_visited":["Exordium","TheCity","TheBeyond"],"potions_floor_usage":[33,36],"damage_taken":[{"damage":10.0,"enemies":"Small Slimes","floor":1.0,"turns":4.0},{"damage":0.0,"enemies":"Cultist","floor":5.0,"turns":1.0},{"damage":0.0,"enemies":"Jaw Worm","floor":7.0,"turns":3.0},{"damage":8.0,"enemies":"Gremlin Nob","floor":8.0,"turns":3.0},{"damage":20.0,"enemies":"Lagavulin","floor":11.0,"turns":5.0},{"damage":0.0,"enemies":"Looter","floor":12.0,"turns":2.0},{"damage":0.0,"enemies":"Hexaghost","floor":16.0,"turns":7.0},{"damage":2.0,"enemies":"3 Byrds","floor":18.0,"turns":4.0},{"damage":1,"enemies":"Spheric Guardian","floor":21,"turns":4},{"damage":0,"enemies":"Cultist and Chosen","floor":22,"turns":6},{"damage":57,"enemies":"Slavers","floor":24,"turns":6},{"damage":6,"enemies":"Gremlin Leader","floor":27,"turns":6},{"damage":0,"enemies":"conspire:MimicChest","floor":28,"turns":8},{"damage":0,"enemies":"Shelled Parasite and Fungi","floor":29,"turns":4},{"damage":0,"enemies":"Snake Plant","floor":30,"turns":2},{"damage":5,"enemies":"Champ","floor":33,"turns":9},{"damage":1,"enemies":"3 Darklings","floor":35,"turns":5},{"damage":0,"enemies":"Orin","floor":36,"turns":6}],"seed_played":"-295705062175748419","potions_obtained":[{"floor":5.0,"key":"AttackPotion"},{"floor":11.0,"key":"LiquidMemories"},{"floor":18.0,"key":"Swift Potion"},{"floor":21,"key":"Ancient Potion"},{"floor":22,"key":"Swift Potion"}],"is_trial":false,"path_per_floor":["M","?","?","$","M","R","M","E","T","R","E","M","$","?","R","B",null,"M","?","$","M","M","R","E","R","T","E","?","M","M","?","R","B",null,"M","?"],"character_chosen":"TD1MADAO_CLASS","items_purchased":["Molten Egg 2","Judgment+1","Fire Up","Reinforcement Parts"],"campfire_rested":1,"item_purchase_floors":[4,4,13,20],"current_hp_per_floor":[53,42,42,42,42,42,42,34,41,41,21,21,21,21,21,21,70,68,68,68,67,67,67,10,10,10,4,4,4,4,4,25,20,70,69,69,69],"gold":474,"neow_bonus":"TWO_FIFTY_GOLD","is_daily":false,"chose_seed":false,"campfire_upgraded":5,"win_rate":0.0,"timestamp":1614240032,"path_taken":["M","?","?","$","M","R","M","E","T","R","E","?","$","?","R","BOSS","M","?","$","M","?","R","E","R","T","E","?","M","M","?","R","BOSS","M","?"],"items_purchased_type":["Relic","Card","Card","Card"],"build_version":"2020-12-22","purchased_purges":1,"victory":false,"max_hp_per_floor":[63,63,63,63,63,63,63,63,70,70,70,70,70,70,70,70,70,70,70,70,70,70,70,70,70,70,70,70,70,70,70,70,70,70,70,70,70],"card_choices":[{"not_picked":["Sudden Beat","Machining"],"picked":"Pod Fire","floor":1.0},{"not_picked":["Revenge+1","Fixing"],"picked":"Energy Supply","floor":5.0},{"not_picked":["Winding Magic","Awareness"],"picked":"Lunge+1","floor":7.0},{"not_picked":["Cursed Blade+1","Floating Swing Kick+1","Im Angry"],"picked":"SKIP","floor":8.0},{"not_picked":["Black Shadow+1","Twin Teeth+1","Provocative"],"picked":"SKIP","floor":11.0},{"not_picked":["Fixing","Light Attack+1","Winding Magic"],"picked":"SKIP","floor":12.0},{"not_picked":["Bursts","Backup"],"picked":"Overclocking","floor":16.0},{"not_picked":["Afterwards","Cursed Blade+1"],"picked":"Bugfix+1","floor":18.0},{"not_picked":["De Ware Chip+1","Light Attack+1","Sudden Beat+1"],"picked":"SKIP","floor":21},{"not_picked":["Three Hit+1","Pod Laser+1"],"picked":"Lunge+1","floor":22},{"not_picked":["Reinforcement Parts","Fire Up"],"picked":"Load Balancing","floor":24},{"not_picked":["Black Execution+1","Money Cant Rescue"],"picked":"Here Defend Chip+1","floor":27},{"not_picked":["Trader+1","Black Shadow+1"],"picked":"Here Defend Chip","floor":29},{"not_picked":["Recovery Mechanism","Black Shadow+1"],"picked":"Fire Up+1","floor":30},{"not_picked":["Overclocking","Format All Data"],"picked":"Furious","floor":33},{"not_picked":["Cursed Blade+1","Black Execution+1","Perfect Defend"],"picked":"SKIP","floor":35}],"player_experience":609369,"relics_obtained":[{"floor":8.0,"key":"Thread and Needle"},{"floor":9.0,"key":"Strawberry"},{"floor":11.0,"key":"Mb Ring"},{"floor":24,"key":"MealTicket"},{"floor":26,"key":"Happy Flower"},{"floor":27,"key":"Letter Opener"},{"floor":28,"key":"Bag of Preparation"},{"floor":34,"key":"Orichalcum"},{"floor":34,"key":"Gremlin Horn"},{"floor":34,"key":"Torii"}],"event_choices":[{"damage_healed":0.0,"max_hp_gain":0.0,"max_hp_loss":0.0,"gold_gain":75.0,"event_name":"World of Goop","player_choice":"Gather Gold","floor":2.0,"gold_loss":0.0,"damage_taken":11.0},{"damage_healed":0.0,"max_hp_gain":0.0,"max_hp_loss":0.0,"gold_gain":0.0,"event_name":"WeMeetAgain","player_choice":"Paid Gold","floor":3.0,"gold_loss":81.0,"damage_taken":0.0,"relics_obtained":["Lsj Skin"]},{"cards_removed":["Strike_C"],"damage_healed":0.0,"max_hp_gain":0.0,"max_hp_loss":0.0,"gold_gain":0.0,"event_name":"The Cleric","player_choice":"Card Removal","floor":14.0,"gold_loss":50.0,"damage_taken":0.0},{"damage_healed":0.0,"max_hp_gain":0.0,"max_hp_loss":0.0,"gold_gain":0.0,"event_name":"Match and Keep!","player_choice":"1 cards matched","floor":19.0,"gold_loss":0.0,"damage_taken":0.0,"cards_obtained":["Discovery"]},{"damage_healed":0,"gold_gain":0,"player_choice":"Smashed Altar","damage_taken":0,"max_hp_gain":0,"max_hp_loss":0,"event_name":"Forgotten Altar","floor":31,"gold_loss":0,"cards_obtained":["Decay"]},{"damage_healed":0,"gold_gain":0,"player_choice":"Fight","damage_taken":0,"max_hp_gain":0,"max_hp_loss":0,"event_name":"OrinTheCat","floor":36,"gold_loss":0}],"is_beta":false,"boss_relics":[{"not_picked":["Coffee Dripper","Snecko Eye"],"picked":"Astrolabe"},{"not_picked":["SacredBark","Runic Dome"],"picked":"Calling Bell"}],"items_purged_floors":[13],"is_endless":false,"potions_floor_spawned":[5,11,18,21,22,28,30],"killed_by":"Orin","ascension_level":1}}