{"host":"s9n53dspxjwkh5no","time":1614231092,"event":{"mods":["AchievementEnabler","Act Like it!","Aspiration","Bard","BaseMod","Beaked The Cultist","Better Altar","Better Match","Better Note","Better Sensory Stone","Better Skull","Better Third Choice","BetterRewards","Colored Map","Colored Powertips","Conspire","Disable Question Mark Monsters","Downfall","Halation","Hermit","Hubris","Marisa????????","Marked Mod","Minty Spire (QoL Compilation)","Pale of the Ancients","Permanent Neow","Quick Restart","RRrroohrrRGHHhhh!!","Random Character Button","Rare Cards Sparkle","Reimu??????","Relic Stats","Remilia??????","Replay The Spire","Ruina","Small Relic Pack","Spicy Shops","Spire Arcade","StSLib","The Animator","The Bug Knight","The Construct","The Disciple","The Runesmith","The Senshi","The Servant 0.9.4","The Showman","The Valiant","The Wild Card","TheVacant","Wandering Minibosses"],"gold_per_floor":[117,117,136,147,161,175,194,247,247,247,260,280,297,297,297,393,393,410,410,427,427,427,427,427,437,437,437,464,464,389,389,389,438,438,454,454,454,473,483,483,516,516,516,535,559,204,204,218,218,229,229,229,229,229,229],"floor_reached":54,"language":"ENG","playtime":4244,"items_purged":["downfall:Malfunctioning"],"score":821,"play_id":"c3b966a8-76bc-4aa5-b886-640a2189e293","local_time":"20210224223132","is_ascension_mode":false,"campfire_choices":[{"floor":10.0,"key":"REST"},{"data":"WindmillStrike","floor":15.0,"key":"SMITH"},{"data":"Replay:LoomingThreat","floor":23.0,"key":"SMITH"},{"floor":27.0,"key":"REST"},{"floor":29.0,"key":"REST"},{"floor":32.0,"key":"REST"},{"floor":40.0,"key":"REST"},{"floor":47.0,"key":"REST"},{"floor":49.0,"key":"REST"},{"floor":51.0,"key":"REST"}],"circlet_count":0,"master_deck":["Strike_P","Strike_P","Strike_P","Defend_P","Defend_P","Defend_P","Eruption","Vigilance","Judgement","Fasting2","rorgmod:Reflex","Predator","Grand Finale","SandsOfTime","WindmillStrike+1","LikeWater","BattleHymn","Protect","TalkToTheHand","FearNoEvil","ThirdEye","Replay:LoomingThreat+1","bard:Sift","bard:StudiedStrike","LikeWater","bard:InspiringSong+1","bard:PhantasmalForce","bard:SplendidForm","ForeignInfluence","bard:SongBolt","Devotion","beaked:CrazyRituals","bard:Parry","Strike_P","Strike_P","Strike_P","Defend_P","Defend_P","Defend_P","Eruption","Vigilance","Judgement+1","Fasting2","rorgmod:Reflex","Predator","Grand Finale","SandsOfTime","WindmillStrike+1","LikeWater","BattleHymn","Protect","TalkToTheHand","FearNoEvil","ThirdEye","Replay:LoomingThreat+1","bard:Sift","bard:StudiedStrike","LikeWater","bard:InspiringSong","bard:PhantasmalForce","bard:SplendidForm","ForeignInfluence","bard:SongBolt","Devotion","beaked:CrazyRituals","bard:Parry","bard:CovetousAura","bard:FeastOnFear+1","DevaForm","bard:HarmoniousVoice","bard:ReverseGravity+1","bard:Balestra","Parasite","ForeignInfluence+1"],"relics":["PureWater","ReplayTheSpireMod:CursedCoin","Runesmith:Locket","halation:LostSnail","Membership Card","Anchor","ReplayFunnel","aspiration:BabyByrd","aspiration:BardSkillbook","hubris:Icosahedron","aspiration:HatOfInfinitePower","Bottled Lightning","beaked:SacredDeck","relicPack:OneForAll","Pantograph","halation:Thesaurus","halation:QuantumPhysicsTextbook","War Paint","hubris:Zylophone","paleoftheancients:Timepiece","paleoftheancients:KeyRelic"],"acts_visited":["Exordium","TheCity","TheBeyond","TheBeyond"],"potions_floor_usage":[54],"damage_taken":[{"damage":0.0,"enemies":"2 Louse","floor":1.0,"turns":1.0},{"damage":0.0,"enemies":"Cultist","floor":3.0,"turns":2.0},{"damage":17.0,"enemies":"Jaw Worm","floor":4.0,"turns":4.0},{"damage":10.0,"enemies":"3 Louse","floor":5.0,"turns":3.0},{"damage":6.0,"enemies":"2 Fungi Beasts","floor":6.0,"turns":3.0},{"damage":0.0,"enemies":"Exordium Wildlife","floor":7.0,"turns":3.0},{"damage":3.0,"enemies":"3 Louse","floor":11.0,"turns":3.0},{"damage":11.0,"enemies":"Large Slime","floor":12.0,"turns":7.0},{"damage":0.0,"enemies":"Lots of Slimes","floor":13.0,"turns":5.0},{"damage":36.0,"enemies":"The Guardian","floor":16.0,"turns":9.0},{"damage":10.0,"enemies":"3 Byrds","floor":18.0,"turns":5.0},{"damage":6.0,"enemies":"conspire:FuzzyDice","floor":20.0,"turns":5.0},{"damage":24.0,"enemies":"Chosen and Byrds","floor":25.0,"turns":5.0},{"damage":25.0,"enemies":"HollowMod:Nosk","floor":28.0,"turns":7.0},{"damage":24.0,"enemies":"conspire:MysteriousRune","floor":33.0,"turns":9.0},{"damage":10.0,"enemies":"Orb Walker","floor":35.0,"turns":4.0},{"damage":13.0,"enemies":"3 Darklings","floor":38.0,"turns":3.0},{"damage":25.0,"enemies":"Spire Growth","floor":39.0,"turns":6.0},{"damage":13.0,"enemies":"HollowMod:StalkingDevout","floor":41.0,"turns":8.0},{"damage":31.0,"enemies":"Maw","floor":44.0,"turns":8.0},{"damage":37.0,"enemies":"Transient","floor":48.0,"turns":5.0},{"damage":7.0,"enemies":"Writhing Mass","floor":50.0,"turns":8.0},{"damage":54.0,"enemies":"hubris:GrandSnecko","floor":52.0,"turns":16.0},{"damage":90.0,"enemies":"hubris:GrandSnecko","floor":53.0,"turns":4.0},{"damage":20,"enemies":"hubris:GrandSnecko","floor":54,"turns":3}],"seed_played":"8023383216758234898","potions_obtained":[{"floor":1.0,"key":"bronze:BurnAndBuffPotion"},{"floor":3.0,"key":"Swift Potion"},{"floor":6.0,"key":"champ:CounterPotion"},{"floor":11.0,"key":"Adrenaline Potion"},{"floor":16.0,"key":"Elixir"},{"floor":18.0,"key":"sneckomod:MuddlingPotion"},{"floor":19.0,"key":"EntropicBrew"},{"floor":39.0,"key":"Swift Potion"},{"floor":41.0,"key":"AttackPotion"},{"floor":44.0,"key":"Explosive Potion"},{"floor":48.0,"key":"Elixir"}],"is_trial":false,"path_per_floor":["M","?","M","M","M","M","M","T","T","R","M","M","M","?","R","B",null,"M","?","M","?","?","R","?","M","T","R","E","R","?","$","R","B",null,"M","?","?","M","M","R","E","PTL","PTL","M","T","$","R","M","R","M","R","B","M","M"],"character_chosen":"WATCHER","items_purchased":["ReplayTheSpireMod:CursedCoin","halation:LostSnail","Membership Card","Consecrate","bard:ReverseGravity+1","halation:Thesaurus","War Paint","hubris:Zylophone"],"campfire_rested":8,"item_purchase_floors":[0,0,0,0,46,46,46,46],"current_hp_per_floor":[72,72,72,55,45,39,39,39,39,60,57,46,46,46,46,10,72,62,62,56,56,56,56,56,32,32,53,28,49,49,49,70,46,72,62,62,62,49,35,56,43,43,43,41,41,41,62,25,46,39,60,79,15,0,0],"gold":229,"neow_bonus":"","is_daily":false,"chose_seed":false,"campfire_upgraded":2,"win_rate":0.0,"timestamp":1614231092,"path_taken":["M","?","M","M","M","M","?","?","T","R","?","?","M","?","R","BOSS","M","?","M","?","?","R","?","M","T","R","E","R","?","?","R","BOSS","M","?","?","M","M","R","E","PTL","PTL","?","T","$","R","M","R","?","R","BOSS","M","M"],"items_purchased_type":["Relic","Relic","Relic","Card","Card","Relic","Relic","Relic"],"build_version":"2020-12-22","purchased_purges":1,"victory":false,"max_hp_per_floor":[72,72,72,72,72,72,72,72,72,72,72,72,72,72,72,72,72,72,72,72,72,72,72,72,72,72,72,72,72,72,72,72,72,72,72,72,72,72,72,72,72,72,72,72,72,72,72,72,72,72,72,79,79,79,79],"relic_stats":{"counters":[25,136],"Pantograph":12,"War Paint":["Judgement","bard:InspiringSong"],"obtain_stats":[{"ReplayFunnel":9,"paleoftheancients:KeyRelic":52,"halation:QuantumPhysicsTextbook":46,"ReplayTheSpireMod:CursedCoin":0,"Runesmith:Locket":0,"halation:ForbiddenBikini":0,"halation:Thesaurus":46,"aspiration:BardSkillbook":17,"War Paint":46,"relicPack:OneForAll":36,"hubris:Zylophone":46,"paleoftheancients:Timepiece":52,"conspire:GiftBox":0,"Anchor":8,"hubris:Icosahedron":22,"aspiration:BabyByrd":14,"Pantograph":41,"beaked:SacredDeck":34,"Membership Card":0,"Bottled Lightning":28,"PureWater":0,"halation:LostSnail":0,"aspiration:HatOfInfinitePower":26},{"ReplayFunnel":6,"paleoftheancients:KeyRelic":23,"halation:QuantumPhysicsTextbook":20,"ReplayTheSpireMod:CursedCoin":0,"Runesmith:Locket":0,"halation:ForbiddenBikini":0,"halation:Thesaurus":20,"aspiration:BardSkillbook":10,"War Paint":20,"relicPack:OneForAll":16,"hubris:Zylophone":20,"paleoftheancients:Timepiece":23,"conspire:GiftBox":0,"Anchor":6,"hubris:Icosahedron":12,"aspiration:BabyByrd":9,"Pantograph":19,"beaked:SacredDeck":15,"Membership Card":0,"Bottled Lightning":14,"PureWater":0,"halation:LostSnail":0,"aspiration:HatOfInfinitePower":13},{"ReplayFunnel":16,"paleoftheancients:KeyRelic":129,"halation:QuantumPhysicsTextbook":100,"ReplayTheSpireMod:CursedCoin":0,"Runesmith:Locket":0,"halation:ForbiddenBikini":0,"halation:Thesaurus":100,"aspiration:BardSkillbook":40,"War Paint":100,"relicPack:OneForAll":75,"hubris:Zylophone":100,"paleoftheancients:Timepiece":129,"conspire:GiftBox":0,"Anchor":16,"hubris:Icosahedron":50,"aspiration:BabyByrd":31,"Pantograph":92,"beaked:SacredDeck":71,"Membership Card":0,"Bottled Lightning":62,"PureWater":0,"halation:LostSnail":0,"aspiration:HatOfInfinitePower":55}]},"card_choices":[{"not_picked":["Omniscience","Replay:LoomingThreat"],"picked":"Judgement","floor":0.0},{"not_picked":["Crescendo","ClearTheMind"],"picked":"Fasting2","floor":1.0},{"not_picked":["Replay:Vibes","EmptyBody"],"picked":"SandsOfTime","floor":3.0},{"not_picked":["SashWhip","Swivel"],"picked":"WindmillStrike","floor":4.0},{"not_picked":["DeceiveReality","WreathOfFlame"],"picked":"LikeWater","floor":5.0},{"not_picked":["CutThroughFate","Replay:Cycle"],"picked":"BattleHymn","floor":6.0},{"not_picked":["EmptyBody","EmptyMind"],"picked":"Protect","floor":7.0},{"not_picked":["LessonLearned","SandsOfTime"],"picked":"TalkToTheHand","floor":11.0},{"not_picked":["Replay:Anticipation","CutThroughFate"],"picked":"FearNoEvil","floor":12.0},{"not_picked":["Study","Replay:AtTheReady"],"picked":"ThirdEye","floor":13.0},{"not_picked":["SpiritShield","ConjureBlade"],"picked":"Replay:LoomingThreat","floor":16.0},{"not_picked":["FlyingSleeves","bard:SongBolt","EmptyFist"],"picked":"bard:Sift","floor":18.0},{"not_picked":["FearNoEvil","bard:ThickOfTheFight","Replay:AllIn"],"picked":"bard:StudiedStrike","floor":20.0},{"not_picked":["bard:MantleOfInspiration","bard:QuickSong","Crescendo"],"picked":"bard:InspiringSong","floor":25.0},{"not_picked":["DeceiveReality","bard:EnGarde+1","MarkedMod:PinPointDefense+1"],"picked":"bard:PhantasmalForce","floor":28.0},{"not_picked":["bard:DeathMetal","MasterReality","bard:Encore"],"picked":"bard:SplendidForm","floor":30.0},{"not_picked":["bard:LingeringPerformance","bard:Aphasia","bard:FalseLife"],"picked":"ForeignInfluence","floor":30.0},{"not_picked":["bard:HideousLaughter","Protect","CrushJoints"],"picked":"bard:SongBolt","floor":30.0},{"not_picked":["bard:Encore","LessonLearned","bard:MnemonicVestments"],"picked":"Devotion","floor":33.0},{"not_picked":["bard:QuickSong+1","Replay:BluntJabs+1","BowlingBash"],"picked":"bard:Parry","floor":35.0},{"not_picked":["bard:Demoralize+1","bard:PhantasmalForce","bard:Solo"],"picked":"bard:CovetousAura","floor":38.0},{"not_picked":["bard:Parry+1","CutThroughFate+1","bard:StudiedStrike+1"],"picked":"bard:FeastOnFear+1","floor":39.0},{"not_picked":["bard:FeastOnFear","bard:Thunderwave+1","JustLucky+1"],"picked":"DevaForm","floor":41.0},{"not_picked":["EmptyFist","bard:Sift","Nirvana"],"picked":"bard:HarmoniousVoice","floor":44.0},{"not_picked":["bard:Parry","bard:LocateObject+1","BowlingBash+1"],"picked":"bard:Balestra","floor":48.0},{"not_picked":["Crescendo","EmptyFist","PathToVictory+1"],"picked":"ForeignInfluence+1","floor":50.0}],"player_experience":378435,"relics_obtained":[{"floor":8.0,"key":"Anchor"},{"floor":9.0,"key":"ReplayFunnel"},{"floor":26.0,"key":"aspiration:HatOfInfinitePower"},{"floor":28.0,"key":"Bottled Lightning"},{"floor":41.0,"key":"Pantograph"}],"event_choices":[{"damage_healed":0.0,"max_hp_gain":0.0,"max_hp_loss":0.0,"gold_gain":0.0,"event_name":"Lab","player_choice":"Got Potions","floor":19.0,"gold_loss":0.0,"damage_taken":0.0},{"cards_removed":["Judgement"],"damage_healed":0.0,"max_hp_gain":0.0,"max_hp_loss":0.0,"gold_gain":0.0,"event_name":"betterNote:BetterNote","player_choice":"Take \u0026 Give","floor":21.0,"gold_loss":0.0,"damage_taken":0.0,"cards_obtained":["LikeWater"]},{"damage_healed":0.0,"max_hp_gain":0.0,"max_hp_loss":0.0,"gold_gain":0.0,"event_name":"betterMatch:BetterMatch","player_choice":"1","floor":30.0,"gold_loss":0.0,"damage_taken":0.0,"cards_obtained":["betterMatch:RareCard","betterMatch:UncommonCard","betterMatch:CommonCard"]}],"is_beta":false,"boss_relics":[{"not_picked":["Honey Jar","Replay:Drink Me"],"picked":"aspiration:BardSkillbook"},{"not_picked":["Kintsugi","hubris:GrandSneckoEye"],"picked":"beaked:SacredDeck"}],"items_purged_floors":[0],"is_endless":false,"potions_floor_spawned":[1,3,6,11,12,16,18,20,25,38,39,41,44,48],"killed_by":"hubris:GrandSnecko","ascension_level":0}}