{"host":"Bilverbakes","time":1614230326,"event":{"mods":["2.2 Compatiblity","AchievementEnabler","BaseMod","Bestiary","Colored Map","Minty Spire (QoL Compilation)","Relic Stats","StSLib","ojb\u0027s Info Mod"],"gold_per_floor":[112,122,138,138,138,173,173,173,173,75,91,125,125,142,142,218,218,235,251,265,291,291,325,335,364,390,390,418,429,443,454,454,533,533,550,560,615,640,651,678,698,714,714,221,252,252,252,285,285,285,285,285,285,99,124,124],"floor_reached":57,"language":"ENG","playtime":4321,"items_purged":["Strike_B","Strike_B"],"score":3178,"play_id":"20b6bd8f-d4d7-4344-9293-8c5954a4bf01","local_time":"20210224231846","is_ascension_mode":true,"campfire_choices":[{"floor":8.0,"key":"REST"},{"data":"Sunder","floor":13.0,"key":"SMITH"},{"data":"Sunder","floor":15.0,"key":"SMITH"},{"data":"Capacitor","floor":27.0,"key":"SMITH"},{"floor":32.0,"key":"RECALL"},{"floor":47,"key":"DIG"},{"floor":49,"key":"DIG"},{"floor":53,"key":"DIG"}],"circlet_count":0,"master_deck":["AscendersBane","Defend_B","Defend_B","Defend_B","Zap","Dualcast","Ball Lightning","Creative AI","Capacitor+1","Undo+1","Sunder+1","Sunder+1","Self Repair","Rainbow+1","Glacier+1","Cold Snap+1","Steam Power+1","Consume+1","Compile Driver","Aggregate+1","Glacier+1","Darkness+1","Aggregate+1","Seek+1","Aggregate+1","Fusion+1","Skim+1","Chaos+1","Hologram+1","Static Discharge","Biased Cognition"],"relics":["Snecko Eye","Gremlin Horn","Toxic Egg 2","Pantograph","PreservedInsect","Astrolabe","Red Mask","TungstenRod","Orichalcum","Omamori","Inserter","Incense Burner","FossilizedHelix","Torii","Shovel","OrangePellets","Anchor","DataDisk","Molten Egg 2","The Courier","Ice Cream","Bottled Tornado","Bronze Scales"],"acts_visited":["Exordium","TheCity","TheBeyond","TheEnding"],"potions_floor_usage":[37,41,48,48,55],"damage_taken":[{"damage":7.0,"enemies":"Small Slimes","floor":1.0,"turns":2.0},{"damage":21.0,"enemies":"Jaw Worm","floor":2.0,"turns":5.0},{"damage":1.0,"enemies":"Cultist","floor":3.0,"turns":3.0},{"damage":31.0,"enemies":"Gremlin Nob","floor":6.0,"turns":5.0},{"damage":9.0,"enemies":"Large Slime","floor":11.0,"turns":6.0},{"damage":15.0,"enemies":"3 Sentries","floor":12.0,"turns":5.0},{"damage":0.0,"enemies":"Looter","floor":14.0,"turns":2.0},{"damage":15.0,"enemies":"Hexaghost","floor":16.0,"turns":6.0},{"damage":12.0,"enemies":"3 Byrds","floor":18.0,"turns":3.0},{"damage":0.0,"enemies":"Chosen","floor":19.0,"turns":5.0},{"damage":0.0,"enemies":"Snake Plant","floor":20.0,"turns":3.0},{"damage":7.0,"enemies":"Masked Bandits","floor":21.0,"turns":4.0},{"damage":9.0,"enemies":"Slavers","floor":23.0,"turns":3.0},{"damage":0.0,"enemies":"Centurion and Healer","floor":24.0,"turns":6.0},{"damage":0.0,"enemies":"Gremlin Leader","floor":25.0,"turns":3.0},{"damage":0.0,"enemies":"Slavers","floor":28.0,"turns":3.0},{"damage":7.0,"enemies":"Shelled Parasite and Fungi","floor":29.0,"turns":6.0},{"damage":0.0,"enemies":"Sentry and Sphere","floor":30.0,"turns":3.0},{"damage":1.0,"enemies":"Snake Plant","floor":31.0,"turns":2.0},{"damage":2,"enemies":"Collector","floor":33,"turns":10},{"damage":5,"enemies":"3 Darklings","floor":35,"turns":4},{"damage":0,"enemies":"3 Shapes","floor":36,"turns":6},{"damage":0,"enemies":"2 Orb Walkers","floor":37,"turns":4},{"damage":0,"enemies":"Mind Bloom Boss Battle","floor":38,"turns":7},{"damage":0,"enemies":"Sphere and 2 Shapes","floor":39,"turns":6},{"damage":0,"enemies":"Giant Head","floor":40,"turns":7},{"damage":0,"enemies":"Jaw Worm Horde","floor":41,"turns":4},{"damage":8,"enemies":"Transient","floor":42,"turns":6},{"damage":0,"enemies":"Nemesis","floor":45,"turns":5},{"damage":0,"enemies":"Reptomancer","floor":48,"turns":4},{"damage":0,"enemies":"Donu and Deca","floor":50,"turns":10},{"damage":0,"enemies":"Time Eater","floor":51,"turns":7},{"damage":38,"enemies":"Shield and Spear","floor":55,"turns":9},{"damage":13,"enemies":"The Heart","floor":56,"turns":8}],"seed_played":"-7345787867624035492","potions_obtained":[{"floor":2.0,"key":"EssenceOfDarkness"},{"floor":11.0,"key":"FairyPotion"},{"floor":12.0,"key":"GamblersBrew"},{"floor":22.0,"key":"EssenceOfSteel"},{"floor":22.0,"key":"EssenceOfSteel"},{"floor":24.0,"key":"LiquidMemories"},{"floor":29.0,"key":"FearPotion"},{"floor":33,"key":"DistilledChaos"},{"floor":42,"key":"Fire Potion"}],"is_trial":false,"path_per_floor":["M","M","M","?","T","E","?","R","T","$","M","E","R","M","R","B",null,"M","M","M","?","?","E","M","E","T","R","E","M","M","M","R","B",null,"M","M","?","?","M","E","M","M","T","$","E","?","R","E","R","B","B",null,"R","$","E","B",null],"character_chosen":"DEFECT","items_purchased":["Undo+1","Fire Potion","OrangePellets","Anchor","LiquidMemories","SkillPotion","Static Discharge"],"campfire_rested":1,"item_purchase_floors":[10,10,44,44,44,54,54],"current_hp_per_floor":[57,36,35,35,35,4,21,42,42,42,33,18,18,18,18,35,62,57,64,64,64,64,62,69,71,71,71,71,71,71,70,70,71,71,66,71,71,71,71,71,71,70,70,70,71,68,68,68,68,68,68,68,68,68,37,56],"gold":124,"neow_bonus":"BOSS_RELIC","is_daily":false,"chose_seed":false,"campfire_upgraded":3,"win_rate":0.0,"timestamp":1614230326,"path_taken":["M","M","M","?","?","E","?","R","T","$","M","E","R","M","R","BOSS","M","M","M","?","?","E","M","E","T","R","E","M","?","M","R","BOSS","M","M","?","?","M","E","M","M","T","$","E","?","R","E","R","BOSS","BOSS","R","$","E","BOSS"],"items_purchased_type":["Card","Potion","Relic","Relic","Potion","Potion","Card"],"build_version":"2020-12-18","purchased_purges":2,"victory":true,"max_hp_per_floor":[71,71,71,71,71,71,71,71,71,71,71,71,71,71,71,71,71,71,71,71,71,71,71,71,71,71,71,71,71,71,71,71,71,71,71,71,71,71,71,71,71,71,71,71,71,68,68,68,68,68,68,68,68,68,68,68],"relic_stats":{"Inserter":[42],"Gremlin Horn":[37,37],"Torii":18,"counters":[34,172],"Astrolabe":["Glacier","Cold Snap","Steam Power"],"PreservedInsect":454,"Orichalcum":[78],"OrangePellets":[16],"Shovel":3,"Pantograph":51,"Bronze Scales":[96],"Snecko Eye":[290,225,250,270],"obtain_stats":[{"Ice Cream":49,"Inserter":34,"Gremlin Horn":5,"Torii":40,"Astrolabe":17,"PreservedInsect":12,"The Courier":48,"Omamori":28,"Incense Burner":37,"Orichalcum":25,"Bottled Tornado":53,"OrangePellets":44,"Anchor":44,"DataDisk":45,"Shovel":43,"Pantograph":9,"Bronze Scales":55,"Snecko Eye":0,"Molten Egg 2":47,"Red Mask":21,"Toxic Egg 2":6,"Cracked Core":0,"TungstenRod":23,"FossilizedHelix":38},{"Ice Cream":30,"Inserter":20,"Gremlin Horn":3,"Torii":26,"Astrolabe":8,"PreservedInsect":6,"The Courier":30,"Omamori":16,"Incense Burner":23,"Orichalcum":15,"Bottled Tornado":32,"OrangePellets":28,"Anchor":28,"DataDisk":29,"Shovel":28,"Pantograph":4,"Bronze Scales":33,"Snecko Eye":0,"Molten Egg 2":29,"Red Mask":12,"Toxic Egg 2":4,"Cracked Core":0,"TungstenRod":13,"FossilizedHelix":24},{"Ice Cream":138,"Inserter":85,"Gremlin Horn":10,"Torii":119,"Astrolabe":34,"PreservedInsect":26,"The Courier":138,"Omamori":64,"Incense Burner":99,"Orichalcum":61,"Bottled Tornado":155,"OrangePellets":129,"Anchor":129,"DataDisk":134,"Shovel":129,"Pantograph":15,"Bronze Scales":164,"Snecko Eye":0,"Molten Egg 2":134,"Red Mask":49,"Toxic Egg 2":15,"Cracked Core":0,"TungstenRod":52,"FossilizedHelix":106}],"TungstenRod":32},"card_choices":[{"not_picked":["Steam","Streamline"],"picked":"Ball Lightning","floor":1.0},{"not_picked":["Beam Cell","Hello World","Hologram"],"picked":"SKIP","floor":2.0},{"not_picked":["Rip and Tear","Coolheaded"],"picked":"Creative AI","floor":3.0},{"not_picked":["Barrage","Ball Lightning"],"picked":"Capacitor","floor":6.0},{"not_picked":["White Noise+1","Steam Power+1"],"picked":"Sunder","floor":11.0},{"not_picked":["Gash","Leap+1"],"picked":"Sunder","floor":12.0},{"not_picked":["Gash","Chill+1"],"picked":"Self Repair","floor":14.0},{"not_picked":["Electrodynamics","Biased Cognition"],"picked":"Rainbow+1","floor":16.0},{"not_picked":["Leap+1","Compile Driver"],"picked":"Consume+1","floor":18.0},{"not_picked":["Cold Snap","Sweeping Beam+1"],"picked":"Compile Driver","floor":19.0},{"not_picked":["Steam+1","Stack+1"],"picked":"Aggregate+1","floor":20.0},{"not_picked":["Auto Shields+1","Darkness+1"],"picked":"Glacier+1","floor":23.0},{"not_picked":["Redo+1","Hyperbeam"],"picked":"Darkness+1","floor":24.0},{"not_picked":["Melter","Reprogram+1","Gash"],"picked":"SKIP","floor":25.0},{"not_picked":["Turbo+1","Capacitor"],"picked":"Aggregate+1","floor":28.0},{"not_picked":["Melter","Gash","Blizzard"],"picked":"SKIP","floor":29.0},{"not_picked":["Heatsinks","Gash","Streamline"],"picked":"SKIP","floor":30.0},{"not_picked":["Scrape","Streamline","Beam Cell"],"picked":"SKIP","floor":31.0},{"not_picked":["Core Surge","Amplify+1"],"picked":"Seek+1","floor":33},{"not_picked":["Doom and Gloom","Undo+1"],"picked":"Aggregate+1","floor":35},{"not_picked":["Undo+1","Go for the Eyes"],"picked":"Fusion+1","floor":36},{"not_picked":["Streamline","Compile Driver"],"picked":"Skim+1","floor":38},{"not_picked":["BootSequence+1","Rebound","Sunder"],"picked":"SKIP","floor":39},{"not_picked":["Conserve Battery+1","Ball Lightning"],"picked":"Chaos+1","floor":40},{"not_picked":["Fusion+1","Steam+1","Undo+1"],"picked":"SKIP","floor":41},{"not_picked":["Ball Lightning","Beam Cell"],"picked":"Hologram+1","floor":42},{"not_picked":["Double Energy+1","Gash","Cold Snap"],"picked":"SKIP","floor":45},{"not_picked":["Steam Power+1","Rebound+1","Sweeping Beam+1"],"picked":"SKIP","floor":48},{"not_picked":["Loop+1","Heatsinks"],"picked":"Biased Cognition","floor":55}],"player_experience":1004695,"relics_obtained":[{"floor":5.0,"key":"Gremlin Horn"},{"floor":6.0,"key":"Toxic Egg 2"},{"floor":9.0,"key":"Pantograph"},{"floor":12.0,"key":"PreservedInsect"},{"floor":21.0,"key":"Red Mask"},{"floor":23.0,"key":"TungstenRod"},{"floor":25.0,"key":"Orichalcum"},{"floor":28.0,"key":"Omamori"},{"floor":37,"key":"Incense Burner"},{"floor":38,"key":"FossilizedHelix"},{"floor":40,"key":"Torii"},{"floor":43,"key":"Shovel"},{"floor":45,"key":"DataDisk"},{"floor":47,"key":"Molten Egg 2"},{"floor":48,"key":"The Courier"},{"floor":49,"key":"Ice Cream"},{"floor":53,"key":"Bottled Tornado"},{"floor":55,"key":"Bronze Scales"}],"event_choices":[{"damage_healed":0.0,"max_hp_gain":0.0,"max_hp_loss":0.0,"gold_gain":0.0,"event_name":"Shining Light","player_choice":"Ignored","floor":4.0,"gold_loss":0.0,"damage_taken":0.0},{"damage_healed":17.0,"max_hp_gain":0.0,"max_hp_loss":0.0,"gold_gain":0.0,"event_name":"Mushrooms","player_choice":"Healed and dodged fight","floor":7.0,"gold_loss":0.0,"damage_taken":0.0,"cards_obtained":["Parasite"]},{"damage_healed":0.0,"max_hp_gain":0.0,"max_hp_loss":0.0,"gold_gain":0.0,"event_name":"Masked Bandits","player_choice":"Fought Bandits","floor":21.0,"gold_loss":0.0,"damage_taken":0.0},{"damage_healed":0.0,"max_hp_gain":0.0,"max_hp_loss":0.0,"gold_gain":0.0,"event_name":"Lab","player_choice":"Got Potions","floor":22.0,"gold_loss":0.0,"damage_taken":0.0},{"damage_healed":0,"gold_gain":0,"player_choice":"Fight","damage_taken":0,"max_hp_gain":0,"max_hp_loss":0,"event_name":"Mysterious Sphere","floor":37,"gold_loss":0},{"damage_healed":0,"gold_gain":0,"player_choice":"Fight","damage_taken":0,"max_hp_gain":0,"max_hp_loss":0,"event_name":"MindBloom","floor":38,"gold_loss":0},{"cards_removed":["Parasite"],"damage_healed":0,"gold_gain":0,"player_choice":"Removed Curses","damage_taken":0,"max_hp_gain":0,"max_hp_loss":0,"event_name":"Fountain of Cleansing","floor":46,"gold_loss":0}],"is_beta":true,"boss_relics":[{"not_picked":["Nuclear Battery","Runic Dome"],"picked":"Astrolabe"},{"not_picked":["SacredBark","Pandora\u0027s Box"],"picked":"Inserter"}],"items_purged_floors":[44,54],"is_endless":false,"potions_floor_spawned":[2,11,12,14,18,19,24,29,30,33,35,36,42,45],"ascension_level":20}}