{"host":"5wilga4482d891pp","time":1614237350,"event":{"mods":["100% Spire Juice","2.2 Compatiblity","A Magickal Journey","AchievementEnabler","Act Like it!","Arknights","Aspiration","Bartender","BaseMod","Better Note","Better Third Choice","CapriCore","Chen","Conspire","Downfall","Elementarium","Energized Spire","Gensokyo","GungeonMod","Hallownest","Hermit","Hubris","Jorbs\u0027s Wanderer Trilogy","KinomotoSakuraMod(木之本?)","Koishi","Lobotomy","LobotomyExtend","Luminous","Marisa（霧雨　魔理沙）","Marked Mod","Minty Spire (QoL Compilation)","Pale of the Ancients","Prisma Mod","Railgun Mod","Reimu（博??梦）","Reliquary","Replay The Spire","Ruina","RumiaBox-露米?的神秘盒子","Shade Mod","Shapeshifter Mod","StSLib","The Administrix","The Alterego","The Animator","The Bug Knight","The Construct","The Cursed","The Gatherer","The Immortal","The IronCluck","The Wild Card","TheBandit","TheFirefly","TheSwordswoman","TheVacant","Uncapped","UnlockEverythingMod","WarShipGirlsR/??少女R mod","Yakumo Yukari mod","Yuyuko"],"gold_per_floor":[110,120,120,92,112,98,75,88,88,7,18,36,23,47,47,7,7],"floor_reached":16,"language":"ENG","playtime":6241,"items_purged":[],"score":108,"play_id":"e89aad86-dfb5-49a6-9dfb-e57a9b0103d3","local_time":"20210225011550","is_ascension_mode":false,"campfire_choices":[{"floor":15,"key":"REST"}],"circlet_count":0,"master_deck":["Strike_Lin:ReiMu","Strike_Lin:ReiMu","Strike_Lin:ReiMu","Strike_Lin:ReiMu","Defend_Lin:ReiMu","Defend_Lin:ReiMu","Defend_Lin:ReiMu","Defend_Lin:ReiMu","NB:ReiMu","Stagnation:ReiMu","CareerPray:ReiMu","BarrageOfMoneybags:ReiMu","ShadowOfCrow2:ReiMu","SealNeedle:ReiMu","YinYangSange:ReiMu","LovePray:ReiMu","AirStrike:ReiMu","MikOfLucky:ReiMu","Intuition:ReiMu","SafetyPray:ReiMu","AirManeuver:ReiMu","Pot Of Greed","Pot Of Greed"],"relics":["FlyPower:ReiMu","aspiration:Nostalgia","LetterFromLob","Strawberry","conspire:Dentures","Grinning Jar"],"acts_visited":["Exordium"],"potions_floor_usage":[13,13,16],"damage_taken":[{"damage":6,"enemies":"ats:Genji","floor":1,"turns":9},{"damage":0,"enemies":"Small Slimes","floor":2,"turns":4},{"damage":0,"enemies":"Cultist","floor":4,"turns":3},{"damage":0,"enemies":"Red Slaver","floor":5,"turns":5},{"damage":41,"enemies":"3 Sentries","floor":6,"turns":7},{"damage":0,"enemies":"2 Fungi Beasts","floor":7,"turns":4},{"damage":6,"enemies":"Exordium Wildlife","floor":8,"turns":5},{"damage":0,"enemies":"Blue Slaver","floor":11,"turns":1},{"damage":16,"enemies":"Exordium Thugs","floor":12,"turns":5},{"damage":0,"enemies":"Red Slaver","floor":13,"turns":1},{"damage":49,"enemies":"Fading Forest","floor":16,"turns":10}],"seed_played":"4720283710353268633","potions_obtained":[{"floor":3,"key":"champ:CounterPotion"},{"floor":3,"key":"Death Potion"},{"floor":3,"key":"Toxic Potion"},{"floor":4,"key":"LiquidFlight:ReiMu"},{"floor":6,"key":"FearPotion"},{"floor":13,"key":"Explosive Potion"}],"is_trial":false,"path_per_floor":["M","M","?","M","M","E","M","M","T","$","M","M","M","T","R","B"],"character_chosen":"REIMU","items_purchased":["MikOfLucky:ReiMu"],"campfire_rested":1,"item_purchase_floors":[10],"current_hp_per_floor":[59,59,59,59,59,25,25,19,19,19,19,3,3,3,24,0,0],"gold":7,"neow_bonus":"NOSTALGIA","is_daily":false,"chose_seed":false,"campfire_upgraded":0,"win_rate":0.0,"timestamp":1614237350,"path_taken":["M","?","?","M","M","E","M","?","T","?","M","M","M","?","R","BOSS"],"items_purchased_type":["Card"],"build_version":"2020-12-22","purchased_purges":0,"victory":false,"max_hp_per_floor":[65,65,65,65,65,72,72,72,72,72,72,72,72,72,72,72,72],"card_choices":[{"not_picked":["SpreadBorder2:ReiMu","Intuition:ReiMu"],"picked":"CareerPray:ReiMu","floor":1},{"not_picked":["FineLineFantasy:ReiMu","RainPray2:ReiMu"],"picked":"BarrageOfMoneybags:ReiMu","floor":2},{"not_picked":["SubcavityInstant:ReiMu","YinYangSign:ReiMu"],"picked":"ShadowOfCrow2:ReiMu","floor":4},{"not_picked":["CareerPray:ReiMu","SubcavityFantasy:ReiMu"],"picked":"SealNeedle:ReiMu","floor":5},{"not_picked":["PrepareRite:ReiMu","MountainWay:ReiMu"],"picked":"YinYangSange:ReiMu","floor":6},{"not_picked":["TakeOff:ReiMu","Meditation:ReiMu"],"picked":"LovePray:ReiMu","floor":7},{"not_picked":["SpreadBorder2:ReiMu","Intuition:ReiMu"],"picked":"AirStrike:ReiMu","floor":8},{"not_picked":["SpringWay:ReiMu","WonderfulDomain:ReiMu"],"picked":"Intuition:ReiMu","floor":11},{"not_picked":["AlertArray:ReiMu","Amulet:ReiMu"],"picked":"SafetyPray:ReiMu","floor":12},{"not_picked":["InherentArray:ReiMu","SubcavityFantasy:ReiMu"],"picked":"AirManeuver:ReiMu","floor":13}],"player_experience":108459,"relics_obtained":[{"floor":1,"key":"LetterFromLob"},{"floor":6,"key":"Strawberry"},{"floor":9,"key":"conspire:Dentures"},{"floor":14,"key":"Grinning Jar"}],"event_choices":[{"damage_healed":0,"gold_gain":0,"player_choice":"Got Potions","damage_taken":0,"max_hp_gain":0,"max_hp_loss":0,"event_name":"Lab","floor":3,"gold_loss":0}],"is_beta":false,"boss_relics":[],"items_purged_floors":[],"is_endless":false,"potions_floor_spawned":[4,6,12,13],"killed_by":"Fading Forest","ascension_level":0}}