{"host":"Luke","time":1614264898,"event":{"mods":["BaseMod","Better Third Choice","Colored Map","Downfall","Hermit","Minty Spire (QoL Compilation)","Shade Mod","StSLib","The Exalted","The Hierophant","TheFirefly","Unceasing Turn Reminder"],"gold_per_floor":[110,110,122,122,122,122,134,134,134,158,4,52,109,167,167,167,167],"floor_reached":16,"language":"ENG","playtime":634,"items_purged":["Regret"],"score":102,"play_id":"41b660a1-c155-4c5e-a99a-79dacb62c647","local_time":"20210225145458","is_ascension_mode":false,"campfire_choices":[{"data":"hierophant:PristineSoul","floor":6,"key":"SMITH"},{"data":"hierophant:Smite","floor":8,"key":"SMITH"},{"data":"hierophant:Punish","floor":15,"key":"SMITH"}],"circlet_count":0,"master_deck":["hierophant:Strike_Hierophant","hierophant:Strike_Hierophant","hierophant:Strike_Hierophant","hierophant:Strike_Hierophant","hierophant:Punish+1","hierophant:Defend_Hierophant","hierophant:Defend_Hierophant","hierophant:Defend_Hierophant","hierophant:Defend_Hierophant","hierophant:ChurchCoffers","hierophant:MorningPrayer","hierophant:Smite+1","hierophant:PristineSoul+1","hierophant:Doubloon","hierophant:Dazzle","hierophant:Doubloon","hierophant:OrnateJavelin","hierophant:SecretStash","hierophant:Doubloon","hierophant:Blessing"],"relics":["hierophant:PropheticMaskRelic","NeowsBlessing","Pear","Akabeko"],"acts_visited":["Exordium"],"potions_floor_usage":[13,13,14,16],"damage_taken":[{"damage":0,"enemies":"Jaw Worm","floor":1,"turns":1},{"damage":0,"enemies":"Small Slimes","floor":3,"turns":1},{"damage":0,"enemies":"Cultist","floor":7,"turns":1},{"damage":0,"enemies":"Lots of Slimes","floor":10,"turns":1},{"damage":26,"enemies":"Gremlin Nob","floor":12,"turns":4},{"damage":4,"enemies":"Gremlin Gang","floor":13,"turns":4},{"damage":0,"enemies":"3 Louse","floor":14,"turns":2},{"damage":57,"enemies":"Hexaghost","floor":16,"turns":11}],"seed_played":"674823631120163718","potions_obtained":[{"floor":7,"key":"Fire Potion"},{"floor":12,"key":"FearPotion"},{"floor":13,"key":"Explosive Potion"},{"floor":14,"key":"Guardian:BlockOnCardUsePotion"}],"is_trial":false,"path_per_floor":["M","?","M","?","?","R","M","R","T","M","$","E","M","M","R","B"],"character_chosen":"HIEROPHANT","items_purchased":["hierophant:OrnateJavelin"],"campfire_rested":0,"item_purchase_floors":[11],"current_hp_per_floor":[75,75,75,85,85,85,85,85,85,85,85,59,55,55,55,0,0],"gold":167,"neow_bonus":"THREE_ENEMY_KILL","is_daily":false,"chose_seed":false,"campfire_upgraded":3,"win_rate":0.0,"timestamp":1614264898,"path_taken":["M","?","M","?","?","R","?","R","T","M","?","E","M","?","R","BOSS"],"items_purchased_type":["Card"],"build_version":"2020-12-18","purchased_purges":1,"victory":false,"max_hp_per_floor":[75,75,75,85,85,85,85,85,85,85,85,85,85,85,85,85,85],"card_choices":[{"not_picked":["hierophant:Racketeering","hierophant:Purify"],"picked":"hierophant:MorningPrayer","floor":1},{"not_picked":["hierophant:Mercenaries","hierophant:MirrorShield"],"picked":"hierophant:Smite","floor":3},{"not_picked":["hierophant:FieryStrike","hierophant:Doubloon"],"picked":"hierophant:Dazzle","floor":7},{"not_picked":["hierophant:ThreeLashes","hierophant:Community"],"picked":"hierophant:Doubloon","floor":10},{"not_picked":["hierophant:Sermon","hierophant:Remorse"],"picked":"hierophant:SecretStash","floor":12},{"not_picked":["hierophant:PristineSoul","hierophant:ArchangelShield"],"picked":"hierophant:Doubloon","floor":13},{"not_picked":["hierophant:Bribe","hierophant:MorningPrayer"],"picked":"hierophant:Blessing","floor":14}],"player_experience":784489,"relics_obtained":[{"floor":12,"key":"Akabeko"}],"event_choices":[{"damage_healed":0,"gold_gain":0,"player_choice":"Ignored","damage_taken":0,"max_hp_gain":0,"max_hp_loss":0,"event_name":"Golden Wing","floor":2,"gold_loss":0},{"damage_healed":0,"gold_gain":0,"player_choice":"Box","damage_taken":0,"relics_obtained":["Pear"],"max_hp_gain":0,"max_hp_loss":0,"event_name":"Big Fish","floor":4,"gold_loss":0,"cards_obtained":["Regret"]},{"damage_healed":0,"gold_gain":0,"player_choice":"1 cards matched","damage_taken":0,"max_hp_gain":0,"max_hp_loss":0,"event_name":"Match and Keep!","floor":5,"gold_loss":0,"cards_obtained":["hierophant:PristineSoul"]}],"is_beta":true,"boss_relics":[],"items_purged_floors":[11],"is_endless":false,"potions_floor_spawned":[7,12,13,14],"killed_by":"Hexaghost","ascension_level":0}}