{"host":"7sni158j623xchr2","time":1614239719,"event":{"mods":["BaseMod","Colored Map","Highlight Path","Minty Spire (QoL Compilation)","Permanent Neow","Potion Indicator Mod","Rare Cards Sparkle","Relic Sorter","Relic Stats","StSLib","everything is the same but u backflip on backflip"],"gold_per_floor":[18,18,18,43,62,62,93,93,93,114,150,165,179,219,219,340,340,356,396,7,7,22,22,45,45,45,58,79,6,42,61,61,185,185,200,1199,1199,288,306,350,584,596,608,660,691,703,703],"floor_reached":46,"language":"ENG","playtime":1155,"items_purged":["Strike_G","Normality"],"score":611,"play_id":"137f11d0-b47b-48da-8139-5810be056d76","local_time":"20210225015519","is_ascension_mode":true,"campfire_choices":[{"data":"Dagger Spray","floor":6.0,"key":"SMITH"},{"data":"Phantasmal Killer","floor":8.0,"key":"SMITH"},{"data":"Terror","floor":15.0,"key":"SMITH"},{"data":"A Thousand Cuts","floor":23.0,"key":"SMITH"},{"data":"Accuracy","floor":25.0,"key":"SMITH"},{"data":"Blade Dance","floor":32.0,"key":"SMITH"},{"data":"Malaise","floor":42,"key":"SMITH"}],"circlet_count":0,"master_deck":["Strike_G","Strike_G","Strike_G","Strike_G","Defend_G","Defend_G","Defend_G","Defend_G","Defend_G","Survivor","Neutralize","Phantasmal Killer+1","Blade Dance+1","Terror+1","Dagger Spray+1","All Out Attack","Cloak And Dagger","Accuracy+1","A Thousand Cuts+1","CurseOfTheBell","PiercingWail","Blade Dance","Finesse","Leg Sweep","Catalyst+1","Normality","Apotheosis","Master of Strategy","Footwork","Panache","Cloak And Dagger+1","Malaise+1"],"relics":["Ring of the Snake","Golden Idol","Letter Opener","Strawberry","Odd Mushroom","Bag of Preparation","Calling Bell","Boot","Singing Bowl","Unceasing Top","Red Mask","ClockworkSouvenir","Toy Ornithopter","Meat on the Bone","Anchor","WristBlade","Sling","Oddly Smooth Stone","Bronze Scales","MawBank","Frozen Egg 2"],"acts_visited":["Exordium","TheCity","TheBeyond"],"potions_floor_usage":[33,33,40,40,46],"damage_taken":[{"damage":0.0,"enemies":"2 Louse","floor":1.0,"turns":3.0},{"damage":2.0,"enemies":"Small Slimes","floor":4.0,"turns":4.0},{"damage":6.0,"enemies":"Jaw Worm","floor":5.0,"turns":3.0},{"damage":2.0,"enemies":"3 Sentries","floor":7.0,"turns":4.0},{"damage":0.0,"enemies":"Lots of Slimes","floor":10.0,"turns":1.0},{"damage":17.0,"enemies":"The Mushroom Lair","floor":11.0,"turns":3.0},{"damage":0.0,"enemies":"Blue Slaver","floor":12.0,"turns":3.0},{"damage":0.0,"enemies":"3 Louse","floor":13.0,"turns":2.0},{"damage":7.0,"enemies":"Gremlin Nob","floor":14.0,"turns":3.0},{"damage":36.0,"enemies":"The Guardian","floor":16.0,"turns":11.0},{"damage":10.0,"enemies":"Shell Parasite","floor":18.0,"turns":4.0},{"damage":23.0,"enemies":"Masked Bandits","floor":19.0,"turns":3.0},{"damage":0.0,"enemies":"2 Thieves","floor":22.0,"turns":2.0},{"damage":5.0,"enemies":"Snake Plant","floor":24.0,"turns":4.0},{"damage":4.0,"enemies":"Cultist and Chosen","floor":27.0,"turns":4.0},{"damage":6.0,"enemies":"Chosen and Byrds","floor":28.0,"turns":4.0},{"damage":36.0,"enemies":"Book of Stabbing","floor":30.0,"turns":6.0},{"damage":0.0,"enemies":"3 Cultists","floor":31.0,"turns":2.0},{"damage":39,"enemies":"Collector","floor":33,"turns":7},{"damage":0,"enemies":"Orb Walker","floor":35,"turns":1},{"damage":4,"enemies":"3 Shapes","floor":39,"turns":3},{"damage":23,"enemies":"Reptomancer","floor":40,"turns":5},{"damage":1,"enemies":"Giant Head","floor":44,"turns":5},{"damage":16,"enemies":"Transient","floor":45,"turns":5},{"damage":56,"enemies":"2 Orb Walkers","floor":46,"turns":4}],"seed_played":"3821126886617178463","potions_obtained":[{"floor":4.0,"key":"Dexterity Potion"},{"floor":7.0,"key":"DuplicationPotion"},{"floor":11.0,"key":"BlessingOfTheForge"},{"floor":16.0,"key":"PowerPotion"},{"floor":18.0,"key":"SpeedPotion"},{"floor":19.0,"key":"PowerPotion"},{"floor":27.0,"key":"Strength Potion"},{"floor":33,"key":"SpeedPotion"},{"floor":39,"key":"Fire Potion"},{"floor":45,"key":"DuplicationPotion"}],"is_trial":false,"path_per_floor":["M","$","?","M","M","R","E","R","T","M","?","M","M","E","R","B",null,"M","?","$","?","M","R","M","R","T","M","M","$","E","M","R","B",null,"M","?","?","$","M","E","?","R","T","E","M","?"],"character_chosen":"THE_SILENT","items_purchased":["PiercingWail","Blade Dance","ClockworkSouvenir","Finesse","CunningPotion","Footwork","Sling","Oddly Smooth Stone","Bronze Scales","BlessingOfTheForge","Fire Potion","Panache"],"campfire_rested":0,"item_purchase_floors":[20,20,20,20,29,38,38,38,38,38,38,38],"current_hp_per_floor":[70,70,65,63,57,57,55,55,62,62,45,45,45,38,38,2,72,64,43,43,43,45,45,42,42,42,50,46,46,27,41,41,26,86,88,88,80,80,76,63,63,63,63,64,50,0,0],"gold":703,"neow_bonus":"THREE_RARE_CARDS","is_daily":false,"chose_seed":false,"campfire_upgraded":7,"win_rate":0.0,"timestamp":1614239719,"path_taken":["M","$","?","M","M","R","E","R","T","M","?","M","M","E","R","BOSS","M","?","$","?","M","R","M","R","T","?","M","$","E","M","R","BOSS","M","?","?","$","M","E","?","R","T","E","?","?"],"items_purchased_type":["Card","Card","Relic","Card","Potion","Card","Relic","Relic","Relic","Potion","Potion","Card"],"build_version":"2020-12-22","purchased_purges":2,"victory":false,"max_hp_per_floor":[70,70,65,65,65,65,65,65,72,72,72,72,72,72,72,72,72,74,76,76,76,78,78,80,80,80,80,82,82,82,84,84,86,86,88,88,90,90,90,90,90,90,90,92,94,94,94],"relic_stats":{"Singing Bowl":22,"counters":[25,96],"Golden Idol":165,"Bag of Preparation":[32],"Letter Opener":[187],"Boot":[24],"MawBank":72,"Bronze Scales":[66],"obtain_stats":[{"Singing Bowl":17,"Golden Idol":3,"Oddly Smooth Stone":38,"Bag of Preparation":14,"Letter Opener":7,"Odd Mushroom":11,"Frozen Egg 2":44,"Boot":17,"Sling":38,"MawBank":40,"ClockworkSouvenir":20,"Calling Bell":17,"Anchor":30,"WristBlade":34,"Strawberry":9,"Bronze Scales":38,"Red Mask":19,"Unceasing Top":17,"Toy Ornithopter":21,"Ring of the Snake":0,"Meat on the Bone":26},{"Singing Bowl":10,"Golden Idol":1,"Oddly Smooth Stone":20,"Bag of Preparation":9,"Letter Opener":4,"Odd Mushroom":6,"Frozen Egg 2":23,"Boot":10,"Sling":20,"MawBank":22,"ClockworkSouvenir":12,"Calling Bell":10,"Anchor":17,"WristBlade":19,"Strawberry":4,"Bronze Scales":20,"Red Mask":12,"Unceasing Top":10,"Toy Ornithopter":12,"Ring of the Snake":0,"Meat on the Bone":14},{"Singing Bowl":37,"Golden Idol":3,"Oddly Smooth Stone":74,"Bag of Preparation":26,"Letter Opener":14,"Odd Mushroom":18,"Frozen Egg 2":87,"Boot":37,"Sling":74,"MawBank":82,"ClockworkSouvenir":44,"Calling Bell":37,"Anchor":64,"WristBlade":73,"Strawberry":14,"Bronze Scales":74,"Red Mask":44,"Unceasing Top":37,"Toy Ornithopter":44,"Ring of the Snake":0,"Meat on the Bone":50}],"Unceasing Top":[6],"Toy Ornithopter":30,"Ring of the Snake":[50],"Meat on the Bone":48},"card_choices":[{"not_picked":["Tools of the Trade","Malaise"],"picked":"Phantasmal Killer","floor":0.0},{"not_picked":["Cloak And Dagger","Dodge and Roll"],"picked":"Blade Dance","floor":1.0},{"not_picked":["Escape Plan","Acrobatics"],"picked":"Terror","floor":4.0},{"not_picked":["Deflect","Acrobatics"],"picked":"Dagger Spray","floor":5.0},{"not_picked":["Terror","Infinite Blades","Flying Knee"],"picked":"SKIP","floor":7.0},{"not_picked":["Dagger Spray","Quick Slash","Sucker Punch"],"picked":"SKIP","floor":10.0},{"not_picked":["Dodge and Roll","Leg Sweep"],"picked":"All Out Attack","floor":11.0},{"not_picked":["Slice","Backflip"],"picked":"Cloak And Dagger","floor":12.0},{"not_picked":["Sucker Punch","Prepared","Dodge and Roll"],"picked":"SKIP","floor":13.0},{"not_picked":["Heel Hook","Sucker Punch"],"picked":"Accuracy","floor":14.0},{"not_picked":["Tools of the Trade","Doppelganger"],"picked":"A Thousand Cuts","floor":16.0},{"not_picked":["Sucker Punch+1","Endless Agony","Poisoned Stab"],"picked":"Singing Bowl","floor":18.0},{"not_picked":["Calculated Gamble+1","Dagger Spray+1","Blade Dance"],"picked":"Singing Bowl","floor":19.0},{"not_picked":["Acrobatics","Riddle With Holes","Caltrops"],"picked":"Singing Bowl","floor":22.0},{"not_picked":["Deadly Poison","Slice","Dagger Throw"],"picked":"Singing Bowl","floor":24.0},{"not_picked":["Eviscerate","Dagger Throw"],"picked":"Leg Sweep","floor":27.0},{"not_picked":["Deadly Poison+1","Dagger Spray","Escape Plan"],"picked":"Singing Bowl","floor":28.0},{"not_picked":["Flechettes","Skewer"],"picked":"Catalyst+1","floor":30.0},{"not_picked":["Grand Finale","All Out Attack","Backflip"],"picked":"Singing Bowl","floor":31.0},{"not_picked":["Wraith Form v2","Die Die Die","Night Terror"],"picked":"Singing Bowl","floor":33},{"not_picked":["Quick Slash+1","Dodge and Roll","Dagger Throw+1"],"picked":"Singing Bowl","floor":35},{"not_picked":["Metamorphosis","Blind"],"picked":"Apotheosis","floor":37},{"not_picked":["Impatience","Discovery"],"picked":"Master of Strategy","floor":37},{"not_picked":["Good Instincts","Bandage Up","Chrysalis"],"picked":"Singing Bowl","floor":37},{"not_picked":["Flechettes","Acrobatics+1"],"picked":"Cloak And Dagger+1","floor":39},{"not_picked":["Bane","Poisoned Stab"],"picked":"Malaise","floor":40},{"not_picked":["Masterful Stab","Noxious Fumes+1","Dash+1"],"picked":"Singing Bowl","floor":44},{"not_picked":["Bane","Flying Knee","Expertise+1"],"picked":"Singing Bowl","floor":45}],"player_experience":1850243,"relics_obtained":[{"floor":7.0,"key":"Letter Opener"},{"floor":9.0,"key":"Strawberry"},{"floor":11.0,"key":"Odd Mushroom"},{"floor":14.0,"key":"Bag of Preparation"},{"floor":17.0,"key":"Boot"},{"floor":17.0,"key":"Singing Bowl"},{"floor":17.0,"key":"Unceasing Top"},{"floor":19.0,"key":"Red Mask"},{"floor":21.0,"key":"Toy Ornithopter"},{"floor":26.0,"key":"Meat on the Bone"},{"floor":30.0,"key":"Anchor"},{"floor":40,"key":"MawBank"},{"floor":44,"key":"Frozen Egg 2"}],"event_choices":[{"damage_healed":0.0,"max_hp_gain":0.0,"max_hp_loss":5.0,"gold_gain":0.0,"event_name":"Golden Idol","player_choice":"Lose Max HP","floor":3.0,"gold_loss":0.0,"damage_taken":0.0,"relics_obtained":["Golden Idol"]},{"damage_healed":0.0,"max_hp_gain":0.0,"max_hp_loss":0.0,"gold_gain":0.0,"event_name":"Mushrooms","player_choice":"Fought Mushrooms","floor":11.0,"gold_loss":0.0,"damage_taken":0.0},{"damage_healed":0.0,"max_hp_gain":0.0,"max_hp_loss":0.0,"gold_gain":0.0,"event_name":"Masked Bandits","player_choice":"Fought Bandits","floor":19.0,"gold_loss":0.0,"damage_taken":0.0},{"damage_healed":0.0,"max_hp_gain":0.0,"max_hp_loss":0.0,"gold_gain":0.0,"event_name":"Wheel of Change","player_choice":"Relic","floor":21.0,"gold_loss":0.0,"damage_taken":0.0},{"damage_healed":0,"gold_gain":999,"player_choice":"Gold","damage_taken":0,"max_hp_gain":0,"max_hp_loss":0,"event_name":"MindBloom","floor":36,"gold_loss":0,"cards_obtained":["Normality","Normality"]},{"damage_healed":0,"gold_gain":0,"player_choice":"Memory 3","damage_taken":10,"max_hp_gain":0,"max_hp_loss":0,"event_name":"SensoryStone","floor":37,"gold_loss":0},{"damage_healed":0,"gold_gain":222,"player_choice":"Wore Mask","damage_taken":0,"max_hp_gain":0,"max_hp_loss":0,"event_name":"Tomb of Lord Red Mask","floor":41,"gold_loss":0},{"damage_healed":0,"gold_gain":0,"player_choice":"Fight","damage_taken":0,"max_hp_gain":0,"max_hp_loss":0,"event_name":"Mysterious Sphere","floor":46,"gold_loss":0}],"is_beta":false,"boss_relics":[{"not_picked":["Velvet Choker","Black Star"],"picked":"Calling Bell"},{"not_picked":["Fusion Hammer","Astrolabe"],"picked":"WristBlade"}],"items_purged_floors":[20,38],"is_endless":false,"potions_floor_spawned":[4,7,11,16,18,19,27,33,39,45],"killed_by":"2 Orb Walkers","ascension_level":1}}