{"host":"hbrjinenk1akq1dy","time":1614241785,"event":{"mods":["AchievementEnabler","BaseMod","Bestiary","Colored Map","Colored Powertips","Curses Come First","Highlight Path","Minty Spire (QoL Compilation)","Permanent Neow","Quick Restart","StSLib","SuperFastMode"],"gold_per_floor":[109,120,120,120,120,120,156,179,179,195,235,248,248,24,24,145,145,164,164,25,40,40,40,60,60,130,165,177,189,232,257,269,281,281],"floor_reached":33,"language":"ENG","playtime":1181,"items_purged":[],"score":493,"play_id":"c54d7e47-72a5-4683-a260-116ee278cbf8","local_time":"20210225162945","is_ascension_mode":true,"campfire_choices":[{"data":"Bash","floor":6.0,"key":"SMITH"},{"data":"1","floor":13.0,"key":"LIFT"},{"data":"Uppercut","floor":15.0,"key":"SMITH"},{"data":"2","floor":23.0,"key":"LIFT"},{"data":"3","floor":25.0,"key":"LIFT"},{"data":"Feed","floor":32.0,"key":"SMITH"}],"circlet_count":0,"master_deck":["AscendersBane","Strike_R","Strike_R","Strike_R","Strike_R","Strike_R","Defend_R","Defend_R","Defend_R","Bash+1","Perfected Strike","Pummel","Pommel Strike","Shrug It Off","Impervious","Twin Strike","Bloodletting","Uppercut+1","Reaper","Feed+1","Ghostly Armor","J.A.X.","Double Tap","Sword Boomerang+1"],"relics":["NeowsBlessing","Golden Idol","Calipers","Paper Frog","Girya","Anchor","Mark of Pain","Nloth\u0027s Gift","Blood Vial","Shuriken","MawBank","Singing Bowl"],"acts_visited":["Exordium","TheCity"],"potions_floor_usage":[33],"damage_taken":[{"damage":0.0,"enemies":"2 Louse","floor":1.0,"turns":1.0},{"damage":0.0,"enemies":"Small Slimes","floor":2.0,"turns":1.0},{"damage":0.0,"enemies":"Lagavulin","floor":7.0,"turns":1.0},{"damage":7.0,"enemies":"Jaw Worm","floor":8.0,"turns":2.0},{"damage":24.0,"enemies":"3 Louse","floor":10.0,"turns":3.0},{"damage":16.0,"enemies":"Gremlin Nob","floor":11.0,"turns":3.0},{"damage":18.0,"enemies":"Lots of Slimes","floor":12.0,"turns":5.0},{"damage":31.0,"enemies":"The Guardian","floor":16.0,"turns":10.0},{"damage":6.0,"enemies":"Shell Parasite","floor":18.0,"turns":3.0},{"damage":18.0,"enemies":"2 Thieves","floor":21.0,"turns":4.0},{"damage":32.0,"enemies":"Snecko","floor":24.0,"turns":4.0},{"damage":30.0,"enemies":"Slavers","floor":27.0,"turns":5.0},{"damage":28.0,"enemies":"Book of Stabbing","floor":30.0,"turns":3.0},{"damage":27.0,"enemies":"Cultist and Chosen","floor":31.0,"turns":7.0},{"damage":109,"enemies":"Automaton","floor":33,"turns":6}],"seed_played":"1647477772374471635","potions_obtained":[{"floor":1.0,"key":"ColorlessPotion"},{"floor":7.0,"key":"HeartOfIron"},{"floor":16.0,"key":"DuplicationPotion"},{"floor":24.0,"key":"BloodPotion"},{"floor":27.0,"key":"Swift Potion"}],"is_trial":false,"path_per_floor":["M","M","?","?","?","R","E","M","T","M","E","M","R","$","R","B",null,"M","?","$","M","T","R","M","R","T","E","?","?","E","M","R","B"],"character_chosen":"IRONCLAD","items_purchased":["Uppercut","Anchor","Feed"],"campfire_rested":0,"item_purchase_floors":[14,14,20],"current_hp_per_floor":[78,80,73,73,78,78,79,78,78,60,50,38,38,38,38,13,63,63,63,63,53,53,53,38,38,38,32,59,59,48,26,26,0,0],"gold":281,"neow_bonus":"THREE_ENEMY_KILL","is_daily":false,"chose_seed":false,"campfire_upgraded":3,"win_rate":0.0,"timestamp":1614241785,"path_taken":["M","M","?","?","?","R","E","M","T","M","E","M","R","?","R","BOSS","M","?","$","?","?","R","M","R","T","E","?","?","E","M","R","BOSS"],"items_purchased_type":["Card","Relic","Card"],"build_version":"2020-12-22","purchased_purges":0,"victory":false,"max_hp_per_floor":[80,80,80,74,79,79,79,79,79,79,79,79,79,79,79,79,79,79,79,79,79,79,79,79,79,79,82,82,82,82,85,85,85,85],"card_choices":[{"not_picked":["Sentinel","Rupture"],"picked":"Perfected Strike","floor":1.0},{"not_picked":["Armaments","Havoc"],"picked":"Pummel","floor":2.0},{"not_picked":["Havoc","Cleave"],"picked":"Pommel Strike","floor":7.0},{"not_picked":["Thunderclap","Second Wind"],"picked":"Shrug It Off","floor":8.0},{"not_picked":["Flex","Headbutt"],"picked":"Impervious","floor":10.0},{"not_picked":["Headbutt","Flex"],"picked":"Twin Strike","floor":11.0},{"not_picked":["Wild Strike","Searing Blow"],"picked":"Bloodletting","floor":12.0},{"not_picked":["Bludgeon","Juggernaut"],"picked":"Reaper","floor":16.0},{"not_picked":["Armaments","Clothesline+1","Havoc"],"picked":"SKIP","floor":18.0},{"not_picked":["Headbutt","Pommel Strike"],"picked":"Ghostly Armor","floor":21.0},{"not_picked":["Seeing Red","Havoc+1","Headbutt"],"picked":"SKIP","floor":24.0},{"not_picked":["Bloodletting","Searing Blow","Feel No Pain"],"picked":"SKIP","floor":27.0},{"not_picked":["Sever Soul","Feel No Pain"],"picked":"Double Tap","floor":30.0},{"not_picked":["Thunderclap","Cleave"],"picked":"Sword Boomerang+1","floor":31.0}],"player_experience":278149,"relics_obtained":[{"floor":7.0,"key":"Calipers"},{"floor":9.0,"key":"Paper Frog"},{"floor":11.0,"key":"Girya"},{"floor":22.0,"key":"Blood Vial"},{"floor":26.0,"key":"Shuriken"},{"floor":27.0,"key":"MawBank"},{"floor":30.0,"key":"Singing Bowl"}],"event_choices":[{"cards_removed":["Defend_R"],"damage_healed":0.0,"max_hp_gain":0.0,"max_hp_loss":0.0,"gold_gain":0.0,"event_name":"Golden Wing","player_choice":"Card Removal","floor":3.0,"gold_loss":0.0,"damage_taken":7.0},{"damage_healed":0.0,"max_hp_gain":0.0,"max_hp_loss":6.0,"gold_gain":0.0,"event_name":"Golden Idol","player_choice":"Lose Max HP","floor":4.0,"gold_loss":0.0,"damage_taken":0.0,"relics_obtained":["Golden Idol"]},{"damage_healed":0.0,"max_hp_gain":5.0,"max_hp_loss":0.0,"gold_gain":0.0,"event_name":"Big Fish","player_choice":"Donut","floor":5.0,"gold_loss":0.0,"damage_taken":0.0},{"damage_healed":0.0,"max_hp_gain":0.0,"max_hp_loss":0.0,"gold_gain":0.0,"event_name":"N\u0027loth","player_choice":"Traded Relic","floor":19.0,"relics_lost":["Burning Blood"],"gold_loss":0.0,"damage_taken":0.0,"relics_obtained":["Nloth\u0027s Gift"]},{"damage_healed":27.0,"max_hp_gain":0.0,"max_hp_loss":0.0,"gold_gain":0.0,"event_name":"The Library","player_choice":"Heal","floor":28.0,"gold_loss":0.0,"damage_taken":0.0},{"damage_healed":0.0,"max_hp_gain":0.0,"max_hp_loss":0.0,"gold_gain":0.0,"event_name":"Drug Dealer","player_choice":"Obtain J.A.X.","floor":29.0,"gold_loss":0.0,"damage_taken":0.0,"cards_obtained":["J.A.X."]}],"is_beta":false,"boss_relics":[{"not_picked":["Runic Dome","Black Star"],"picked":"Mark of Pain"}],"items_purged_floors":[],"is_endless":false,"potions_floor_spawned":[1,7,8,16,18,24,27],"killed_by":"Automaton","ascension_level":11}}