{"host":"08xvxt5w1s7zc7e5","time":1614244878,"event":{"mods":["AchievementEnabler","BaseMod","DeckTracker","Minty Spire (QoL Compilation)","Quick Restart","StSLib","SuperFastMode"],"gold_per_floor":[113,125,175,190,203,203,203,228,228,248,17,17,42,42,42,42,42],"floor_reached":16,"language":"KOR","playtime":326,"items_purged":["Strike_G"],"score":155,"play_id":"f5c2bff9-0fc1-48ff-a9eb-74805432cd8c","local_time":"20210225182118","is_ascension_mode":true,"campfire_choices":[{"data":"Phantasmal Killer","floor":6.0,"key":"SMITH"},{"data":"Neutralize","floor":12.0,"key":"SMITH"},{"floor":15.0,"key":"REST"}],"circlet_count":0,"master_deck":["AscendersBane","Strike_G","Strike_G","Strike_G","Strike_G","Defend_G","Defend_G","Defend_G","Defend_G","Survivor","Neutralize+1","Phantasmal Killer+1","Blade Dance","PiercingWail","A Thousand Cuts","Crippling Poison"],"relics":["Ring of the Snake","Potion Belt","Snake Skull","Centennial Puzzle","ClockworkSouvenir","Odd Mushroom"],"acts_visited":["Exordium"],"potions_floor_usage":[16],"damage_taken":[{"damage":5.0,"enemies":"Cultist","floor":1.0,"turns":4.0},{"damage":0.0,"enemies":"2 Louse","floor":2.0,"turns":2.0},{"damage":4.0,"enemies":"Jaw Worm","floor":4.0,"turns":6.0},{"damage":3.0,"enemies":"Blue Slaver","floor":5.0,"turns":5.0},{"damage":28.0,"enemies":"Gremlin Nob","floor":8.0,"turns":4.0},{"damage":5.0,"enemies":"Exordium Thugs","floor":10.0,"turns":4.0},{"damage":4.0,"enemies":"The Mushroom Lair","floor":13.0,"turns":3.0},{"damage":32,"enemies":"The Guardian","floor":16,"turns":14}],"seed_played":"4648486658448211537","potions_obtained":[{"floor":2.0,"key":"GamblersBrew"},{"floor":4.0,"key":"Weak Potion"},{"floor":8.0,"key":"Block Potion"}],"is_trial":false,"path_per_floor":["M","M","T","M","M","R","?","E","T","M","$","R","?","$","R","B"],"character_chosen":"THE_SILENT","items_purchased":["ClockworkSouvenir"],"campfire_rested":1,"item_purchase_floors":[11],"current_hp_per_floor":[58,58,58,54,51,51,51,23,23,18,18,18,14,14,32,0,0],"gold":42,"neow_bonus":"THREE_RARE_CARDS","is_daily":false,"chose_seed":false,"campfire_upgraded":2,"win_rate":0.0,"timestamp":1614244878,"path_taken":["M","M","?","?","M","R","?","E","T","M","$","R","?","$","R","BOSS"],"items_purchased_type":["Relic"],"build_version":"2020-12-22","purchased_purges":1,"victory":false,"max_hp_per_floor":[63,63,63,63,63,63,63,63,63,63,63,63,63,63,63,63,63],"card_choices":[{"not_picked":["Unload","A Thousand Cuts"],"picked":"Phantasmal Killer","floor":0.0},{"not_picked":["Dodge and Roll","Masterful Stab"],"picked":"Blade Dance","floor":1.0},{"not_picked":["Catalyst","Masterful Stab"],"picked":"PiercingWail","floor":2.0},{"not_picked":["Deflect","Setup","Flying Knee"],"picked":"SKIP","floor":4.0},{"not_picked":["Sucker Punch","Catalyst","Quick Slash"],"picked":"SKIP","floor":5.0},{"not_picked":["Cloak And Dagger","Doppelganger"],"picked":"Crippling Poison","floor":8.0},{"not_picked":["Outmaneuver","Flying Knee","Infinite Blades"],"picked":"SKIP","floor":10.0}],"player_experience":426459,"relics_obtained":[{"floor":3.0,"key":"Potion Belt"},{"floor":8.0,"key":"Snake Skull"},{"floor":9.0,"key":"Centennial Puzzle"},{"floor":13.0,"key":"Odd Mushroom"}],"event_choices":[{"damage_healed":0.0,"max_hp_gain":0.0,"max_hp_loss":0.0,"gold_gain":0.0,"cards_transformed":["Defend_G"],"event_name":"Living Wall","player_choice":"Change","floor":7.0,"gold_loss":0.0,"damage_taken":0.0,"cards_obtained":["A Thousand Cuts"]},{"damage_healed":0.0,"max_hp_gain":0.0,"max_hp_loss":0.0,"gold_gain":0.0,"event_name":"Mushrooms","player_choice":"Fought Mushrooms","floor":13.0,"gold_loss":0.0,"damage_taken":0.0}],"is_beta":false,"boss_relics":[],"items_purged_floors":[11],"is_endless":false,"potions_floor_spawned":[2,4,8],"killed_by":"The Guardian","ascension_level":11}}