{"host":"dn6kke80v5f7isus","time":1614237974,"event":{"mods":["AchievementEnabler","Act Like it!","Bard","BaseMod","Colored Powertips","Custom Start","Defuse TimeMaze Blight","Energized Spire","Gremlin Skip","Highlight Path","Hubris","Infinite Spire","Marisa????????","Marked Mod","Minty Spire (QoL Compilation)","Quick Restart","Rare Cards Sparkle","Reliquary","Replay The Spire","StSLib","The Administrix","The Servant 0.9.4","Uncapped","Unceasing Turn Reminder"],"gold_per_floor":[116,116,116,116,134,134,160,160,160,179,179,179,191,207,207,9308,9408,9423,9373,9391,9391,9401,9401,9401,9401,9472,9472,9504,9504,9521,9553,9553,9654,9654,9672,9689,9689,9708,9727,9762,9762,9793,9793,9809,9834,9849,9849,9864,9864,9968,9968,9965,9288,9288,8536,8576,8576,8580,8580,8657,8670,8687,7938,7951,7960,7960,7983,7983,7985,7985,7998,7994,7994,7994,7980,7980,8004,7483,7486,7486,7493,7433,7433,7459,7459,7451,7478,7478,7472,7429,7429,7440,6681,6681,6681,6681,6669,6152,6155,6155,6209,6209,6203,6197,6197,6193,5796,5809,5809,5137,5184,5185,5185,5248,5265,5265,5265,5383,5383,5291,5291,5291,5291,5291,5302,4736,4736,4736,4735,4729,4729,4729,4711,4711,4780,4780,4779,4779,4777,4772,4783,4783,4783,4754,4778,4678,4067,4067,4067,4067],"floor_reached":149,"language":"ENG","playtime":7720,"items_purged":[],"score":3781,"play_id":"27e7c30a-cc54-4931-9c03-fad71f25227b","local_time":"20210225022614","is_ascension_mode":true,"campfire_choices":[{"floor":6.0,"key":"REST"},{"data":"bard:Inspire","floor":8.0,"key":"SMITH"},{"floor":11.0,"key":"REST"},{"data":"bard:Rhapsody","floor":23.0,"key":"SMITH"},{"data":"bard:HarmoniousVoice","floor":27.0,"key":"SMITH"},{"data":"bard:Wish","floor":29.0,"key":"SMITH"},{"data":"infinitespire:FutureSight","floor":32.0,"key":"SMITH"},{"data":"bard:Invisibility","floor":41.0,"key":"SMITH"},{"data":"infinitespire:Collect","floor":49.0,"key":"SMITH"},{"data":"bard:MagnumOpus","floor":57.0,"key":"SMITH"},{"data":"bard:SixFourTime","floor":59.0,"key":"SMITH"},{"data":"bard:Encore","floor":66.0,"key":"SMITH"},{"data":"bard:SixFourTime","floor":74.0,"key":"SMITH"},{"data":"bard:SixFourTime","floor":83.0,"key":"SMITH"},{"data":"bard:SplendidForm","floor":91.0,"key":"SMITH"},{"floor":100,"key":"REST"},{"floor":109,"key":"REST"},{"data":"bard:Strike","floor":117,"key":"SMITH"},{"data":"bard:Strike","floor":127,"key":"SMITH"},{"data":"bard:Strike","floor":132,"key":"SMITH"},{"data":"bard:Strike","floor":134,"key":"SMITH"},{"data":"bard:Strike","floor":142,"key":"SMITH"},{"data":"bard:Strike","floor":148,"key":"SMITH"}],"circlet_count":0,"master_deck":["bard:Strike+7","bard:Defend","bard:Riposte+1","bard:Inspire+1","bard:StudiedStrike+1","bard:FalseLife+1","bard:GreaterMagicWeapon+1","bard:Sonata+1","bard:MantleOfInspiration+1","bard:LifeDrain+1","bard:Rhapsody+1","bard:HarmoniousVoice+1","infinitespire:FutureSight+1","infinitespire:Collect+1","bard:Accelerando+1","bard:Sift+1","bard:Invisibility+1","bard:GreaterMagicWeapon+1","bard:Doot+1","bard:Encore+1","bard:SixFourTime+1","bard:MagnumOpus+1","bard:Heroism+1","bard:SixFourTime+1","bard:MantleOfInspiration+1","bard:Greatness+1","bard:Rhapsody+1","bard:Improv+1","J.A.X.+1","bard:SixFourTime+1","bard:SixFourTime+1","bard:SplendidForm+1","bard:Inspire+1","bard:MantleOfInspiration+1","bard:ReverseGravity+1","Finesse+1","bard:LifeDrain+1","ReplayTheSpireMod:Haul+1","bard:MagnumOpus+1","bard:Accelerando+1","bard:Demoralize+1","bard:StudiedStrike+1","infinitespire:Collect+1","bard:PowerWordStun+1","Pot Of Greed+1","Pot Of Greed+1","Pot Of Greed+1","Pot Of Greed+1","Ghostly+1","Ghostly+1","Ghostly+1","Ghostly+1","Ghostly+1","infinitespire:TheBestDefense+1","bard:LingeringPerformance+1","Master of Strategy+1"],"relics":["bard:PitchPipe","bard:BagPipes","NeowsBlessing","hubris:EvacipatedBox","hubris:FruitBowl","Letter Opener","hubris:MedicalManual","hubris:MysteriousPyramids","Replay:Wanted Poster","FossilizedHelix","Eternal Feather","Chameleon Ring","hubris:FunFungus","infinitespire:Broken Mirror","SacredBark","reliquary:Spinner","reliquary:PorcupineQuills","Replay:Kaleidoscope","Vajra","hubris:Backtick","hubris:64BitClover","bard:CoralOrchestra","Anchor","reliquary:CitrusReamer","hubris:EmptyBottle","Gremlin Horn","Molten Egg 2","Replay:Towering Pillar of Hats","hubris:CrystalStatue","Frozen Eye","Toxic Egg 2","ReplayTheSpireMod:Shallot","hubris:OldNail","reliquary:Ember","reliquary:Stiletto","Red Mask","Meat on the Bone","reliquary:Knoch","Whetstone","reliquary:SilkGlove","reliquary:PartyBalloon","Philosopher\u0027s Stone","Cauldron","Turnip","reliquary:ExpiredCoupon","Blood Vial","Golden Egg","ReplayTheSpireMod:ShopPack","Orichalcum","reliquary:ThirdArm","Happy Flower","Bloody Idol","Simple Rune","reliquary:GummyVitamins","hubris:CuriousFeather","Chemical X","Iron Hammer","hubris:TinFlute","Oddly Smooth Stone","hubris:Icosahedron","Bag of Marbles","DollysMirror","Replay:Ancient Bell","Grinning Jar","Replay:WaspNest","Ice Cream","Enchiridion","Ornamental Fan","Lee\u0027s Waffle","Bag of Preparation","reliquary:BallBearing","reliquary:RoseTintedGlasses","HornCleat","Bottled Flame","CeramicFish","infinitespire:PuzzleCube","reliquary:RosewoodLute","bard:ConductorsBaton","Regal Pillow"],"acts_visited":["Exordium","TheCity","TheBeyond","Exordium","TheCity","TheBeyond","Exordium","TheCity","TheBeyond"],"potions_floor_usage":[108,112,118,118,129,130,140,140],"damage_taken":[{"damage":0.0,"enemies":"2 Louse","floor":1.0,"turns":1.0},{"damage":0.0,"enemies":"Cultist","floor":5.0,"turns":1.0},{"damage":0.0,"enemies":"Lagavulin","floor":7.0,"turns":1.0},{"damage":0.0,"enemies":"Small Slimes","floor":10.0,"turns":4.0},{"damage":0.0,"enemies":"2 Fungi Beasts","floor":13.0,"turns":8.0},{"damage":3.0,"enemies":"Gremlin Gang","floor":14.0,"turns":8.0},{"damage":24.0,"enemies":"The Guardian","floor":16.0,"turns":10.0},{"damage":26.0,"enemies":"Spheric Guardian","floor":18.0,"turns":5.0},{"damage":13.0,"enemies":"3 Byrds","floor":20.0,"turns":7.0},{"damage":0.0,"enemies":"Cultist and Chosen","floor":22.0,"turns":1.0},{"damage":0.0,"enemies":"Gremlin Leader","floor":28.0,"turns":3.0},{"damage":0.0,"enemies":"Snecko","floor":30.0,"turns":3.0},{"damage":0.0,"enemies":"Slavers","floor":31.0,"turns":1.0},{"damage":0.0,"enemies":"Champ","floor":33.0,"turns":3.0},{"damage":0.0,"enemies":"3 Darklings","floor":35.0,"turns":2.0},{"damage":0.0,"enemies":"Orb Walker","floor":36.0,"turns":2.0},{"damage":0.0,"enemies":"Sphere and 2 Shapes","floor":38.0,"turns":2.0},{"damage":0.0,"enemies":"Jaw Worm Horde","floor":39.0,"turns":2.0},{"damage":3.0,"enemies":"R_Hoarder","floor":40.0,"turns":9.0},{"damage":9.0,"enemies":"Reptomancer","floor":42.0,"turns":3.0},{"damage":0.0,"enemies":"3 Darklings","floor":44.0,"turns":3.0},{"damage":0.0,"enemies":"Nightmare","floor":45.0,"turns":6.0},{"damage":0.0,"enemies":"4 Shapes","floor":46.0,"turns":4.0},{"damage":10.0,"enemies":"Jaw Worm Horde","floor":48.0,"turns":3.0},{"damage":0.0,"enemies":"hubris:GrandSnecko","floor":50.0,"turns":4.0},{"damage":0.0,"enemies":"Small Slimes","floor":52.0,"turns":2.0},{"damage":0.0,"enemies":"Lagavulin Event","floor":56.0,"turns":3.0},{"damage":0.0,"enemies":"Jaw Worm","floor":58.0,"turns":2.0},{"damage":0.0,"enemies":"2 Louse","floor":61.0,"turns":1.0},{"damage":0.0,"enemies":"Gremlin Gang","floor":62.0,"turns":1.0},{"damage":0.0,"enemies":"Lagavulin","floor":64.0,"turns":3.0},{"damage":0.0,"enemies":"Red Slaver","floor":65.0,"turns":2.0},{"damage":0.0,"enemies":"Fading Forest","floor":67.0,"turns":7.0},{"damage":12.0,"enemies":"Shell Parasite","floor":69.0,"turns":2.0},{"damage":0.0,"enemies":"Masked Bandits","floor":71.0,"turns":2.0},{"damage":0.0,"enemies":"2 Thieves","floor":72.0,"turns":3.0},{"damage":11.0,"enemies":"Snecko","floor":75.0,"turns":4.0},{"damage":18.0,"enemies":"Gremlin Leader","floor":79.0,"turns":4.0},{"damage":0.0,"enemies":"Shelled Parasite and Fungi","floor":81.0,"turns":1.0},{"damage":49.0,"enemies":"Champ","floor":84.0,"turns":4.0},{"damage":24.0,"enemies":"Orb Walker","floor":86.0,"turns":4.0},{"damage":83.0,"enemies":"2 Orb Walkers","floor":87.0,"turns":4.0},{"damage":57.0,"enemies":"3 Shapes","floor":89.0,"turns":4.0},{"damage":1.0,"enemies":"Transient","floor":90.0,"turns":5.0},{"damage":52.0,"enemies":"R_Hoarder","floor":92.0,"turns":3.0},{"damage":0.0,"enemies":"Writhing Mass","floor":95.0,"turns":1.0},{"damage":0.0,"enemies":"Sphere and 2 Shapes","floor":96.0,"turns":1.0},{"damage":47.0,"enemies":"Spire Growth","floor":97.0,"turns":4.0},{"damage":66,"enemies":"3 Darklings","floor":99,"turns":3},{"damage":28,"enemies":"Awakened One","floor":101,"turns":5},{"damage":11,"enemies":"Cultist","floor":103,"turns":3},{"damage":0,"enemies":"Small Slimes","floor":104,"turns":4},{"damage":1,"enemies":"2 Louse","floor":106,"turns":3},{"damage":40,"enemies":"Gremlin Nob","floor":108,"turns":4},{"damage":28,"enemies":"Blue Slaver","floor":112,"turns":3},{"damage":0,"enemies":"Gremlin Nob","floor":114,"turns":3},{"damage":0,"enemies":"Exordium Thugs","floor":115,"turns":1},{"damage":290,"enemies":"Hexaghost","floor":118,"turns":2},{"damage":0,"enemies":"Spheric Guardian","floor":120,"turns":2},{"damage":0,"enemies":"Book of Stabbing","floor":125,"turns":2},{"damage":0,"enemies":"3 Byrds","floor":129,"turns":2},{"damage":13,"enemies":"Centurion and Healer","floor":130,"turns":3},{"damage":0,"enemies":"Nightmare","floor":133,"turns":5},{"damage":0,"enemies":"Collector","floor":135,"turns":3},{"damage":0,"enemies":"3 Shapes","floor":137,"turns":2},{"damage":12,"enemies":"Orb Walker","floor":139,"turns":2},{"damage":0,"enemies":"Writhing Mass","floor":140,"turns":3},{"damage":0,"enemies":"Jaw Worm Horde","floor":141,"turns":2},{"damage":0,"enemies":"Nightmare_Alpha","floor":144,"turns":7},{"damage":0,"enemies":"Nemesis","floor":149,"turns":1}],"seed_played":"-7656541514557414660","potions_obtained":[{"floor":16.0,"key":"Reflective Coating"},{"floor":18.0,"key":"FairyPotion"},{"floor":22.0,"key":"Energy Potion"},{"floor":30.0,"key":"Ancient Potion"},{"floor":35.0,"key":"Fire Potion"},{"floor":36.0,"key":"Strength Potion"},{"floor":42.0,"key":"SneckoOil"},{"floor":45.0,"key":"LiquidBronze"},{"floor":48.0,"key":"Block Potion"},{"floor":50.0,"key":"Weak Potion"},{"floor":56.0,"key":"Toxic Potion"},{"floor":67.0,"key":"SpeedPotion"},{"floor":80.0,"key":"infinitespire:BlackPotion"},{"floor":80.0,"key":"infinitespire:BlackPotion"},{"floor":81.0,"key":"ColorlessPotion"},{"floor":87.0,"key":"Death Potion"},{"floor":90.0,"key":"SmokeBomb"},{"floor":99,"key":"SpeedPotion"},{"floor":101,"key":"DuplicationPotion"},{"floor":104,"key":"EntropicBrew"},{"floor":118,"key":"LifebloodPotion"},{"floor":135,"key":"Regen Potion"},{"floor":140,"key":"Elixir"}],"is_trial":false,"path_per_floor":["M","?","$","?","M","R","E","R","T","M","R","?","M","M","R","B",null,"M","?","M","AVR","M","R","T","?","T","R","E","R","M","E","R","B",null,"M","M","?","M","M","E","R","E","T","M","NM","M","?","M","R","B",null,"M","$","?","$","?","R","M","R","T","M","M","$","E","M","R","B",null,"M","?","?","M","?","R","M","T","T","$","E","AVR","M","?","R","B",null,"M","?","?","M","M","R","E","$","T","M","M","M","?","M","R","B",null,"M","M","?","M","$","E","R","$","T","M","?","?","M","AVR","R","B",null,"M","?","?","?","?","E","$","R","T","M","M","AVR","R","NM","R","B",null,"M","?","M","M","M","R","?","NM","T","NS","$","R","E"],"character_chosen":"BARD","items_purchased":["hubris:EvacipatedBox","hubris:FruitBowl","Letter Opener","bard:CoralOrchestra","Anchor","reliquary:CitrusReamer","bard:SixFourTime","hubris:EmptyBottle","Gremlin Horn","Molten Egg 2","bard:Heroism","bard:SixFourTime","bard:MantleOfInspiration","Frozen Eye","Toxic Egg 2","ReplayTheSpireMod:Shallot","Whetstone","reliquary:SilkGlove","bard:SixFourTime","Blood Vial","Golden Egg","ReplayTheSpireMod:ShopPack","bard:MantleOfInspiration","bard:ReverseGravity+1","Simple Rune","reliquary:GummyVitamins","Chemical X","Iron Hammer","hubris:TinFlute","Lee\u0027s Waffle","Bag of Preparation","reliquary:BallBearing","reliquary:RosewoodLute","bard:ConductorsBaton","Regal Pillow","Master of Strategy+1"],"campfire_rested":4,"item_purchase_floors":[3,3,3,53,53,53,53,55,55,55,55,55,63,63,63,63,78,78,78,78,93,93,93,93,107,107,110,110,110,126,126,126,147,147,147,147],"current_hp_per_floor":[70,70,15,15,15,36,36,36,36,36,57,57,57,54,70,96,120,94,94,81,81,81,81,81,120,120,120,120,120,120,120,120,120,120,120,120,120,120,120,117,120,111,111,111,115,115,115,106,118,120,120,120,120,120,120,120,120,120,120,120,120,120,120,120,120,120,120,120,109,109,113,113,113,120,113,113,113,113,99,99,99,99,117,70,120,96,31,31,120,120,120,68,68,68,70,72,41,41,189,250,228,250,244,250,188,191,191,162,250,250,250,224,224,229,231,231,250,225,250,250,234,234,234,63,63,73,73,73,73,65,65,73,73,73,73,73,73,73,66,73,73,73,73,73,73,73,73,73,73,73],"gold":4067,"neow_bonus":"THREE_ENEMY_KILL","is_daily":false,"chose_seed":false,"campfire_upgraded":19,"win_rate":0.0,"timestamp":1614237974,"path_taken":["M","?","?","?","M","R","E","R","T","M","R","?","M","M","R","BOSS","M","?","?","AVR","?","R","?","?","T","R","E","R","M","E","R","BOSS","M","M","?","M","M","E","R","E","T","M","NM","?","?","M","R","BOSS","M","$","?","?","?","R","M","R","T","M","M","$","E","M","R","BOSS","M","?","?","M","?","R","M","?","T","$","E","AVR","?","?","R","BOSS","M","?","?","?","?","R","E","$","T","?","M","M","?","M","R","BOSS","M","M","?","M","$","E","R","$","T","M","?","?","M","AVR","R","BOSS","M","?","?","?","?","E","$","R","T","M","M","AVR","R","NM","R","BOSS","M","?","M","M","?","R","?","NM","T","NS","?","R","E"],"items_purchased_type":["Relic","Relic","Relic","Relic","Relic","Relic","Card","Relic","Relic","Relic","Card","Card","Card","Relic","Relic","Relic","Relic","Relic","Card","Relic","Relic","Relic","Card","Card","Relic","Relic","Relic","Relic","Relic","Relic","Relic","Relic","Relic","Relic","Relic","Card"],"build_version":"2020-12-22","purchased_purges":0,"victory":false,"max_hp_per_floor":[70,70,70,70,70,70,70,70,70,70,70,70,70,70,70,120,120,120,120,120,120,120,120,120,120,120,120,120,120,120,120,120,120,120,120,120,120,120,120,120,120,120,120,120,120,120,120,120,120,120,120,120,120,120,120,120,120,120,120,120,120,120,120,120,120,120,120,120,120,120,120,120,120,120,120,120,120,120,120,120,120,120,120,120,120,120,120,120,120,120,120,120,120,120,120,120,120,120,250,250,250,250,250,250,250,250,250,250,250,250,250,250,250,250,250,250,250,250,250,250,250,250,250,63,63,73,73,73,73,73,73,73,73,73,73,73,73,73,73,73,73,73,73,73,73,73,73,73,73,73],"card_choices":[{"not_picked":["bard:FaerieFire","bard:QuickSong"],"picked":"bard:Parry","floor":1.0},{"not_picked":["bard:CuttingWords","bard:FeastOnFear","bard:TinyHut"],"picked":"SKIP","floor":5.0},{"not_picked":["bard:Demoralize","bard:InspiringSong"],"picked":"bard:GreaterMagicWeapon","floor":7.0},{"not_picked":["bard:CuttingWords","bard:LocateObject"],"picked":"bard:Sonata","floor":10.0},{"not_picked":["bard:OffKey","bard:CuttingWords"],"picked":"bard:MantleOfInspiration","floor":13.0},{"not_picked":["bard:Gamble","bard:LocateObject"],"picked":"bard:LifeDrain","floor":14.0},{"not_picked":["bard:CovetousAura","bard:Improv"],"picked":"bard:Rhapsody","floor":16.0},{"not_picked":["bard:Doot","bard:LingeringEcho+1"],"picked":"bard:Solo","floor":18.0},{"not_picked":["bard:Balestra+1","bard:Parry"],"picked":"bard:HarmoniousVoice","floor":20.0},{"not_picked":["bard:TinyHut","bard:PowerWordStun","bard:SongBolt"],"picked":"SKIP","floor":22.0},{"not_picked":["bard:Thunderwave","bard:StudiedStrike"],"picked":"bard:Wish","floor":28.0},{"not_picked":["bard:Fermata","bard:Thunderwave","bard:BucklerBash"],"picked":"SKIP","floor":30.0},{"not_picked":["bard:LifeDrain+1","bard:Thunderwave+1"],"picked":"bard:Sift","floor":31.0},{"not_picked":["bard:BottledSong","bard:Shifting"],"picked":"bard:Invisibility","floor":33.0},{"not_picked":["bard:Solo+1","bard:ViciousMockery","bard:FeastOnFear+1"],"picked":"SKIP","floor":35.0},{"not_picked":["bard:Solo+1","bard:Blink","bard:SongBolt+1"],"picked":"SKIP","floor":36.0},{"not_picked":["bard:GlyphOfWarding","bard:QuickSong","bard:FeastOnFear"],"picked":"SKIP","floor":38.0},{"not_picked":["bard:OffKey","bard:Demoralize","bard:ViciousMockery"],"picked":"SKIP","floor":39.0},{"not_picked":["bard:PhantasmalForce+1","bard:EchoEcho"],"picked":"bard:GreaterMagicWeapon","floor":40.0},{"not_picked":["bard:GuardPoint+1","bard:LingeringEcho"],"picked":"bard:BestowCurse+1","floor":42.0},{"not_picked":["bard:ViciousMockery","bard:HideousLaughter+1"],"picked":"bard:Doot+1","floor":44.0},{"not_picked":["bard:Parry+1","bard:Sift","bard:LingeringEcho"],"picked":"SKIP","floor":45.0},{"not_picked":["bard:Fermata","bard:EchoEcho","bard:HideousLaughter"],"picked":"SKIP","floor":46.0},{"not_picked":["bard:Gamble","bard:TinyHut","bard:ViciousMockery"],"picked":"SKIP","floor":48.0},{"not_picked":["bard:MnemonicVestments","bard:PowerWordStun"],"picked":"bard:Encore","floor":50.0},{"not_picked":["bard:LifeDrain","bard:FeastOnFear","bard:EnGarde"],"picked":"SKIP","floor":52.0},{"not_picked":["bard:FaerieFire","bard:LingeringEcho+1","bard:Gamble"],"picked":"SKIP","floor":58.0},{"not_picked":["bard:ViciousMockery+1","bard:OffKey+1","bard:Parry"],"picked":"SKIP","floor":61.0},{"not_picked":["bard:ThickOfTheFight+1","bard:TinyHut","bard:ViciousMockery+1"],"picked":"SKIP","floor":62.0},{"not_picked":["bard:ViciousMockery+1","bard:QuickSong+1"],"picked":"bard:Greatness+1","floor":64.0},{"not_picked":["bard:StudiedStrike+1","bard:Fermata+1"],"picked":"bard:Rhapsody+1","floor":65.0},{"not_picked":["bard:CovetousAura","bard:MnemonicVestments+1"],"picked":"bard:Improv+1","floor":67.0},{"not_picked":["bard:EchoEcho+1","bard:Aphasia+1","bard:Thunderwave+1"],"picked":"SKIP","floor":69.0},{"not_picked":["bard:HideousLaughter+1","bard:CuttingWords+1","bard:GreaterMagicWeapon"],"picked":"SKIP","floor":72.0},{"not_picked":["bard:GlyphOfWarding","bard:EchoEcho+1","bard:DervishDance+1"],"picked":"SKIP","floor":75.0},{"not_picked":["bard:Fermata+1","bard:HideousLaughter+1","bard:Greatness+1"],"picked":"SKIP","floor":79.0},{"not_picked":["bard:CuttingWords+1","bard:Sift+1"],"picked":"bard:SixFourTime","floor":81.0},{"not_picked":["bard:DeathMetal","bard:MnemonicVestments+1"],"picked":"bard:SplendidForm","floor":84.0},{"not_picked":["bard:FaerieFire+1","bard:QuickSong+1","bard:Sift+1"],"picked":"SKIP","floor":86.0},{"not_picked":["bard:BucklerBash+1","bard:Sift+1","bard:SplendidForm"],"picked":"SKIP","floor":89.0},{"not_picked":["bard:Fermata+1","bard:ViciousMockery+1","bard:InspiringSong+1"],"picked":"SKIP","floor":90.0},{"not_picked":["bard:LingeringEcho+1","bard:FalseLife+1","bard:SixFourTime+1"],"picked":"SKIP","floor":92.0},{"not_picked":["Replay:Sssssssssshield","Survey Options"],"picked":"Finesse","floor":93.0},{"not_picked":["bard:OffKey+1","bard:SongBolt+1"],"picked":"bard:LifeDrain+1","floor":97.0},{"not_picked":["ReplayTheSpireMod:Chaos Vortex","ReplayTheSpireMod:??????????????????????"],"picked":"ReplayTheSpireMod:Haul","floor":98.0},{"not_picked":["bard:Fermata+1","bard:PhantasmalForce+1","bard:EchoEcho+1"],"picked":"SKIP","floor":99},{"not_picked":["bard:SplendidForm","bard:Shifting+1"],"picked":"bard:MagnumOpus+1","floor":101},{"not_picked":["bard:FaerieFire+1","bard:LingeringPerformance+1","bard:LingeringEcho+1"],"picked":"SKIP","floor":103},{"not_picked":["bard:EchoEcho+1","bard:Silence+1","bard:Sift+1"],"picked":"SKIP","floor":104},{"not_picked":["bard:QuickSong+1","bard:PhantasmalForce+1","bard:GreaterMagicWeapon"],"picked":"SKIP","floor":106},{"not_picked":["bard:Flourish+1","bard:FeastOnFear+1","bard:SplendidForm"],"picked":"SKIP","floor":108},{"not_picked":["bard:Solo+1","bard:PhantasmalForce+1"],"picked":"bard:Accelerando+1","floor":112},{"not_picked":["bard:FeastOnFear+1","bard:BucklerBash+1"],"picked":"bard:Demoralize+1","floor":114},{"not_picked":["bard:QuickSong+1","bard:SongBolt+1","bard:MnemonicVestments+1"],"picked":"SKIP","floor":115},{"not_picked":["bard:Improv+1","bard:SplendidForm"],"picked":"bard:PowerWordStun+1","floor":118},{"not_picked":["Delirium","hubris:Compulsion"],"picked":"Doubt","floor":119},{"not_picked":["Normality","ReplayTheSpireMod:Splinters"],"picked":"Clumsy","floor":119},{"not_picked":["hubris:Compulsion","Writhe"],"picked":"ReplayTheSpireMod:IOU","floor":119},{"not_picked":["bard:LocateObject+1","bard:ViciousMockery+1","bard:Shout+1"],"picked":"SKIP","floor":120},{"not_picked":["bard:StudiedStrike+1","bard:PowerWordStun+1"],"picked":"bard:Aphasia+1","floor":125},{"not_picked":["bard:Aphasia+1","bard:Parry+1","bard:CuttingWords+1"],"picked":"SKIP","floor":129},{"not_picked":["bard:Sift+1","bard:DervishDance+1","bard:Aphasia+1"],"picked":"SKIP","floor":130},{"not_picked":["bard:DiscordantVoice","bard:Accelerando+1","bard:LocateObject+1"],"picked":"SKIP","floor":133},{"not_picked":["bard:Invisibility+1","bard:BottledSong+1"],"picked":"bard:Wish+1","floor":135},{"not_picked":["bard:PhantasmalForce+1","bard:TinyHut+1","bard:Fermata+1"],"picked":"SKIP","floor":137},{"not_picked":["bard:InspiringSong+1","bard:PhantasmalForce+1","bard:Sift+1"],"picked":"SKIP","floor":139},{"not_picked":["bard:Sift+1","bard:OffKey+1","bard:FirstStrike+1"],"picked":"SKIP","floor":140},{"not_picked":["bard:CuttingWords+1","bard:Parry+1","bard:FeastOnFear+1"],"picked":"SKIP","floor":141},{"not_picked":["bard:Heroism+1","bard:Greatness+1","bard:EchoEcho+1"],"picked":"SKIP","floor":144}],"player_experience":505357,"relics_obtained":[{"floor":7.0,"key":"hubris:MedicalManual"},{"floor":9.0,"key":"hubris:MysteriousPyramids"},{"floor":24.0,"key":"Eternal Feather"},{"floor":26.0,"key":"Chameleon Ring"},{"floor":28.0,"key":"hubris:FunFungus"},{"floor":31.0,"key":"infinitespire:Broken Mirror"},{"floor":40.0,"key":"reliquary:Spinner"},{"floor":42.0,"key":"reliquary:PorcupineQuills"},{"floor":43.0,"key":"Replay:Kaleidoscope"},{"floor":45.0,"key":"Vajra"},{"floor":56.0,"key":"Replay:Towering Pillar of Hats"},{"floor":60.0,"key":"hubris:CrystalStatue"},{"floor":64.0,"key":"hubris:OldNail"},{"floor":69.0,"key":"reliquary:Stiletto"},{"floor":71.0,"key":"Red Mask"},{"floor":76.0,"key":"Meat on the Bone"},{"floor":77.0,"key":"reliquary:Knoch"},{"floor":79.0,"key":"reliquary:PartyBalloon"},{"floor":87.0,"key":"Turnip"},{"floor":92.0,"key":"reliquary:ExpiredCoupon"},{"floor":94.0,"key":"Orichalcum"},{"floor":104,"key":"Happy Flower"},{"floor":108,"key":"hubris:CuriousFeather"},{"floor":111,"key":"Oddly Smooth Stone"},{"floor":114,"key":"Bag of Marbles"},{"floor":121,"key":"Enchiridion"},{"floor":125,"key":"Ornamental Fan"},{"floor":130,"key":"reliquary:RoseTintedGlasses"},{"floor":133,"key":"Bottled Flame"},{"floor":144,"key":"CeramicFish"},{"floor":145,"key":"infinitespire:PuzzleCube"}],"event_choices":[{"damage_healed":0.0,"max_hp_gain":0.0,"max_hp_loss":0.0,"gold_gain":0.0,"cards_transformed":["bard:Strike"],"event_name":"Transmorgrifier","player_choice":"Transformed","floor":2.0,"gold_loss":0.0,"damage_taken":0.0,"cards_obtained":["bard:StudiedStrike"]},{"damage_healed":0.0,"max_hp_gain":0.0,"max_hp_loss":0.0,"gold_gain":0.0,"event_name":"Liars Game","player_choice":"Ignored","floor":12.0,"gold_loss":0.0,"damage_taken":0.0},{"damage_healed":0.0,"max_hp_gain":0.0,"max_hp_loss":0.0,"gold_gain":0.0,"event_name":"The Joust","player_choice":"Bet on Murderer","floor":19.0,"gold_loss":50.0,"damage_taken":0.0},{"damage_healed":40.0,"max_hp_gain":0.0,"max_hp_loss":0.0,"gold_gain":0.0,"event_name":"The Library","player_choice":"Heal","floor":25.0,"gold_loss":0.0,"damage_taken":0.0},{"cards_removed":["bard:Solo"],"damage_healed":0.0,"max_hp_gain":0.0,"max_hp_loss":0.0,"gold_gain":0.0,"event_name":"Bonfire Elementals","player_choice":"Offered Uncommon","floor":37.0,"gold_loss":0.0,"damage_taken":0.0},{"damage_healed":0.0,"max_hp_gain":0.0,"max_hp_loss":0.0,"gold_gain":0.0,"event_name":"SensoryStone","player_choice":"Memory 1","floor":47.0,"gold_loss":0.0,"damage_taken":0.0},{"damage_healed":0.0,"max_hp_gain":0.0,"max_hp_loss":0.0,"gold_gain":0.0,"event_name":"Match and Keep!","player_choice":"1 cards matched","floor":54.0,"gold_loss":0.0,"damage_taken":0.0,"cards_obtained":["bard:MagnumOpus"]},{"damage_healed":0.0,"max_hp_gain":0.0,"max_hp_loss":0.0,"gold_gain":30.0,"event_name":"Dead Adventurer","player_choice":"Searched \u00272\u0027 times","floor":56.0,"gold_loss":0.0,"damage_taken":0.0},{"damage_healed":0.0,"max_hp_gain":0.0,"max_hp_loss":0.0,"gold_gain":0.0,"event_name":"Masked Bandits","player_choice":"Fought Bandits","floor":71.0,"gold_loss":0.0,"damage_taken":0.0},{"damage_healed":0.0,"max_hp_gain":0.0,"max_hp_loss":0.0,"gold_gain":0.0,"event_name":"Drug Dealer","player_choice":"Obtain J.A.X.","floor":73.0,"gold_loss":0.0,"damage_taken":0.0,"cards_obtained":["J.A.X."]},{"damage_healed":0.0,"max_hp_gain":0.0,"max_hp_loss":0.0,"gold_gain":0.0,"event_name":"Mysterious Sphere","player_choice":"Fight","floor":87.0,"gold_loss":0.0,"damage_taken":0.0},{"damage_healed":0.0,"max_hp_gain":0.0,"max_hp_loss":0.0,"gold_gain":0.0,"event_name":"Match and Keep!","player_choice":"1 cards matched","floor":88.0,"gold_loss":0.0,"damage_taken":0.0,"cards_obtained":["bard:Inspire"]},{"damage_healed":0,"gold_gain":0,"player_choice":"Take Damage","damage_taken":62,"relics_obtained":["Golden Idol"],"max_hp_gain":0,"max_hp_loss":0,"event_name":"Golden Idol","floor":105,"gold_loss":0},{"damage_healed":0,"gold_gain":0,"player_choice":"Searched \u00272\u0027 times","damage_taken":0,"max_hp_gain":0,"max_hp_loss":0,"event_name":"Dead Adventurer","floor":114,"gold_loss":0},{"damage_healed":0,"gold_gain":0,"player_choice":"Obtained Book","damage_taken":16,"max_hp_gain":0,"max_hp_loss":0,"event_name":"Cursed Tome","floor":121,"gold_loss":0},{"cards_removed":["Doubt"],"damage_healed":0,"gold_gain":0,"player_choice":"Elegance","damage_taken":0,"max_hp_gain":0,"max_hp_loss":0,"event_name":"Back to Basics","floor":122,"gold_loss":0},{"damage_healed":0,"gold_gain":0,"player_choice":"Gave Idol","damage_taken":0,"relics_obtained":["Bloody Idol"],"max_hp_gain":0,"max_hp_loss":0,"event_name":"Forgotten Altar","floor":123,"relics_lost":["Golden Idol"],"gold_loss":0},{"damage_healed":0,"gold_gain":0,"player_choice":"Became a Ghost","damage_taken":0,"max_hp_gain":0,"max_hp_loss":125,"event_name":"Ghosts","floor":124,"gold_loss":0,"cards_obtained":["Ghostly","Ghostly","Ghostly","Ghostly","Ghostly"]},{"cards_removed":["Clumsy"],"damage_healed":0,"gold_gain":0,"player_choice":"Purged","damage_taken":0,"max_hp_gain":0,"max_hp_loss":0,"event_name":"Purifier","floor":138,"gold_loss":0},{"cards_removed":["bard:BestowCurse"],"damage_healed":0,"gold_gain":0,"player_choice":"Offered Uncommon","damage_taken":0,"max_hp_gain":0,"max_hp_loss":0,"event_name":"Bonfire Elementals","floor":143,"gold_loss":0}],"is_beta":false,"boss_relics":[{"not_picked":["Coffee Dripper","Ectoplasm","reliquary:ThirdArm"],"picked":"Replay:Wanted Poster"},{"not_picked":["hubris:BlackHole","bard:DeepVero","hubris:CrackedHourglass"],"picked":"SacredBark"},{"not_picked":["Cursed Key","Empty Cage","reliquary:WritOfMandamus"],"picked":"hubris:Backtick"},{"not_picked":["Runic Pyramid","hubris:VirtuousBlindfold","energizedSpire:OgreHead"],"picked":"reliquary:Ember"},{"not_picked":["Empty Cage","energizedSpire:EnergizedDie","ReplayTheSpireMod:SealedPack","energizedSpire:SpiderWeb"]},{"not_picked":["hubris:CrackedHourglass","Velvet Choker","Astrolabe"],"picked":"reliquary:ThirdArm"},{"not_picked":["Cursed Key","Painkiller Herb","Busted Crown"],"picked":"Replay:Ancient Bell"},{"not_picked":["reliquary:TuningFork","Nunchaku","hubris:CrackedHourglass"],"picked":"Grinning Jar"},{"not_picked":["infinitespire:FocusingShard","hubris:Reverence","Empty Cage"],"picked":"Replay:WaspNest"},{"not_picked":["Dead Branch","infinitespire:Magic Flask","Pandora\u0027s Box"],"picked":"Ice Cream"},{"not_picked":["reliquary:KinkedSpring","Astrolabe","Snecko Eye","Replay:Drink Me"]}],"items_purged_floors":[],"is_endless":true,"potions_floor_spawned":[16,18,22,30,35,36,42,45,48,50,56,58,67,75,79,81,87,90,95,99,101,104,106,114,118,135,140],"killed_by":"Nemesis","ascension_level":1}}