{"host":"qiddgr1lyn3b7c88","time":1614221278,"event":{"mods":["Aspiration","BaseMod","Colored Map","Highlight Path","Minty Spire (QoL Compilation)","Replay The Spire","Shop Mod","StSLib","Synergy Search","The Alterego","egg"],"gold_per_floor":[117,132,151,151,167,167,179,192,192,217,17,17,42,55,55,160,160,177,117,117,132,132,132],"floor_reached":22,"language":"ENG","playtime":1069,"items_purged":["Strike_B"],"score":335,"play_id":"c31b2e70-003c-4bdb-996a-2dd67b863b61","local_time":"20210224214758","is_ascension_mode":true,"campfire_choices":[{"data":"TalkToTheHand","floor":6,"key":"SMITH"},{"data":"Static Discharge","floor":12,"key":"SMITH"},{"data":"Beam Cell","floor":15,"key":"SMITH"}],"circlet_count":0,"master_deck":["AscendersBane","Strike_B","Strike_B","Strike_B","Defend_B","Defend_B","Defend_B","Defend_B","Zap","Dualcast","Ball Lightning","Ball Lightning","TalkToTheHand+1","Rebound","Chill","Recycle","Stack","Conserve Battery","ClearTheMind","Acrobatics","Biased Cognition","Cold Snap","Static Discharge+1","Beam Cell+1","Echo Form","Fusion+1","Go for the Eyes","Biased Cognition"],"relics":["FrozenCore","aspiration:Nostalgia","Replay:M_StaffOfTheSnake","Toy Ornithopter","aspiration:Lifesprig","BargainBundle","aspiration:HatOfInfinitePower"],"acts_visited":["Exordium","TheCity"],"potions_floor_usage":[3,10,13,16,19],"damage_taken":[{"damage":1,"enemies":"Cultist","floor":1,"turns":3},{"damage":5,"enemies":"2 Louse","floor":2,"turns":2},{"damage":5,"enemies":"Small Slimes","floor":3,"turns":2},{"damage":0,"enemies":"Exordium Thugs","floor":5,"turns":3},{"damage":5,"enemies":"Looter","floor":7,"turns":3},{"damage":5,"enemies":"2 Fungi Beasts","floor":8,"turns":3},{"damage":0,"enemies":"3 Sentries","floor":10,"turns":7},{"damage":11,"enemies":"Replay:BlueRogue","floor":13,"turns":4},{"damage":2,"enemies":"Lots of Slimes","floor":14,"turns":4},{"damage":10,"enemies":"Slime Boss","floor":16,"turns":5},{"damage":11,"enemies":"Shell Parasite","floor":18,"turns":5},{"damage":11,"enemies":"2 Thieves","floor":19,"turns":4},{"damage":13,"enemies":"Centurion and Healer","floor":21,"turns":6},{"damage":42,"enemies":"3 Cultists","floor":22,"turns":6}],"seed_played":"893562946640552555","potions_obtained":[{"floor":1,"key":"FearPotion"},{"floor":2,"key":"LifebloodPotion"},{"floor":5,"key":"Elixir"},{"floor":14,"key":"PowerPotion"},{"floor":18,"key":"DistilledChaos"}],"is_trial":false,"path_per_floor":["M","M","M","?","M","R","M","M","T","E","$","R","E","M","R","B",null,"M","M","?","M","M"],"character_chosen":"DEFECT","items_purchased":["BargainBundle","Cold Snap","Static Discharge","Regen Potion","AttackPotion"],"campfire_rested":0,"item_purchase_floors":[11,11,11,11,11],"current_hp_per_floor":[67,62,57,57,57,57,52,47,47,52,52,52,58,56,56,51,69,58,52,52,39,0,0],"gold":132,"neow_bonus":"NOSTALGIA","is_daily":false,"chose_seed":false,"campfire_upgraded":3,"win_rate":0.0,"timestamp":1614221278,"path_taken":["M","M","?","?","M","R","M","M","T","E","$","R","E","M","R","BOSS","M","M","?","M","M"],"items_purchased_type":["Relic","Card","Card","Potion","Potion"],"build_version":"2020-12-22","purchased_purges":1,"victory":false,"max_hp_per_floor":[75,75,75,75,75,75,75,75,75,75,75,75,75,75,75,75,75,75,75,75,75,75,75],"card_choices":[{"not_picked":["Barrage","Lockon"],"picked":"Ball Lightning","floor":1},{"not_picked":["Aggregate","BasicCrystalCard"],"picked":"Ball Lightning","floor":2},{"not_picked":["Turbo","JustLucky"],"picked":"TalkToTheHand","floor":3},{"not_picked":["SashWhip","BasicCrystalCard"],"picked":"ClearTheMind","floor":5},{"not_picked":["Turbo","Redo"],"picked":"Acrobatics","floor":7},{"not_picked":["ReplayGash","Coolheaded"],"picked":"Biased Cognition","floor":8},{"not_picked":["ReplayTheSpireMod:Reroute Power","Rebound","Streamline"],"picked":"SKIP","floor":10},{"not_picked":["Double Energy","Time Bomb","BasicCrystalCard"],"picked":"SKIP","floor":13},{"not_picked":["Recycle","Force Field"],"picked":"Beam Cell","floor":14},{"not_picked":["Bullet Time","Tools of the Trade"],"picked":"Echo Form","floor":16},{"not_picked":["Turbo","Barrage"],"picked":"Fusion+1","floor":18},{"not_picked":["Rebound","Compile Driver"],"picked":"Go for the Eyes","floor":19},{"not_picked":["Turbo","Chill+1"],"picked":"Biased Cognition","floor":21}],"player_experience":1075236,"relics_obtained":[{"floor":9,"key":"Toy Ornithopter"},{"floor":10,"key":"aspiration:Lifesprig"},{"floor":13,"key":"aspiration:HatOfInfinitePower"}],"event_choices":[{"damage_healed":0,"gold_gain":0,"player_choice":"Ignored","damage_taken":0,"max_hp_gain":0,"max_hp_loss":0,"event_name":"Ghosts","floor":20,"gold_loss":0}],"is_beta":false,"boss_relics":[{"not_picked":["Ectoplasm","aspiration:RunicSpoon"],"picked":"FrozenCore"}],"items_purged_floors":[11],"is_endless":false,"potions_floor_spawned":[1,2,5,14,18],"killed_by":"3 Cultists","ascension_level":10}}