{"host":"x73jdofm2fk9hsud","time":1614226814,"event":{"mods":["BaseMod","Bestiary","Minty Spire (QoL Compilation)","Relic Stats","ojb\u0027s Better Paths Mod","ojb\u0027s Info Mod"],"gold_per_floor":[115,115,115,40,60,88,88,121,196,70,70,99,99,117,117,188,188,201,216,230,230,230,230,230,230],"floor_reached":24,"language":"ENG","playtime":920,"items_purged":["Pain"],"score":424,"play_id":"a2c106db-1eb1-442d-9c9b-47f363eee41e","local_time":"20210224232014","is_ascension_mode":true,"campfire_choices":[{"floor":7,"key":"REST"},{"data":"Rampage","floor":13,"key":"SMITH"},{"data":"Double Tap","floor":15,"key":"SMITH"},{"floor":23,"key":"REST"}],"circlet_count":0,"master_deck":["AscendersBane","Strike_R","Strike_R","Strike_R","Strike_R","Strike_R","Defend_R","Defend_R","Defend_R","Defend_R","Bash","Reaper","Iron Wave","Rampage+1","Double Tap+1","Reaper","Armaments","Impervious","Headbutt","Limit Break","Carnage","Intimidate+1"],"relics":["Burning Blood","Nunchaku","WarpedTongs","Pen Nib","Torii","The Courier","DollysMirror","Kunai","Fusion Hammer","Nilry\u0027s Codex","Oddly Smooth Stone"],"acts_visited":["Exordium","TheCity"],"potions_floor_usage":[6,12,20],"damage_taken":[{"damage":2,"enemies":"2 Louse","floor":1,"turns":3},{"damage":7,"enemies":"Jaw Worm","floor":5,"turns":5},{"damage":45,"enemies":"3 Sentries","floor":6,"turns":9},{"damage":32,"enemies":"Gremlin Nob","floor":8,"turns":4},{"damage":13,"enemies":"3 Sentries","floor":12,"turns":6},{"damage":6,"enemies":"Cultist","floor":14,"turns":4},{"damage":7,"enemies":"The Guardian","floor":16,"turns":15},{"damage":44,"enemies":"3 Byrds","floor":18,"turns":8},{"damage":29,"enemies":"Spheric Guardian","floor":19,"turns":6},{"damage":24,"enemies":"Chosen and Byrds","floor":20,"turns":7},{"damage":43,"enemies":"Slavers","floor":24,"turns":3}],"seed_played":"-637505922560142084","potions_obtained":[{"floor":5,"key":"PowerPotion"},{"floor":8,"key":"SteroidPotion"},{"floor":19,"key":"DistilledChaos"},{"floor":20,"key":"Explosive Potion"}],"is_trial":false,"path_per_floor":["M","?","?","$","M","E","R","E","T","$","?","E","R","M","R","B",null,"M","M","M","?","T","R","E"],"character_chosen":"IRONCLAD","items_purchased":["DollysMirror"],"campfire_rested":2,"item_purchase_floors":[10],"current_hp_per_floor":[62,44,44,44,47,20,42,22,22,22,22,41,41,49,49,58,71,40,22,36,15,15,37,0,0],"gold":230,"neow_bonus":"THREE_RARE_CARDS","is_daily":false,"chose_seed":false,"campfire_upgraded":2,"win_rate":0.0,"timestamp":1614226814,"path_taken":["M","?","?","$","?","E","R","E","T","$","?","E","R","M","R","BOSS","M","?","?","?","?","R","E"],"items_purchased_type":["Relic"],"build_version":"2020-12-22","purchased_purges":1,"victory":false,"max_hp_per_floor":[75,75,75,75,75,75,75,75,75,75,75,75,75,75,75,75,75,75,75,75,75,75,75,75,75],"relic_stats":{"Nunchaku":[12],"Torii":28,"counters":[11,70],"Pen Nib":[10],"Kunai":[16],"obtain_stats":[{"Nunchaku":2,"Torii":8,"DollysMirror":10,"Nilry\u0027s Codex":21,"Oddly Smooth Stone":22,"Pen Nib":6,"The Courier":9,"Fusion Hammer":17,"Kunai":12,"Burning Blood":0,"WarpedTongs":3},{"Nunchaku":1,"Torii":4,"DollysMirror":4,"Nilry\u0027s Codex":10,"Oddly Smooth Stone":10,"Pen Nib":3,"The Courier":4,"Fusion Hammer":7,"Kunai":5,"Burning Blood":0,"WarpedTongs":1},{"Nunchaku":3,"Torii":21,"DollysMirror":21,"Nilry\u0027s Codex":67,"Oddly Smooth Stone":67,"Pen Nib":17,"The Courier":21,"Fusion Hammer":46,"Kunai":27,"Burning Blood":0,"WarpedTongs":3}],"Burning Blood":60,"WarpedTongs":[61]},"card_choices":[{"not_picked":["Double Tap","Exhume"],"picked":"Reaper","floor":0},{"not_picked":["Warcry","Cleave"],"picked":"Iron Wave","floor":1},{"not_picked":["Body Slam","Iron Wave"],"picked":"Rampage","floor":5},{"not_picked":["Twin Strike","Perfected Strike"],"picked":"Double Tap","floor":6},{"not_picked":["Wild Strike","Warcry","Iron Wave"],"picked":"SKIP","floor":8},{"not_picked":["Dark Embrace","Pummel"],"picked":"Impervious","floor":12},{"not_picked":["Cleave","Flex"],"picked":"Headbutt","floor":14},{"not_picked":["Barricade","Berserk"],"picked":"Limit Break","floor":16},{"not_picked":["Bloodletting","Body Slam"],"picked":"Carnage","floor":18},{"not_picked":["Clash","Clothesline"],"picked":"Intimidate+1","floor":19},{"not_picked":["Dropkick","Sword Boomerang","Rampage"],"picked":"SKIP","floor":20}],"player_experience":5425106,"relics_obtained":[{"floor":6,"key":"Pen Nib"},{"floor":8,"key":"Torii"},{"floor":9,"key":"The Courier"},{"floor":12,"key":"Kunai"},{"floor":21,"key":"Nilry\u0027s Codex"},{"floor":22,"key":"Oddly Smooth Stone"}],"event_choices":[{"damage_healed":0,"gold_gain":0,"player_choice":"Success","damage_taken":18,"relics_obtained":["Nunchaku"],"max_hp_gain":0,"max_hp_loss":0,"event_name":"Scrap Ooze","floor":2,"gold_loss":0},{"damage_healed":0,"gold_gain":0,"player_choice":"Rummage","damage_taken":0,"relics_obtained":["WarpedTongs"],"max_hp_gain":0,"max_hp_loss":0,"event_name":"Accursed Blacksmith","floor":3,"gold_loss":0,"cards_obtained":["Pain"]},{"damage_healed":0,"gold_gain":0,"player_choice":"1 cards matched","damage_taken":0,"max_hp_gain":0,"max_hp_loss":0,"event_name":"Match and Keep!","floor":11,"gold_loss":0,"cards_obtained":["Armaments"]},{"damage_healed":0,"gold_gain":0,"player_choice":"Obtained Book","damage_taken":21,"max_hp_gain":0,"max_hp_loss":0,"event_name":"Cursed Tome","floor":21,"gold_loss":0}],"is_beta":false,"boss_relics":[{"not_picked":["SacredBark","Astrolabe"],"picked":"Fusion Hammer"}],"items_purged_floors":[4],"is_endless":false,"potions_floor_spawned":[5,8,19,20],"killed_by":"Slavers","ascension_level":20}}