{"host":"0ueeacaatm8t6jyh","time":1614269771,"event":{"mods":["AchievementEnabler","BaseMod","Colored Powertips","Minty Spire (QoL Compilation)","Quick Restart","Rare Cards Sparkle","Shop Mod","StSLib"],"gold_per_floor":[110,7,157,82,82,99,109,109,109,109],"floor_reached":9,"language":"ZHS","playtime":239,"items_purged":["Strike_G"],"score":99,"play_id":"4e002111-e246-4983-be26-04cef688dbb6","local_time":"20210226001611","is_ascension_mode":true,"campfire_choices":[{"data":"Acrobatics","floor":8.0,"key":"SMITH"}],"circlet_count":0,"master_deck":["AscendersBane","Strike_G","Strike_G","Strike_G","Strike_G","Defend_G","Defend_G","Defend_G","Defend_G","Defend_G","Survivor","Neutralize","Grand Finale","Acrobatics","Acrobatics+1"],"relics":["Ring of the Snake"],"acts_visited":["Exordium"],"potions_floor_usage":[],"damage_taken":[{"damage":20.0,"enemies":"Jaw Worm","floor":1.0,"turns":8.0},{"damage":1.0,"enemies":"2 Louse","floor":6.0,"turns":4.0},{"damage":14.0,"enemies":"Cultist","floor":7.0,"turns":6.0},{"damage":0,"enemies":"3 Sentries","floor":9,"turns":1}],"seed_played":"-2611037941639818472","potions_obtained":[],"is_trial":false,"path_per_floor":["M","$","?","?","?","M","M","R","E"],"character_chosen":"THE_SILENT","items_purchased":["Acrobatics"],"campfire_rested":0,"item_purchase_floors":[2],"current_hp_per_floor":[39,39,39,39,39,38,24,24,24,24],"gold":109,"neow_bonus":"THREE_RARE_CARDS","is_daily":false,"chose_seed":false,"campfire_upgraded":1,"win_rate":0.0,"timestamp":1614269771,"path_taken":["M","$","?","?","?","?","M","R","E"],"items_purchased_type":["Card"],"build_version":"2020-12-22","purchased_purges":1,"victory":false,"max_hp_per_floor":[60,60,60,60,60,60,60,60,60,60],"card_choices":[{"not_picked":["After Image","Malaise"],"picked":"Grand Finale","floor":0.0},{"not_picked":["PiercingWail","Dagger Spray","Blade Dance"],"picked":"SKIP","floor":1.0},{"not_picked":["Slice","Flying Knee","Bane"],"picked":"SKIP","floor":6.0},{"not_picked":["Expertise","Slice"],"picked":"Acrobatics","floor":7.0}],"player_experience":584197,"relics_obtained":[],"event_choices":[{"damage_healed":0.0,"max_hp_gain":0.0,"max_hp_loss":0.0,"gold_gain":150.0,"event_name":"Liars Game","player_choice":"AGREE","floor":3.0,"gold_loss":0.0,"damage_taken":0.0,"cards_obtained":["Doubt"]},{"cards_removed":["Doubt"],"damage_healed":0.0,"max_hp_gain":0.0,"max_hp_loss":0.0,"gold_gain":0.0,"event_name":"The Cleric","player_choice":"Card Removal","floor":4.0,"gold_loss":75.0,"damage_taken":0.0},{"damage_healed":0.0,"max_hp_gain":0.0,"max_hp_loss":0.0,"gold_gain":0.0,"event_name":"Match and Keep!","player_choice":"0 cards matched","floor":5.0,"gold_loss":0.0,"damage_taken":0.0,"cards_obtained":[]}],"is_beta":false,"boss_relics":[],"items_purged_floors":[2],"is_endless":false,"potions_floor_spawned":[],"killed_by":"3 Sentries","ascension_level":19}}