{"host":"mpmrkodj3c25wi13","time":1614230052,"event":{"mods":["AlwaysNeverKeys","Aspiration","BaseMod","Beaked The Cultist","Better Altar","Better Match","Better Note","Better Sensory Stone","Better Skull","Better Third Choice","Clockwork Mod","Colored Map","Conspire","Custom Start","Downfall","Energized Spire","Friendly Minions","GifTheSpireLib","Googly Eyes","Halation","Hubris","Infinite Spire","Minty Spire (QoL Compilation)","Relic Sorter","Reliquary","Replay The Spire","Robot Space Explorer","StSLib","Stuff the Spire","The IronCluck","slay the spire mod where everything is the same but ironclad has a cowboy hat"],"gold_per_floor":[116,43,43,56,56,88,100,110,110,110,42,42,73,73,73,174,174,194,194,209,220,111,111,129,129,129,44,62,62,62,62,62,62,62,166,166,176,176,76,0,0,0,33,46,94,94,113,113,113,132,132,132,132,132,89,121,121],"floor_reached":58,"language":"ENG","playtime":4136,"items_purged":["RobotSpaceExplorer:Strike","RobotSpaceExplorer:Strike","RobotSpaceExplorer:Defend"],"score":1291,"play_id":"b147b0cc-9787-42da-b9d2-99fc5060095b","local_time":"20210225001412","is_ascension_mode":false,"campfire_choices":[{"data":"RobotSpaceExplorer:DoubleFind","floor":10,"key":"SMITH"},{"data":"RobotSpaceExplorer:StarDust","floor":12,"key":"SMITH"},{"data":"RobotSpaceExplorer:StarLightning","floor":15,"key":"SMITH"},{"data":"RobotSpaceExplorer:MiniBoosters","floor":23,"key":"SMITH"},{"floor":25,"key":"REST"},{"floor":30,"key":"REST"},{"floor":34,"key":"REST"},{"data":"RobotSpaceExplorer:TrailblazerForm","floor":42,"key":"SMITH"},{"data":"Replay:Fractal Strike","floor":46,"key":"SMITH"},{"data":"StuffTheSpire:BrainWave","floor":49,"key":"SMITH"},{"data":"Replay:Fractal Strike","floor":51,"key":"SMITH"},{"data":"RobotSpaceExplorer:MiniDrones","floor":54,"key":"SMITH"}],"circlet_count":0,"master_deck":["RobotSpaceExplorer:Strike","RobotSpaceExplorer:Defend+1","RobotSpaceExplorer:Defend","RobotSpaceExplorer:Defend+1","RobotSpaceExplorer:Scan","RobotSpaceExplorer:MiniLasers","RobotSpaceExplorer:StarDust+1","RobotSpaceExplorer:DoubleFind+1","RobotSpaceExplorer:MiniDrones+1","RobotSpaceExplorer:StarLightning+1","RobotSpaceExplorer:Pulsar","RobotSpaceExplorer:GearShield","Replay:Fractal Strike+1","beaked:CrazyRituals+1","RobotSpaceExplorer:MiniBoosters+1","Replay:Fractal Strike+1","RobotSpaceExplorer:TrailblazerForm+1","RobotSpaceExplorer:JunkDive+1","Madness+1","RobotSpaceExplorer:MiniBoosters+1","StuffTheSpire:BrainWave+1","RobotSpaceExplorer:ScrapToss+1","RobotSpaceExplorer:MiniBoosters"],"relics":["StuffTheSpire:OccultApparatus","NeowsBlessing","aspiration:BabyByrd","halation:LettersToHer","StuffTheSpire:Gunfinga","hubris:ToyBattleship","beaked:SacredDeck","Gremlin Horn","halation:Toothbrush","Toxic Egg 2","hubris:VirtuousBlindfold","SlaversCollar","Red Mask","Blue Doll","reliquary:SilkGlove","halation:SelfBoilingWater"],"acts_visited":["Exordium","TheCity","TheBeyond","TheEnding"],"potions_floor_usage":[21,21,21,24,28,43,44,52,57],"damage_taken":[{"damage":0,"enemies":"2 Louse","floor":1,"turns":1},{"damage":0,"enemies":"Jaw Worm","floor":4,"turns":1},{"damage":0,"enemies":"Replay:BlueRogue","floor":6,"turns":1},{"damage":0,"enemies":"Small Slimes","floor":7,"turns":3},{"damage":1,"enemies":"Exordium Wildlife","floor":8,"turns":5},{"damage":0,"enemies":"3 Sentries","floor":13,"turns":5},{"damage":9,"enemies":"The Guardian","floor":16,"turns":6},{"damage":24,"enemies":"Spheric Guardian","floor":18,"turns":4},{"damage":0,"enemies":"3 Byrds","floor":20,"turns":5},{"damage":17,"enemies":"3 Cultists","floor":21,"turns":5},{"damage":18,"enemies":"Snake Plant","floor":24,"turns":3},{"damage":3,"enemies":"Shelled Parasite and Fungi","floor":28,"turns":5},{"damage":0,"enemies":"Collector","floor":35,"turns":6},{"damage":9,"enemies":"Orb Walker","floor":37,"turns":4},{"damage":0,"enemies":"Reptomancer","floor":43,"turns":4},{"damage":6,"enemies":"3 Darklings","floor":44,"turns":3},{"damage":0,"enemies":"Transient","floor":47,"turns":5},{"damage":0,"enemies":"4 Shapes","floor":50,"turns":2},{"damage":22,"enemies":"infinitespire:MassOfShapes","floor":52,"turns":5},{"damage":0,"enemies":"Shield and Spear","floor":56,"turns":3},{"damage":23,"enemies":"The Heart","floor":57,"turns":9}],"seed_played":"-4098407981618054804","potions_obtained":[{"floor":1,"key":"AttackPotion"},{"floor":6,"key":"PowerPotion"},{"floor":13,"key":"hexamod:SoulburnPotion"},{"floor":18,"key":"Languid Potion"},{"floor":21,"key":"Death Potion"},{"floor":24,"key":"Block Potion"},{"floor":37,"key":"Swift Potion"},{"floor":50,"key":"sneckomod:MuddlingPotion"}],"is_trial":false,"path_per_floor":["M","$","?","M","?","E","M","M","T","R","$","R","E","$","R","B",null,"M","?","M","M","$","R","M","R","T","?","M","AVR","R","PTL","PTL","?","R","B",null,"M","?","$","?","?","R","E","M","T","R","M","?","R","M","R_BF","B",null,"R","$","E","B",null],"character_chosen":"RobotSpaceExplorer","items_purchased":["RobotSpaceExplorer:DoubleFind","RobotSpaceExplorer:GearShield","RobotSpaceExplorer:MiniBoosters","RobotSpaceExplorer:ScrapToss+1"],"campfire_rested":3,"item_purchase_floors":[2,11,22,55],"current_hp_per_floor":[75,75,75,75,75,75,75,74,74,74,74,74,74,74,74,65,75,51,51,51,34,34,34,16,38,38,38,35,38,61,61,61,38,61,61,78,69,54,57,57,65,65,65,59,59,59,59,59,59,59,59,37,73,73,73,73,50],"gold":121,"neow_bonus":"THREE_ENEMY_KILL","is_daily":false,"chose_seed":false,"campfire_upgraded":9,"win_rate":0.0,"timestamp":1614230052,"path_taken":["M","$","?","M","?","E","M","M","T","R","$","R","E","?","R","BOSS","M","?","M","M","$","R","M","R","T","?","M","AVR","R","PTL","PTL","?","R","BOSS","M","?","$","?","?","R","E","?","T","R","M","?","R","M","R_BF","BOSS","R","$","E","BOSS"],"items_purchased_type":["Card","Card","Card","Card"],"build_version":"2020-12-13","purchased_purges":3,"victory":true,"max_hp_per_floor":[75,75,75,75,75,75,75,75,75,75,75,75,75,75,75,75,75,75,75,75,75,75,75,75,75,75,75,75,78,78,78,78,78,78,78,78,78,78,81,81,81,81,81,81,81,81,81,73,73,73,73,73,73,73,73,73,73],"card_choices":[{"not_picked":["RobotSpaceExplorer:SurgingStrike","RobotSpaceExplorer:PowerGlove"],"picked":"RobotSpaceExplorer:StarDust","floor":1},{"not_picked":["RobotSpaceExplorer:FrostMissile","RobotSpaceExplorer:SlimeMissile"],"picked":"RobotSpaceExplorer:MiniDrones","floor":4},{"not_picked":["RobotSpaceExplorer:ShockKick","RobotSpaceExplorer:Scanner"],"picked":"RobotSpaceExplorer:StarLightning","floor":6},{"not_picked":["RobotSpaceExplorer:StunGrenade","RobotSpaceExplorer:Blitz","RobotSpaceExplorer:Electropulse"],"picked":"SKIP","floor":7},{"not_picked":["RobotSpaceExplorer:ShockKick","RobotSpaceExplorer:Probe"],"picked":"RobotSpaceExplorer:Pulsar","floor":8},{"not_picked":["RobotSpaceExplorer:FranticSearch","RobotSpaceExplorer:ImprovisedAttack","RobotSpaceExplorer:ScrapShield"],"picked":"SKIP","floor":13},{"not_picked":["RobotSpaceExplorer:Blaster","RobotSpaceExplorer:HighVoltage"],"picked":"RobotSpaceExplorer:Wormhole","floor":16},{"not_picked":["RobotSpaceExplorer:DoubleBlock","RobotSpaceExplorer:FrostMissile","RobotSpaceExplorer:Probe"],"picked":"SKIP","floor":18},{"not_picked":["RobotSpaceExplorer:SurgingShield","RobotSpaceExplorer:ImprovisedAttack","RobotSpaceExplorer:Blaster"],"picked":"SKIP","floor":20},{"not_picked":["RobotSpaceExplorer:MakeshiftVolley+1","RobotSpaceExplorer:Jetpack+1","RobotSpaceExplorer:SlimeMissile"],"picked":"SKIP","floor":21},{"not_picked":["RobotSpaceExplorer:SwiftStep","RobotSpaceExplorer:ShovelStrike","RobotSpaceExplorer:SurgingShield"],"picked":"SKIP","floor":24},{"not_picked":["RobotSpaceExplorer:DualCore","RobotSpaceExplorer:MetalStrike","RobotSpaceExplorer:MakeshiftVolley"],"picked":"SKIP","floor":28},{"not_picked":["RobotSpaceExplorer:Arsenal+1","RobotSpaceExplorer:Explosion"],"picked":"RobotSpaceExplorer:TrailblazerForm","floor":35},{"not_picked":["RobotSpaceExplorer:SwiftStep+1","RobotSpaceExplorer:Probe+1"],"picked":"RobotSpaceExplorer:JunkDive+1","floor":37},{"not_picked":["RobotSpaceExplorer:Pulsar+1","RobotSpaceExplorer:ShockKick+1","RobotSpaceExplorer:PowerGlove"],"picked":"SKIP","floor":43},{"not_picked":["RobotSpaceExplorer:IronShell+1","RobotSpaceExplorer:FranticSearch+1"],"picked":"RobotSpaceExplorer:MiniBoosters+1","floor":44},{"not_picked":["RobotSpaceExplorer:Calculate+1","RobotSpaceExplorer:Reload+1","RobotSpaceExplorer:StunGrenade+1"],"picked":"SKIP","floor":47},{"not_picked":["RobotSpaceExplorer:JunkDive+1","RobotSpaceExplorer:FranticSearch+1","RobotSpaceExplorer:LaserBurst+1"],"picked":"SKIP","floor":50},{"not_picked":["RobotSpaceExplorer:JunkDive+1","RobotSpaceExplorer:Ammunition+1"],"picked":"RobotSpaceExplorer:MiniBoosters","floor":56}],"player_experience":32568,"relics_obtained":[{"floor":6,"key":"halation:LettersToHer"},{"floor":9,"key":"halation:LettersToHer"},{"floor":9,"key":"StuffTheSpire:Gunfinga"},{"floor":13,"key":"hubris:ToyBattleship"},{"floor":26,"key":"halation:LettersToHer"},{"floor":26,"key":"Gremlin Horn"},{"floor":43,"key":"Blue Doll"},{"floor":45,"key":"halation:LettersToHer"},{"floor":45,"key":"reliquary:SilkGlove"},{"floor":56,"key":"halation:SelfBoilingWater"}],"event_choices":[{"cards_removed":["RobotSpaceExplorer:DoubleFind"],"damage_healed":0,"gold_gain":0,"player_choice":"Take \u0026 Give","damage_taken":0,"max_hp_gain":0,"max_hp_loss":0,"event_name":"betterNote:BetterNote","floor":19,"gold_loss":0,"cards_obtained":["beaked:CrazyRituals"]},{"damage_healed":0,"gold_gain":0,"player_choice":"Obtained Relic","damage_taken":0,"relics_obtained":["halation:Toothbrush"],"max_hp_gain":0,"max_hp_loss":0,"event_name":"Addict","floor":27,"gold_loss":85},{"damage_healed":0,"gold_gain":0,"player_choice":"UP UP ","damage_taken":27,"relics_obtained":[],"max_hp_gain":0,"max_hp_loss":0,"event_name":"betterSkull:BetterSkull","floor":33,"gold_loss":0,"cards_upgraded":["RobotSpaceExplorer:Defend","RobotSpaceExplorer:Defend"]},{"damage_healed":0,"gold_gain":3,"player_choice":"2","damage_taken":0,"max_hp_gain":0,"max_hp_loss":15,"event_name":"betterStone:BetterStone","floor":38,"gold_loss":0},{"damage_healed":0,"gold_gain":0,"player_choice":"Paid","damage_taken":0,"relics_obtained":["Red Mask"],"max_hp_gain":0,"max_hp_loss":0,"event_name":"Tomb of Lord Red Mask","floor":40,"gold_loss":76}],"is_beta":false,"boss_relics":[{"not_picked":["ChewingGum","aspiration:BeakedSkillbook"],"picked":"beaked:SacredDeck"},{"not_picked":["ReplayTheSpireMod:SealedPack","reliquary:Ember"],"picked":"SlaversCollar"}],"items_purged_floors":[22,29,39],"is_endless":false,"potions_floor_spawned":[1,6,13,18,21,24,37,50],"ascension_level":0}}