{"host":"lsq35p0sdkx2xifo","time":1614223471,"event":{"mods":["AchievementEnabler","BaseMod","Highlight Path","Minty Spire (QoL Compilation)","StSLib"],"gold_per_floor":[362,382,144,162,162,200,39,39,39,62,62,83,83,127,127,127,127],"floor_reached":16,"language":"ENG","playtime":558,"items_purged":["Shame"],"score":224,"play_id":"fece5553-7d1a-4989-8a57-58e65effcddd","local_time":"20210224192431","is_ascension_mode":true,"campfire_choices":[{"floor":8,"key":"REST"},{"floor":11,"key":"REST"},{"floor":15,"key":"REST"}],"circlet_count":0,"master_deck":["AscendersBane","Strike_R","Strike_R","Strike_R","Strike_R","Strike_R","Defend_R","Defend_R","Defend_R","Defend_R","Bash","Dropkick","Heavy Blade","Fire Breathing","Pommel Strike","Wild Strike"],"relics":["Burning Blood","Vajra","Golden Idol","Self Forming Clay","Strawberry","Toxic Egg 2","Turnip"],"acts_visited":["Exordium"],"potions_floor_usage":[6,10,13],"damage_taken":[{"damage":5,"enemies":"2 Louse","floor":1,"turns":3},{"damage":21,"enemies":"Jaw Worm","floor":2,"turns":5},{"damage":10,"enemies":"Small Slimes","floor":4,"turns":3},{"damage":35,"enemies":"Lagavulin","floor":6,"turns":4},{"damage":3,"enemies":"Blue Slaver","floor":10,"turns":2},{"damage":9,"enemies":"3 Louse","floor":12,"turns":3},{"damage":10,"enemies":"Red Slaver","floor":13,"turns":4},{"damage":20,"enemies":"3 Sentries","floor":14,"turns":6},{"damage":78,"enemies":"Hexaghost","floor":16,"turns":9}],"seed_played":"2969969059339639291","potions_obtained":[{"floor":2,"key":"Fire Potion"},{"floor":4,"key":"Strength Potion"},{"floor":6,"key":"SmokeBomb"}],"is_trial":false,"path_per_floor":["M","M","$","M","?","E","$","R","T","M","R","M","M","E","R","B"],"character_chosen":"IRONCLAD","items_purchased":["Vajra","Strawberry"],"campfire_rested":3,"item_purchase_floors":[3,7],"current_hp_per_floor":[69,54,54,50,50,21,28,50,50,53,75,72,68,54,75,0,0],"gold":127,"neow_bonus":"TWO_FIFTY_GOLD","is_daily":false,"chose_seed":false,"campfire_upgraded":0,"win_rate":0.0,"timestamp":1614223471,"path_taken":["M","M","$","M","?","E","$","R","T","M","R","M","M","E","R","BOSS"],"items_purchased_type":["Relic","Relic"],"build_version":"2020-12-22","purchased_purges":1,"victory":false,"max_hp_per_floor":[75,75,75,75,68,68,75,75,75,75,75,75,75,75,75,75,75],"card_choices":[{"not_picked":["Power Through","Sword Boomerang"],"picked":"Dropkick","floor":1},{"not_picked":["Thunderclap","Perfected Strike","Sever Soul"],"picked":"SKIP","floor":2},{"not_picked":["Wild Strike","Warcry"],"picked":"Heavy Blade","floor":4},{"not_picked":["Cleave","Heavy Blade"],"picked":"Fire Breathing","floor":6},{"not_picked":["Second Wind+1","Exhume+1"],"picked":"Pommel Strike","floor":10},{"not_picked":["Perfected Strike","Cleave","Entrench+1"],"picked":"SKIP","floor":12},{"not_picked":["Cleave","Pommel Strike"],"picked":"Wild Strike","floor":14}],"player_experience":1315127,"relics_obtained":[{"floor":6,"key":"Self Forming Clay"},{"floor":9,"key":"Toxic Egg 2"},{"floor":14,"key":"Turnip"}],"event_choices":[{"damage_healed":0,"gold_gain":0,"player_choice":"Lose Max HP","damage_taken":0,"relics_obtained":["Golden Idol"],"max_hp_gain":0,"max_hp_loss":7,"event_name":"Golden Idol","floor":5,"gold_loss":0}],"is_beta":false,"boss_relics":[],"items_purged_floors":[3],"is_endless":false,"potions_floor_spawned":[2,4,6],"killed_by":"Hexaghost","ascension_level":20}}