{"host":"zuf44wbx6j0c4h1p","time":1614280293,"event":{"mods":["2.2 Compatiblity","Aspiration","BaseMod","Better Altar","Better Match","Better Note","Better Sensory Stone","Better Skull","Better Third Choice","Better Vampires","BetterRewards","Bossed Relics","Conspire","Infinite Spire","Minty Spire (QoL Compilation)","Replay The Spire","SCP261 Mod","Shapeshifter Mod","Shop Mod","Small Relic Pack","Spicy Shops","Spire Arcade","StSLib","The Animator","The Dragon Tamer","The Hierophant","TheBandit","Uncapped","Wandering Minibosses","thorton"],"gold_per_floor":[113,113,113,138,159,206,206,250,324,324,343,371,387,387,387,519,519,543,561,580,580,580],"floor_reached":21,"language":"ENG","playtime":2487,"items_purged":[],"score":212,"play_id":"3ff4f24f-32b2-4b55-9fe1-b51435c07018","local_time":"20210225131133","is_ascension_mode":true,"campfire_choices":[{"floor":7.0,"key":"RECALL"},{"data":"animator:HigakiRinne","floor":10.0,"key":"SMITH"},{"floor":15.0,"key":"REST"}],"circlet_count":0,"master_deck":["animator:Strike_FullmetalAlchemist","animator:Defend_FullmetalAlchemist","animator:Strike","animator:Defend","animator:Defend","animator:ElricEdward","animator:ElricAlphonse","animator:PandorasActor","animator:PinaCoLada","animator:ElricEdward","animator:Yoichi","animator:Pride","animator:HigakiRinne+1","animator:Emonzaemon","animator:Bozes","animator:MaesHughes","animator:Envy","animator:Entoma","animator:Kuribayashi+1","animator:Yoichi+1"],"relics":["animator:LivingPicture","animator:TheMissingPiece","animator:PurgingStone","NeowsBlessing","Golden Idol","animator:HeavyHalberd","animator:HallowedScabbard","Empty Cage"],"acts_visited":["Exordium","TheCity"],"potions_floor_usage":[21],"damage_taken":[{"damage":0.0,"enemies":"Jaw Worm","floor":1.0,"turns":1.0},{"damage":0.0,"enemies":"Small Slimes","floor":4.0,"turns":1.0},{"damage":0.0,"enemies":"Cultist","floor":5.0,"turns":1.0},{"damage":3.0,"enemies":"Lagavulin","floor":6.0,"turns":6.0},{"damage":8.0,"enemies":"3 Sentries","floor":8.0,"turns":7.0},{"damage":3.0,"enemies":"Blue Slaver","floor":11.0,"turns":4.0},{"damage":8.0,"enemies":"2 Fungi Beasts","floor":12.0,"turns":3.0},{"damage":8.0,"enemies":"Lots of Slimes","floor":13.0,"turns":3.0},{"damage":15.0,"enemies":"Hexaghost","floor":16.0,"turns":9.0},{"damage":32.0,"enemies":"2 Thieves","floor":18.0,"turns":4.0},{"damage":22.0,"enemies":"3 Byrds","floor":19.0,"turns":7.0},{"damage":25.0,"enemies":"Snake Plant","floor":20.0,"turns":5.0},{"damage":20,"enemies":"Sentry and Sphere","floor":21,"turns":5}],"seed_played":"-8767088383479649360","potions_obtained":[{"floor":1.0,"key":"SCP261:BarrettColaPotion"},{"floor":4.0,"key":"Adrenaline Potion"},{"floor":8.0,"key":"GamblersBrew"},{"floor":19.0,"key":"Ancient Potion"},{"floor":20.0,"key":"ColorlessPotion"}],"is_trial":false,"path_per_floor":["M","?","?","M","M","E","R","E","T","R","M","M","M","?","R","B",null,"M","M","M","M"],"character_chosen":"THE_ANIMATOR","items_purchased":[],"campfire_rested":1,"item_purchase_floors":[],"current_hp_per_floor":[66,50,50,50,50,47,47,39,39,39,36,28,21,21,41,36,67,42,31,13,0,0],"gold":580,"neow_bonus":"THREE_ENEMY_KILL","is_daily":false,"chose_seed":false,"campfire_upgraded":1,"win_rate":0.0,"timestamp":1614280293,"path_taken":["M","?","?","M","?","E","R","E","T","R","M","M","M","?","R","BOSS","M","M","M","M"],"items_purchased_type":[],"build_version":"2020-12-22","purchased_purges":0,"victory":false,"max_hp_per_floor":[66,66,66,66,66,66,66,66,66,66,66,66,67,67,67,67,67,67,68,68,68,68],"card_choices":[{"not_picked":["animator:AcuraTooru","animator:Assassin"],"picked":"animator:PandorasActor","floor":1.0},{"not_picked":["animator:Pride","animator:Arpeggio"],"picked":"animator:ElricEdward","floor":4.0},{"not_picked":["animator:Melzalgald","animator:NarberalGamma"],"picked":"animator:Yoichi","floor":5.0},{"not_picked":["animator:WinryRockbell","animator:ElricAlphonse"],"picked":"animator:Pride","floor":6.0},{"not_picked":["animator:ShinjiMatou","animator:TsurugaMeisai"],"picked":"animator:HigakiRinne","floor":8.0},{"not_picked":["animator:Geryuganshoop","animator:Konayuki"],"picked":"animator:Emonzaemon","floor":11.0},{"not_picked":["animator:Berserker","animator:ZankiKiguchi"],"picked":"animator:Bozes","floor":12.0},{"not_picked":["animator:WinryRockbell","animator:ElricEdward"],"picked":"animator:MaesHughes","floor":13.0},{"not_picked":["animator:Father","animator:Sora"],"picked":"animator:Envy","floor":16.0},{"not_picked":["animator:MetalKnight","animator:Assassin+1"],"picked":"animator:Entoma","floor":18.0},{"not_picked":["animator:WinryRockbell","animator:Tyuule"],"picked":"animator:Kuribayashi+1","floor":19.0},{"not_picked":["animator:Shigure+1","animator:Sora"],"picked":"animator:Yoichi+1","floor":20.0}],"player_experience":184074,"relics_obtained":[{"floor":6.0,"key":"animator:HeavyHalberd"},{"floor":8.0,"key":"animator:HallowedScabbard"}],"event_choices":[{"damage_healed":0.0,"max_hp_gain":0.0,"max_hp_loss":0.0,"gold_gain":0.0,"event_name":"Golden Idol","player_choice":"Take Damage","floor":2.0,"gold_loss":0.0,"damage_taken":16.0,"relics_obtained":["Golden Idol"]},{"damage_healed":0.0,"max_hp_gain":0.0,"max_hp_loss":0.0,"gold_gain":0.0,"cards_transformed":["animator:Strike"],"event_name":"Transmorgrifier","player_choice":"Transformed","floor":3.0,"gold_loss":0.0,"damage_taken":0.0,"cards_obtained":["animator:PinaCoLada"]},{"damage_healed":0.0,"max_hp_gain":0.0,"max_hp_loss":0.0,"gold_gain":0.0,"event_name":"Golden Wing","player_choice":"Ignored","floor":14.0,"gold_loss":0.0,"damage_taken":0.0}],"is_beta":false,"boss_relics":[{"not_picked":["aspiration:RunicSpoon","Philosopher\u0027s Stone"],"picked":"Empty Cage"}],"items_purged_floors":[],"is_endless":false,"potions_floor_spawned":[1,4,8,19,20],"killed_by":"Sentry and Sphere","ascension_level":2}}