{"host":"puf131q5awx2h4uh","time":1614248961,"event":{"mods":["BaseMod","Minty Spire (QoL Compilation)","Quick Restart","Shop Mod","StSLib"],"gold_per_floor":[109,34,46,9,284,284,310,310,310,64,122,148,148,179,179,253,253,268,0,0,20,70,70,70],"floor_reached":23,"language":"ZHS","playtime":433,"items_purged":["Strike_R"],"score":456,"play_id":"ca4ba75c-a6df-4304-9c0b-2ea680e6acd1","local_time":"20210225182921","is_ascension_mode":true,"campfire_choices":[{"data":"Rupture","floor":6.0,"key":"SMITH"},{"data":"Whirlwind","floor":8.0,"key":"SMITH"},{"data":"Offering","floor":13.0,"key":"SMITH"},{"floor":15.0,"key":"RECALL"}],"circlet_count":0,"master_deck":["AscendersBane","Strike_R","Strike_R","Strike_R","Strike_R","Defend_R","Defend_R","Defend_R","Defend_R","Bash","Whirlwind+1","Rupture+1","Regret","Offering+1","Limit Break","Sword Boomerang+1"],"relics":["Burning Blood","NeowsBlessing","Pen Nib","Medical Kit","Shuriken","Molten Egg 2","Tiny Chest","Sozu"],"acts_visited":["Exordium","TheCity"],"potions_floor_usage":[],"damage_taken":[{"damage":0.0,"enemies":"Small Slimes","floor":1.0,"turns":1.0},{"damage":0.0,"enemies":"Cultist","floor":3.0,"turns":1.0},{"damage":0.0,"enemies":"3 Sentries","floor":7.0,"turns":1.0},{"damage":10.0,"enemies":"3 Sentries","floor":11.0,"turns":4.0},{"damage":21.0,"enemies":"Gremlin Nob","floor":12.0,"turns":4.0},{"damage":31.0,"enemies":"3 Sentries","floor":14.0,"turns":3.0},{"damage":20.0,"enemies":"Slime Boss","floor":16.0,"turns":7.0},{"damage":19.0,"enemies":"2 Thieves","floor":18.0,"turns":2.0},{"damage":26,"enemies":"Chosen","floor":21,"turns":5},{"damage":6,"enemies":"Slavers","floor":23,"turns":1}],"seed_played":"1582930383978247847","potions_obtained":[{"floor":1.0,"key":"ColorlessPotion"},{"floor":3.0,"key":"Block Potion"},{"floor":11.0,"key":"Weak Potion"},{"floor":16.0,"key":"ColorlessPotion"}],"is_trial":false,"path_per_floor":["M","$","M","$","?","R","E","R","T","$","?","E","R","E","R","B",null,"M","?","?","M","?","E"],"character_chosen":"IRONCLAD","items_purchased":["Rupture","Medical Kit","Offering"],"campfire_rested":0,"item_purchase_floors":[4,10,10],"current_hp_per_floor":[74,74,75,75,75,75,75,75,75,75,71,56,56,31,31,17,61,48,48,27,7,7,1,1],"gold":70,"neow_bonus":"THREE_ENEMY_KILL","is_daily":false,"chose_seed":false,"campfire_upgraded":3,"win_rate":0.0,"timestamp":1614248961,"path_taken":["M","$","M","$","?","R","E","R","T","?","?","E","R","E","R","BOSS","M","?","?","M","?","E"],"items_purchased_type":["Card","Relic","Card"],"build_version":"2020-12-22","purchased_purges":1,"victory":false,"max_hp_per_floor":[75,75,75,75,75,75,75,75,75,75,75,75,75,75,75,75,75,75,75,80,80,80,80,80],"card_choices":[{"not_picked":["Twin Strike","Sword Boomerang"],"picked":"Whirlwind","floor":1.0},{"not_picked":["Headbutt","Warcry","Twin Strike"],"picked":"SKIP","floor":3.0},{"not_picked":["Warcry","Shockwave","Power Through"],"picked":"SKIP","floor":7.0},{"not_picked":["Pommel Strike+1","Perfected Strike+1","Flex"],"picked":"SKIP","floor":12.0},{"not_picked":["Wild Strike+1","Evolve","Flame Barrier"],"picked":"SKIP","floor":14.0},{"not_picked":["Feed+1","Berserk"],"picked":"Limit Break","floor":16.0},{"not_picked":["Entrench","Flex"],"picked":"Sword Boomerang+1","floor":18.0},{"not_picked":["Armaments","Perfected Strike+1","Dropkick+1"],"picked":"SKIP","floor":21}],"player_experience":337665,"relics_obtained":[{"floor":7.0,"key":"Pen Nib"},{"floor":11.0,"key":"Shuriken"},{"floor":12.0,"key":"Molten Egg 2"},{"floor":14.0,"key":"Tiny Chest"}],"event_choices":[{"damage_healed":0.0,"max_hp_gain":0.0,"max_hp_loss":0.0,"gold_gain":275.0,"event_name":"Golden Shrine","player_choice":"Desecrate","floor":5.0,"gold_loss":0.0,"damage_taken":0.0,"cards_obtained":["Regret"]},{"damage_healed":0.0,"max_hp_gain":0.0,"max_hp_loss":0.0,"gold_gain":30.0,"event_name":"Dead Adventurer","player_choice":"Searched \u00272\u0027 times","floor":11.0,"gold_loss":0.0,"damage_taken":0.0},{"damage_healed":0,"gold_gain":0,"player_choice":"Paid Fearfully","damage_taken":0,"max_hp_gain":0,"max_hp_loss":0,"event_name":"Masked Bandits","floor":19,"gold_loss":268},{"damage_healed":0,"gold_gain":0,"player_choice":"Shed Blood","damage_taken":26,"max_hp_gain":5,"max_hp_loss":0,"event_name":"Forgotten Altar","floor":20,"gold_loss":0},{"damage_healed":0,"gold_gain":50,"player_choice":"Stole From Cult","damage_taken":0,"max_hp_gain":0,"max_hp_loss":0,"event_name":"Nest","floor":22,"gold_loss":0}],"is_beta":false,"boss_relics":[{"not_picked":["Empty Cage","Black Star"],"picked":"Sozu"}],"items_purged_floors":[2],"is_endless":false,"potions_floor_spawned":[1,3,11,16,18],"killed_by":"Slavers","ascension_level":20}}