{"host":"roto7j7840a50pxh","time":1614291401,"event":{"mods":["Act Like it!","BaseMod","Better Altar","Better Note","Better Sensory Stone","Better Skull","Better Third Choice","BetterRewards","Colored Map","Colored Powertips","Downfall","Hermit","Highlight Path","Hubris","Infinite Spire","Minty Spire (QoL Compilation)","Replay The Spire","Robot Space Explorer","Shade Mod","Spicy Shops","StSLib","The Construct","The Cursed","The Dragon Tamer","The Hierophant","The Necromancer","The Runesmith","The Servant 0.9.4","TheVacant"],"gold_per_floor":[119,130,130,95,109,141,219,219,219,231,248,248,259,374,374,479,479,499,499,514,514,534,534,565,565,619,31,31,31,59,69,69,169,169,193,193,222,182,208,208,247,247,318,355,355,355,355,398,398,398],"floor_reached":51,"language":"ENG","playtime":3766,"items_purged":[],"score":1828,"play_id":"81846d74-ab43-4e66-a9ed-7cc790448d58","local_time":"20210225171641","is_ascension_mode":true,"metric_token":1875,"campfire_choices":[{"floor":8.0,"key":"REST"},{"data":"DTMod:CleansingStrike","floor":12.0,"key":"SMITH"},{"data":"DTMod:FlameSlash","floor":15.0,"key":"SMITH"},{"data":"DTMod:Harmonize","floor":23.0,"key":"SMITH"},{"data":"DTMod:Dissolve","floor":25.0,"key":"SMITH"},{"data":"ReplayTheSpireMod:Brewmster","floor":29.0,"key":"SMITH"},{"floor":32.0,"key":"REST"},{"floor":40,"key":"REST"},{"floor":45,"key":"REST"},{"floor":47,"key":"REST"},{"data":"DTMod:Overwhelm","floor":49,"key":"SMITH"}],"dtmod_dragon_data":[15,50,3,1,14,15],"circlet_count":0,"master_deck":["DTMod:Strike","DTMod:DoubleHit","DTMod:TargetDefense","DTMod:TargetDefense","DTMod:TargetDefense","DTMod:TargetDefense","DTMod:SwitchingTactic","DTMod:FlameSlash+1","DTMod:HeatWave","Sadistic Nature+1","DTMod:CleansingStrike+1","DTMod:Weaken","DTMod:Training+1","DTMod:ComboAttack","DTMod:DarkBreath","DTMod:Conduct","DTMod:BreakAttack","DTMod:DarkBreath","DTMod:Weaken","DTMod:BlazingStrike","DTMod:BlazingStrike","DTMod:ComboAttack","DTMod:MasterPlan","DTMod:Weaken","DTMod:Harmonize+1","DTMod:CrossStep+1","DTMod:LightShield+1","DTMod:LastStand","DTMod:HeatWave","DTMod:Haste","Sadistic Nature","DTMod:Dissolve+1","DTMod:ForkedFire","ReplayTheSpireMod:Brewmster+1","ReplayUltimateDefense","Discovery","Poisoned Strike","Apotheosis+1","DTMod:Overwhelm+1","DTMod:Training+1","DTMod:Harmonize","DTMod:MasterPlan+1","DTMod:FlameSlash+1","Parasite","DTMod:Training+1","DTMod:BizarreTactic+1","Replay:Fractal Strike","DTMod:Hide","DTMod:FlameSlash+1"],"relics":["DTMod:MagicStone","Eternal Feather","DTMod:TacticalNote","hubris:Icosahedron","Replay:Accelerometer","Replay:Bottled Eggs","hubris:CrystalStatue","Astrolabe","hubris:ToyBattleship","PreservedInsect","sneckomod:BlankCard","ReplayTheSpireMod:ShopPack","Blood Vial","Replay:PocketPolymizer","infinitespire:EvilPickle","Bottled Tornado","DTMod:AncientBone","Sundial"],"acts_visited":["Exordium","TheCity","TheBeyond"],"potions_floor_usage":[39,39,39,39,39,39,41,44,44,44,48,48,48,48,50,50,50,50,50,50,50],"damage_taken":[{"damage":0.0,"enemies":"Small Slimes","floor":1.0,"turns":4.0},{"damage":0.0,"enemies":"Jaw Worm","floor":2.0,"turns":3.0},{"damage":0.0,"enemies":"2 Louse","floor":5.0,"turns":3.0},{"damage":0.0,"enemies":"Lagavulin","floor":6.0,"turns":5.0},{"damage":0.0,"enemies":"Large Slime","floor":10.0,"turns":4.0},{"damage":0.0,"enemies":"Exordium Wildlife","floor":11.0,"turns":2.0},{"damage":0.0,"enemies":"Lots of Slimes","floor":13.0,"turns":4.0},{"damage":0.0,"enemies":"Blue Slaver","floor":14.0,"turns":3.0},{"damage":20.0,"enemies":"Fading Forest","floor":16.0,"turns":11.0},{"damage":0.0,"enemies":"2 Thieves","floor":18.0,"turns":4.0},{"damage":0.0,"enemies":"Shell Parasite","floor":20.0,"turns":4.0},{"damage":0.0,"enemies":"Centurion and Healer","floor":22.0,"turns":6.0},{"damage":0.0,"enemies":"Gremlin Leader","floor":24.0,"turns":8.0},{"damage":0.0,"enemies":"Slavers","floor":30.0,"turns":5.0},{"damage":29.0,"enemies":"Shelled Parasite and Fungi","floor":31.0,"turns":7.0},{"damage":16.0,"enemies":"Pondfish","floor":33.0,"turns":10.0},{"damage":17.0,"enemies":"3 Darklings","floor":35.0,"turns":7.0},{"damage":10.0,"enemies":"Orb Walker","floor":37.0,"turns":5.0},{"damage":33,"enemies":"Writhing Mass","floor":39,"turns":8},{"damage":1,"enemies":"Reptomancer","floor":41,"turns":5},{"damage":0,"enemies":"Jaw Worm Horde","floor":44,"turns":5},{"damage":0,"enemies":"3 Darklings","floor":48,"turns":5},{"damage":8,"enemies":"infinitespire:MassOfShapes","floor":50,"turns":11}],"seed_played":"590522151010992967","potions_obtained":[{"floor":1.0,"key":"hexamod:SoulburnPotion"},{"floor":10.0,"key":"SkillPotion"},{"floor":11.0,"key":"SteroidPotion"},{"floor":13.0,"key":"SpeedPotion"},{"floor":14.0,"key":"Cursed Concoction"},{"floor":16.0,"key":"Fire Potion"},{"floor":20.0,"key":"LifebloodPotion"},{"floor":22.0,"key":"Elixir"},{"floor":41,"key":"Doom Potion"},{"floor":44,"key":"Regen Potion"}],"is_trial":false,"path_per_floor":["M","M","?","?","M","E","T","R","T","M","M","R","M","M","R","B",null,"M","?","M","?","M","R","E","R","T","$","?","R","E","M","R","B",null,"M","?","M","?","M","R","E","AVR","T","M","R","?","R","M","R","B",null],"character_chosen":"THE_DT","items_purchased":["DTMod:FlameSlash","DTMod:HeatWave","Eternal Feather","Sadistic Nature","DTMod:CleansingStrike","DTMod:Weaken","DTMod:Training","DTMod:ComboAttack","DTMod:CrossStep","DTMod:DarkBreath","DTMod:TacticalNote","ReplayTheSpireMod:Brewmster","sneckomod:BlankCard","ReplayTheSpireMod:ShopPack","Blood Vial"],"campfire_rested":5,"item_purchase_floors":[0,0,0,0,0,0,0,0,0,0,0,27,27,27,27],"current_hp_per_floor":[13,13,13,24,24,24,24,45,45,45,45,45,45,45,45,32,42,42,42,42,42,42,45,45,45,45,45,45,45,45,16,45,29,41,28,28,27,27,3,43,44,44,44,45,45,45,45,45,45,37],"gold":398,"neow_bonus":"","is_daily":false,"chose_seed":false,"campfire_upgraded":6,"win_rate":0.0,"timestamp":1614291401,"path_taken":["M","M","?","?","M","E","?","R","T","M","M","R","M","M","R","BOSS","M","?","M","?","?","R","E","R","T","$","?","R","E","M","R","BOSS","M","?","M","?","M","R","E","AVR","T","?","R","?","R","M","R","BOSS"],"items_purchased_type":["Card","Card","Relic","Card","Card","Card","Card","Card","Card","Card","Relic","Card","Relic","Relic","Relic"],"build_version":"2020-12-22","purchased_purges":0,"victory":true,"max_hp_per_floor":[45,45,45,45,45,45,45,45,45,45,45,45,45,45,45,45,45,45,45,45,45,45,45,45,45,45,45,45,45,45,45,45,45,45,45,45,45,45,45,45,45,45,45,45,45,45,45,45,45,45],"card_choices":[{"not_picked":["DTMod:QuickFly","DTMod:Shift"],"picked":"DTMod:BreakAttack","floor":1.0},{"not_picked":["DTMod:BuildUp","DTMod:Feint"],"picked":"DTMod:DarkBreath","floor":2.0},{"not_picked":["DTMod:FlameSlash","DTMod:Punisher"],"picked":"DTMod:Weaken","floor":5.0},{"not_picked":["DTMod:HeatWave","DTMod:ComboAttack"],"picked":"DTMod:BlazingStrike","floor":6.0},{"not_picked":["DTMod:Weaken","DTMod:SneakAttack"],"picked":"DTMod:BlazingStrike","floor":10.0},{"not_picked":["DTMod:FlameSlash","DTMod:Coolant"],"picked":"DTMod:ComboAttack","floor":11.0},{"not_picked":["DTMod:Feint","DTMod:Coolant"],"picked":"DTMod:MasterPlan","floor":13.0},{"not_picked":["DTMod:DarkBreath","DTMod:BurningEnergy"],"picked":"DTMod:Weaken","floor":14.0},{"not_picked":["DTMod:LightShield","DTMod:HeadStart"],"picked":"DTMod:Harmonize","floor":16.0},{"not_picked":["DTMod:BizarreTactic","DTMod:StarRain"],"picked":"DTMod:LastStand","floor":18.0},{"not_picked":["DTMod:MaximumCharge+1","DTMod:MagicField"],"picked":"DTMod:Haste","floor":20.0},{"not_picked":["DTMod:BuildUp+1","DTMod:Threaten"],"picked":"DTMod:Dissolve","floor":22.0},{"not_picked":["DTMod:DeepFocus","DTMod:Observe"],"picked":"DTMod:ForkedFire","floor":24.0},{"not_picked":["Secret Technique","Violence"],"picked":"ReplayUltimateDefense","floor":27.0},{"not_picked":["Bandage Up","hubris:Insight"],"picked":"Discovery","floor":27.0},{"not_picked":["Swift Strike","Deep Breath"],"picked":"Poisoned Strike","floor":27.0},{"not_picked":["DTMod:BreakAttack","DTMod:Hide+1"],"picked":"DTMod:Overwhelm","floor":30.0},{"not_picked":["DTMod:Punisher","DTMod:GhostSkin+1"],"picked":"DTMod:Training+1","floor":31.0},{"not_picked":["DTMod:Inferno","DTMod:SealedStrike"],"picked":"DTMod:Harmonize","floor":33.0},{"not_picked":["DTMod:Conduct+1","DTMod:Haste"],"picked":"DTMod:MasterPlan+1","floor":35.0},{"not_picked":["DTMod:Astonish+1","DTMod:Haste+1"],"picked":"DTMod:FlameSlash+1","floor":37.0},{"not_picked":["DTMod:ComboAttack","DTMod:Feint+1"],"picked":"DTMod:Training","floor":39},{"not_picked":["DTMod:Weaken+1","DTMod:Punisher+1"],"picked":"DTMod:BizarreTactic+1","floor":41},{"not_picked":["DTMod:Feint+1","DTMod:Weaken"],"picked":"DTMod:Hide","floor":44},{"not_picked":["DTMod:BizarreTactic+1","DTMod:RecklessFlurry"],"picked":"DTMod:FlameSlash+1","floor":48}],"player_experience":2013613,"relics_obtained":[{"floor":6.0,"key":"Replay:Accelerometer"},{"floor":7.0,"key":"Replay:Bottled Eggs"},{"floor":9.0,"key":"hubris:CrystalStatue"},{"floor":24.0,"key":"hubris:ToyBattleship"},{"floor":26.0,"key":"PreservedInsect"},{"floor":30.0,"key":"Replay:PocketPolymizer"},{"floor":41,"key":"Bottled Tornado"},{"floor":43,"key":"Sundial"}],"event_choices":[{"damage_healed":11.0,"max_hp_gain":0.0,"max_hp_loss":0.0,"gold_gain":0.0,"event_name":"The Cleric","player_choice":"Healed","floor":4.0,"gold_loss":35.0,"damage_taken":0.0},{"damage_healed":0.0,"max_hp_gain":0.0,"max_hp_loss":0.0,"gold_gain":0.0,"cards_transformed":["DTMod:RunningTactic"],"event_name":"Transmorgrifier","player_choice":"Transformed","floor":19.0,"gold_loss":0.0,"damage_taken":0.0,"cards_obtained":["DTMod:HeatWave"]},{"damage_healed":0.0,"max_hp_gain":0.0,"max_hp_loss":0.0,"gold_gain":0.0,"event_name":"Duplicator","player_choice":"Copied","floor":21.0,"gold_loss":0.0,"damage_taken":0.0,"cards_obtained":["Sadistic Nature"]},{"cards_removed":["ReplayTheSpireMod:Brewmster"],"damage_healed":0.0,"max_hp_gain":0.0,"max_hp_loss":0.0,"gold_gain":0.0,"event_name":"betterNote:BetterNote","player_choice":"Take \u0026 Give","floor":28.0,"gold_loss":0.0,"damage_taken":0.0,"cards_obtained":["Apotheosis"]},{"damage_healed":0.0,"max_hp_gain":0.0,"max_hp_loss":0.0,"gold_gain":0.0,"event_name":"Tomb of Lord Red Mask","player_choice":"Ignored","floor":36.0,"gold_loss":0.0,"damage_taken":0.0},{"damage_healed":0.0,"max_hp_gain":0.0,"max_hp_loss":0.0,"gold_gain":0.0,"event_name":"Designer","player_choice":"Upgrade","floor":38.0,"gold_loss":40.0,"damage_taken":0.0,"cards_upgraded":["Sadistic Nature"]},{"cards_removed":["DTMod:CrossStep"],"damage_healed":0,"gold_gain":0,"player_choice":"Card Removal","damage_taken":0,"max_hp_gain":0,"max_hp_loss":0,"event_name":"Wheel of Change","floor":46,"gold_loss":0}],"is_beta":false,"boss_relics":[{"not_picked":["Empty Cage","Abe\u0027s Treasure"],"picked":"Astrolabe"},{"not_picked":["Honey Jar","Replay:Drink Me"],"picked":"DTMod:MagicStone"}],"items_purged_floors":[],"is_endless":false,"potions_floor_spawned":[1,10,11,13,14,16,20,22,41,44],"ascension_level":7}}