{"host":"mconkkfc0dudtfx5","time":1614254495,"event":{"mods":["BaseMod","Highlight Path","Hubris","Marisa£®ÏF”Í°°ƒß¿Ì…≥£©","Minty Spire (QoL Compilation)","Quick Restart","Remilia£®¿Ÿ√◊¿Ú—«£©","Shop Mod","StSLib","The Bug Knight","The Senshi","The Servant 0.9.4","Youmu£®ªÍ∆«—˝√Œ£©","Yuyuko"],"gold_per_floor":[112,112,112,62,62,62,100,100,125,164,178,31,81,155,155,328,328,446,61,131,53,53,53,53],"floor_reached":23,"language":"ZHS","playtime":1849,"items_purged":[],"score":222,"play_id":"988bf1fc-67a4-4425-8369-595a9772143c","local_time":"20210225200135","is_ascension_mode":false,"campfire_choices":[{"data":"RedMoon","floor":6.0,"key":"SMITH"},{"data":"ScarletImprint","floor":8.0,"key":"SMITH"},{"data":"MastersStateliness","floor":15.0,"key":"SMITH"}],"circlet_count":0,"master_deck":["Strike_RM","Strike_RM","Strike_RM","Strike_RM","Defend_RM","Defend_RM","Defend_RM","RedMoon+1","ScarletShoot","ScarletMeister+1","Septette","MastersStateliness+1","ScarletImprint+1","MastersStateliness","FavorOfDestiny","FavorOfDestiny","ScarletMeister","UnstableMagic","FitfulNightmare","Ultimatum","Discovery","VampireFantasy","FavorOfDestiny","MastersStateliness"],"relics":["ScarletHat","Golden Idol","Orichalcum","HollowMod:PaleOreRelic","hubris:TinFlute","hubris:EmptyBottle","Runic Pyramid","Lee\u0027s Waffle","hubris:BottledHeart"],"acts_visited":["Exordium","TheCity"],"potions_floor_usage":[20,20,20,20,20,20,20],"damage_taken":[{"damage":0.0,"enemies":"Jaw Worm","floor":1.0,"turns":4.0},{"damage":15.0,"enemies":"3 Sentries","floor":7.0,"turns":11.0},{"damage":0.0,"enemies":"Gremlin Nob","floor":10.0,"turns":7.0},{"damage":1.0,"enemies":"Small Slimes","floor":11.0,"turns":3.0},{"damage":0.0,"enemies":"2 Louse","floor":13.0,"turns":5.0},{"damage":9.0,"enemies":"Red Slaver","floor":14.0,"turns":6.0},{"damage":11.0,"enemies":"The Guardian","floor":16.0,"turns":13.0},{"damage":3.0,"enemies":"3 Byrds","floor":18.0,"turns":6.0},{"damage":10,"enemies":"2 Thieves","floor":20,"turns":5},{"damage":0,"enemies":"Gremlin Leader","floor":23,"turns":5}],"seed_played":"3154291985276432561","potions_obtained":[{"floor":1.0,"key":"FearPotion"},{"floor":7.0,"key":"ColorlessPotion"},{"floor":13.0,"key":"Swift Potion"},{"floor":14.0,"key":"ColorlessPotion"},{"floor":14.0,"key":"Explosive Potion"},{"floor":16.0,"key":"Strength Potion"},{"floor":18.0,"key":"Strength Potion"},{"floor":20,"key":"CultistPotion"}],"is_trial":false,"path_per_floor":["M","?","?","$","?","R","E","R","T","E","M","$","M","M","R","B",null,"M","$","M","$","?","E"],"character_chosen":"REMILIA","items_purchased":["MastersStateliness","hubris:EmptyBottle","Lee\u0027s Waffle","FitfulNightmare","Ultimatum","Discovery","FavorOfDestiny","MastersStateliness"],"campfire_rested":0,"item_purchase_floors":[4,12,19,19,19,19,21,21],"current_hp_per_floor":[58,51,33,33,33,33,27,27,27,34,33,33,36,34,34,43,75,75,82,78,78,1,1,1],"gold":53,"neow_bonus":"THREE_RARE_CARDS","is_daily":false,"chose_seed":false,"campfire_upgraded":3,"win_rate":0.0,"timestamp":1614254495,"path_taken":["M","?","?","?","?","R","E","R","T","E","?","$","M","M","R","BOSS","M","$","M","?","?","E"],"items_purchased_type":["Card","Relic","Relic","Card","Card","Card","Card","Card"],"build_version":"2020-12-22","purchased_purges":0,"victory":false,"max_hp_per_floor":[75,75,75,75,75,75,75,75,75,75,75,75,75,75,75,75,75,75,82,82,82,1,1,1],"card_choices":[{"not_picked":["BloodyCatastrophe","TricksterDevil"],"picked":"ScarletMeister","floor":0.0},{"not_picked":["VampireSweep","ScarletGensokyo"],"picked":"Septette","floor":1.0},{"not_picked":["BloodHunter","ScarletDevil"],"picked":"ScarletImprint","floor":7.0},{"not_picked":["DiffusionOfMisfortune","NightDance"],"picked":"MastersStateliness","floor":10.0},{"not_picked":["HunterOfTheNight","ScarletDevil"],"picked":"FavorOfDestiny","floor":11.0},{"not_picked":["KillingBlow","ChainGang"],"picked":"FavorOfDestiny","floor":13.0},{"not_picked":["CharismaGuard","RedRainbow","RedMagic"],"picked":"SKIP","floor":14.0},{"not_picked":["BloodySeventeenLaser","BloodyHallows"],"picked":"ScarletMeister","floor":16.0},{"not_picked":["BlasphemousPunishment+1","BloodyMagicSquare+1"],"picked":"UnstableMagic","floor":18.0},{"not_picked":["GlobalNightmare","StarOfDavid"],"picked":"VampireFantasy","floor":20}],"player_experience":280481,"relics_obtained":[{"floor":7.0,"key":"Orichalcum"},{"floor":9.0,"key":"HollowMod:PaleOreRelic"},{"floor":10.0,"key":"hubris:TinFlute"}],"event_choices":[{"cards_removed":["Defend_RM"],"damage_healed":0.0,"max_hp_gain":0.0,"max_hp_loss":0.0,"gold_gain":0.0,"event_name":"Golden Wing","player_choice":"Card Removal","floor":2.0,"gold_loss":0.0,"damage_taken":7.0},{"damage_healed":0.0,"max_hp_gain":0.0,"max_hp_loss":0.0,"gold_gain":0.0,"event_name":"Golden Idol","player_choice":"Take Damage","floor":3.0,"gold_loss":0.0,"damage_taken":18.0,"relics_obtained":["Golden Idol"]},{"damage_healed":0.0,"max_hp_gain":0.0,"max_hp_loss":0.0,"gold_gain":0.0,"event_name":"Upgrade Shrine","player_choice":"Upgraded","floor":5.0,"gold_loss":0.0,"damage_taken":0.0,"cards_upgraded":["ScarletMeister"]}],"is_beta":false,"boss_relics":[{"not_picked":["hubris:CrackedHourglass","Sozu"],"picked":"Runic Pyramid"}],"items_purged_floors":[],"is_endless":false,"potions_floor_spawned":[1,7,16,18],"killed_by":"Gremlin Leader","ascension_level":0}}