{"host":"9n6i2vl93jt4o42q","time":1614291597,"event":{"mods":["BaseMod","Minty Spire (QoL Compilation)","Relic Stats"],"gold_per_floor":[117,137,156,156,176,176,176,215,215,233,233,268,294,327,327,418,418,436,436,129,150,168,168,168,168],"floor_reached":24,"language":"ENG","playtime":13078,"items_purged":["Strike_G"],"score":532,"play_id":"b851d591-34ee-4117-9b53-a8c09ac68dff","local_time":"20210225231957","is_ascension_mode":true,"campfire_choices":[{"data":"The Bomb","floor":6,"key":"SMITH"},{"floor":11,"key":"REST"},{"data":"Phantasmal Killer","floor":15,"key":"SMITH"},{"floor":23,"key":"REST"}],"circlet_count":0,"master_deck":["AscendersBane","Strike_G","Defend_G","Defend_G","Defend_G","Defend_G","Survivor","Neutralize","The Bomb+1","Flying Knee","Flechettes","Backstab","Footwork","Glass Knife","Noxious Fumes","Phantasmal Killer+1","After Image","Terror+1","Bouncing Flask+1","Grand Finale+1","Masterful Stab+1","Infinite Blades","Finesse","Acrobatics","Outmaneuver","PiercingWail"],"relics":["Ring of the Snake","Golden Idol","Smiling Mask","Vajra","InkBottle","Odd Mushroom","Gambling Chip","Astrolabe","Tiny Chest"],"acts_visited":["Exordium","TheCity"],"potions_floor_usage":[12,14,24],"damage_taken":[{"damage":8,"enemies":"2 Louse","floor":1,"turns":3},{"damage":7,"enemies":"Small Slimes","floor":2,"turns":3},{"damage":0,"enemies":"Jaw Worm","floor":3,"turns":4},{"damage":15,"enemies":"Exordium Thugs","floor":5,"turns":3},{"damage":7,"enemies":"Lagavulin","floor":8,"turns":8},{"damage":6,"enemies":"Looter","floor":10,"turns":4},{"damage":2,"enemies":"3 Sentries","floor":12,"turns":3},{"damage":4,"enemies":"The Mushroom Lair","floor":13,"turns":4},{"damage":6,"enemies":"Gremlin Nob","floor":14,"turns":3},{"damage":0,"enemies":"Slime Boss","floor":16,"turns":6},{"damage":7,"enemies":"3 Byrds","floor":18,"turns":3},{"damage":0,"enemies":"Chosen","floor":21,"turns":3},{"damage":30,"enemies":"Shelled Parasite and Fungi","floor":22,"turns":5},{"damage":26,"enemies":"Gremlin Leader","floor":24,"turns":5}],"seed_played":"4701645515950567876","potions_obtained":[{"floor":1,"key":"Ancient Potion"},{"floor":5,"key":"DistilledChaos"},{"floor":8,"key":"Fire Potion"},{"floor":14,"key":"Ancient Potion"},{"floor":18,"key":"BlessingOfTheForge"}],"is_trial":false,"path_per_floor":["M","M","M","?","M","R","?","E","T","M","R","E","?","E","R","B",null,"M","?","$","M","M","R","E"],"character_chosen":"THE_SILENT","items_purchased":["Infinite Blades","Finesse","Acrobatics","Outmaneuver"],"campfire_rested":2,"item_purchase_floors":[20,20,20,20],"current_hp_per_floor":[51,44,44,44,29,29,29,22,22,16,32,30,26,20,20,20,46,39,39,39,39,9,25,0,0],"gold":168,"neow_bonus":"RANDOM_COLORLESS_2","is_daily":false,"chose_seed":false,"campfire_upgraded":2,"win_rate":0.0,"timestamp":1614291597,"path_taken":["M","M","M","?","M","R","?","E","T","M","R","E","?","E","R","BOSS","M","?","?","M","M","R","E"],"items_purchased_type":["Card","Card","Card","Card"],"build_version":"2020-12-22","purchased_purges":1,"victory":false,"max_hp_per_floor":[60,60,60,54,54,54,54,54,54,54,54,54,54,54,54,54,54,54,54,54,54,54,54,54,54],"relic_stats":{"counters":[14,57],"Golden Idol":65,"Gambling Chip":[13],"Astrolabe":["Terror","Bouncing Flask","Grand Finale"],"Tiny Chest":0,"Smiling Mask":25,"obtain_stats":[{"Golden Idol":4,"Gambling Chip":14,"Astrolabe":17,"Vajra":9,"Tiny Chest":19,"Odd Mushroom":13,"Smiling Mask":8,"InkBottle":12,"Ring of the Snake":0},{"Golden Idol":3,"Gambling Chip":9,"Astrolabe":10,"Vajra":5,"Tiny Chest":11,"Odd Mushroom":8,"Smiling Mask":5,"InkBottle":7,"Ring of the Snake":0},{"Golden Idol":10,"Gambling Chip":35,"Astrolabe":41,"Vajra":21,"Tiny Chest":44,"Odd Mushroom":32,"Smiling Mask":21,"InkBottle":28,"Ring of the Snake":0}],"InkBottle":[11],"Ring of the Snake":[28]},"card_choices":[{"not_picked":["Transmutation","Secret Technique"],"picked":"The Bomb","floor":0},{"not_picked":["Cloak And Dagger","Endless Agony"],"picked":"Flying Knee","floor":1},{"not_picked":["Quick Slash","Underhanded Strike"],"picked":"Flechettes","floor":2},{"not_picked":["Heel Hook","Outmaneuver"],"picked":"Backstab","floor":3},{"not_picked":["Calculated Gamble","Terror"],"picked":"Footwork","floor":5},{"not_picked":["Eviscerate","Quick Slash"],"picked":"Noxious Fumes","floor":8},{"not_picked":["Sucker Punch","Terror"],"picked":"Phantasmal Killer","floor":10},{"not_picked":["Eviscerate","Sucker Punch","Quick Slash"],"picked":"SKIP","floor":12},{"not_picked":["Distraction","Outmaneuver","A Thousand Cuts"],"picked":"SKIP","floor":14},{"not_picked":["Glass Knife","Die Die Die"],"picked":"After Image","floor":16},{"not_picked":["Prepared","Accuracy"],"picked":"Masterful Stab+1","floor":18},{"not_picked":["All Out Attack","Bane"],"picked":"PiercingWail","floor":21},{"not_picked":["PiercingWail","Distraction","Finisher"],"picked":"SKIP","floor":22}],"player_experience":2650507,"relics_obtained":[{"floor":8,"key":"Smiling Mask"},{"floor":9,"key":"Vajra"},{"floor":12,"key":"InkBottle"},{"floor":13,"key":"Odd Mushroom"},{"floor":14,"key":"Gambling Chip"},{"floor":19,"key":"Tiny Chest"}],"event_choices":[{"damage_healed":0,"gold_gain":0,"player_choice":"Lose Max HP","damage_taken":0,"relics_obtained":["Golden Idol"],"max_hp_gain":0,"max_hp_loss":6,"event_name":"Golden Idol","floor":4,"gold_loss":0},{"damage_healed":0,"gold_gain":0,"cards_transformed":["Strike_G"],"player_choice":"Change","damage_taken":0,"max_hp_gain":0,"max_hp_loss":0,"event_name":"Living Wall","floor":7,"gold_loss":0,"cards_obtained":["Glass Knife"]},{"damage_healed":0,"gold_gain":0,"player_choice":"Fought Mushrooms","damage_taken":0,"max_hp_gain":0,"max_hp_loss":0,"event_name":"Mushrooms","floor":13,"gold_loss":0},{"damage_healed":0,"gold_gain":0,"player_choice":"Relic","damage_taken":0,"max_hp_gain":0,"max_hp_loss":0,"event_name":"Wheel of Change","floor":19,"gold_loss":0}],"is_beta":false,"boss_relics":[{"not_picked":["Velvet Choker","Runic Dome"],"picked":"Astrolabe"}],"items_purged_floors":[20],"is_endless":false,"potions_floor_spawned":[1,5,8,14,18,21],"killed_by":"Gremlin Leader","ascension_level":20}}