{"host":"2se5dq1do2gp0x9k","time":1614227271,"event":{"mods":["AchievementEnabler","BaseMod","Block Reminder","Colored Map","Colored Powertips","Minty Spire (QoL Compilation)","Relic Stats","StSLib","SuperFastMode"],"gold_per_floor":[111,22,22,35,55,55,55,55,103,121,135,152,152,184,184,262,262,276,276,292,306,338,338,338],"floor_reached":23,"language":"ENG","playtime":836,"items_purged":[],"score":425,"play_id":"82df2cc5-29d4-47dc-83b1-af7fe8a6c7df","local_time":"20210224202751","is_ascension_mode":true,"campfire_choices":[{"data":"BowlingBash","floor":6.0,"key":"SMITH"},{"data":"Eruption","floor":8.0,"key":"SMITH"},{"data":"Nirvana","floor":13.0,"key":"SMITH"},{"data":"ThirdEye","floor":15.0,"key":"SMITH"}],"circlet_count":0,"master_deck":["AscendersBane","Strike_P+1","Strike_P+1","Strike_P+1","Defend_P+1","Defend_P+1","Eruption+1","Vigilance","Wireheading","Nirvana+1","CutThroughFate","BowlingBash+1","Tantrum","ThirdEye+1","WaveOfTheHand","CutThroughFate","Wallop","Fasting2"],"relics":["Philosopher\u0027s Stone","Bag of Preparation","Oddly Smooth Stone","Empty Cage","Red Mask"],"acts_visited":["Exordium","TheCity"],"potions_floor_usage":[],"damage_taken":[{"damage":0.0,"enemies":"Jaw Worm","floor":1.0,"turns":3.0},{"damage":15.0,"enemies":"Small Slimes","floor":4.0,"turns":3.0},{"damage":13.0,"enemies":"2 Louse","floor":5.0,"turns":4.0},{"damage":12.0,"enemies":"Gremlin Gang","floor":10.0,"turns":3.0},{"damage":0.0,"enemies":"3 Louse","floor":11.0,"turns":1.0},{"damage":9.0,"enemies":"Exordium Wildlife","floor":12.0,"turns":3.0},{"damage":0.0,"enemies":"Gremlin Nob","floor":14.0,"turns":2.0},{"damage":2.0,"enemies":"The Guardian","floor":16.0,"turns":12.0},{"damage":15.0,"enemies":"Spheric Guardian","floor":18.0,"turns":5.0},{"damage":0.0,"enemies":"3 Byrds","floor":20.0,"turns":3.0},{"damage":5.0,"enemies":"Centurion and Healer","floor":21.0,"turns":4.0},{"damage":0.0,"enemies":"Masked Bandits","floor":22.0,"turns":2.0},{"damage":78,"enemies":"Book of Stabbing","floor":23,"turns":3}],"seed_played":"5807306689639508109","potions_obtained":[{"floor":5.0,"key":"Regen Potion"},{"floor":12.0,"key":"BlessingOfTheForge"},{"floor":14.0,"key":"DistilledChaos"},{"floor":18.0,"key":"Swift Potion"}],"is_trial":false,"path_per_floor":["M","$","?","M","M","R","?","R","T","M","M","M","R","E","R","B",null,"M","?","M","M","?","E"],"character_chosen":"WATCHER","items_purchased":["Nirvana"],"campfire_rested":0,"item_purchase_floors":[2],"current_hp_per_floor":[61,61,54,39,26,26,48,48,48,36,36,27,27,27,27,40,61,46,46,46,41,41,0,0],"gold":338,"neow_bonus":"BOSS_RELIC","is_daily":false,"chose_seed":false,"campfire_upgraded":4,"win_rate":0.0,"timestamp":1614227271,"path_taken":["M","$","?","M","M","R","?","R","T","M","M","M","R","E","R","BOSS","M","?","M","M","?","E"],"items_purchased_type":["Card"],"build_version":"2020-12-22","purchased_purges":0,"victory":false,"max_hp_per_floor":[68,68,68,68,68,68,68,68,68,68,68,68,68,68,68,68,68,68,68,68,68,68,68,68],"relic_stats":{"counters":[13,48],"Bag of Preparation":[20],"obtain_stats":[{"Oddly Smooth Stone":14,"Philosopher\u0027s Stone":0,"Bag of Preparation":9,"Red Mask":22,"PureWater":0,"Empty Cage":17},{"Oddly Smooth Stone":7,"Philosopher\u0027s Stone":0,"Bag of Preparation":3,"Red Mask":12,"PureWater":0,"Empty Cage":8},{"Oddly Smooth Stone":19,"Philosopher\u0027s Stone":0,"Bag of Preparation":10,"Red Mask":45,"PureWater":0,"Empty Cage":31}]},"card_choices":[{"not_picked":["Evaluate","Prostrate"],"picked":"Wireheading","floor":1.0},{"not_picked":["EmptyBody","JustLucky"],"picked":"CutThroughFate","floor":4.0},{"not_picked":["Evaluate","Pray"],"picked":"BowlingBash","floor":5.0},{"not_picked":["Conclude","BattleHymn"],"picked":"Tantrum","floor":10.0},{"not_picked":["Vengeance","BowlingBash"],"picked":"ThirdEye","floor":11.0},{"not_picked":["Brilliance","Swivel","FollowUp"],"picked":"SKIP","floor":12.0},{"not_picked":["EmptyFist","Perseverance"],"picked":"WaveOfTheHand","floor":14.0},{"not_picked":["DeceiveReality","WindmillStrike","EmptyFist"],"picked":"SKIP","floor":18.0},{"not_picked":["Prostrate","FollowUp"],"picked":"CutThroughFate","floor":20.0},{"not_picked":["Wireheading","WaveOfTheHand"],"picked":"Wallop","floor":21.0},{"not_picked":["Indignation","Worship"],"picked":"Fasting2","floor":22.0}],"player_experience":4147339,"relics_obtained":[{"floor":9.0,"key":"Bag of Preparation"},{"floor":14.0,"key":"Oddly Smooth Stone"},{"floor":22.0,"key":"Red Mask"}],"event_choices":[{"cards_removed":["Defend_P"],"damage_healed":0.0,"max_hp_gain":0.0,"max_hp_loss":0.0,"gold_gain":0.0,"event_name":"Golden Wing","player_choice":"Card Removal","floor":3.0,"gold_loss":0.0,"damage_taken":7.0},{"damage_healed":22.0,"max_hp_gain":0.0,"max_hp_loss":0.0,"gold_gain":0.0,"event_name":"Big Fish","player_choice":"Banana","floor":7.0,"gold_loss":0.0,"damage_taken":0.0},{"damage_healed":0.0,"max_hp_gain":0.0,"max_hp_loss":0.0,"gold_gain":0.0,"event_name":"Back to Basics","player_choice":"Simplicity","floor":19.0,"gold_loss":0.0,"damage_taken":0.0,"cards_upgraded":["Strike_P","Strike_P","Strike_P","Defend_P","Defend_P"]},{"damage_healed":0.0,"max_hp_gain":0.0,"max_hp_loss":0.0,"gold_gain":0.0,"event_name":"Masked Bandits","player_choice":"Fought Bandits","floor":22.0,"gold_loss":0.0,"damage_taken":0.0}],"is_beta":false,"boss_relics":[{"not_picked":["Runic Dome","Fusion Hammer"],"picked":"Empty Cage"}],"items_purged_floors":[],"is_endless":false,"potions_floor_spawned":[5,12,14,18],"killed_by":"Book of Stabbing","ascension_level":19}}