{"host":"a3wpq7kyokchzawk","time":1614218254,"event":{"mods":["BaseMod","Colored Map","Highlight Path","Minty Spire (QoL Compilation)","Permanent Neow","Potion Indicator Mod","Relic Stats","Weighted Paths"],"gold_per_floor":[37,69,101,171,182,182,9,100,127,127,167,182,182,217,217,217,217],"floor_reached":16,"language":"ENG","playtime":1588,"items_purged":[],"score":224,"play_id":"cfc617b0-0968-4321-b373-ea1ac9f4b9b7","local_time":"20210224225734","is_ascension_mode":true,"campfire_choices":[{"data":"Bash","floor":6,"key":"SMITH"},{"data":"HandOfGreed","floor":13,"key":"SMITH"},{"data":"True Grit","floor":15,"key":"SMITH"}],"circlet_count":0,"master_deck":["AscendersBane","Strike_R+1","Strike_R","Strike_R","Strike_R","Strike_R+1","Defend_R","Defend_R","Defend_R","Defend_R","Bash+1","HandOfGreed+1","Iron Wave","Sword Boomerang","Battle Trance","Evolve","Whirlwind","True Grit+1","Feed","Shockwave","Uppercut"],"relics":["Burning Blood","Whetstone","Toy Ornithopter","Smiling Mask"],"acts_visited":["Exordium"],"potions_floor_usage":[8,12,14,16,16],"damage_taken":[{"damage":7,"enemies":"Jaw Worm","floor":1,"turns":3},{"damage":3,"enemies":"2 Louse","floor":2,"turns":2},{"damage":7,"enemies":"Cultist","floor":3,"turns":4},{"damage":12,"enemies":"Looter","floor":5,"turns":4},{"damage":19,"enemies":"3 Sentries","floor":8,"turns":7},{"damage":16,"enemies":"Large Slime","floor":11,"turns":5},{"damage":13,"enemies":"Blue Slaver","floor":12,"turns":2},{"damage":30,"enemies":"Lagavulin","floor":14,"turns":6},{"damage":47,"enemies":"Hexaghost","floor":16,"turns":9}],"seed_played":"1550723681947713608","potions_obtained":[{"floor":1,"key":"AttackPotion"},{"floor":2,"key":"BloodPotion"},{"floor":3,"key":"HeartOfIron"},{"floor":12,"key":"EntropicBrew"}],"is_trial":false,"path_per_floor":["M","M","M","?","M","R","$","E","T","?","M","M","R","E","R","B"],"character_chosen":"IRONCLAD","items_purchased":["Evolve","Whirlwind","True Grit"],"campfire_rested":0,"item_purchase_floors":[7,7,7],"current_hp_per_floor":[67,70,69,69,63,63,63,50,50,50,43,56,56,37,37,0,0],"gold":217,"neow_bonus":"RANDOM_COLORLESS_2","is_daily":false,"chose_seed":false,"campfire_upgraded":3,"win_rate":0.0,"timestamp":1614218254,"path_taken":["M","M","M","?","M","R","$","E","T","?","M","M","R","E","R","BOSS"],"items_purchased_type":["Card","Card","Card"],"build_version":"2020-12-22","purchased_purges":0,"victory":false,"max_hp_per_floor":[75,75,75,75,75,75,75,75,75,75,78,78,78,78,78,78,78],"relic_stats":{"counters":[9,42],"Whetstone":["Strike_R","Strike_R"],"Smiling Mask":0,"obtain_stats":[{"Whetstone":8,"Smiling Mask":14,"Burning Blood":0,"Toy Ornithopter":9},{"Whetstone":5,"Smiling Mask":8,"Burning Blood":0,"Toy Ornithopter":5},{"Whetstone":20,"Smiling Mask":33,"Burning Blood":0,"Toy Ornithopter":20}],"Burning Blood":48,"Toy Ornithopter":20},"card_choices":[{"not_picked":["Panache","Magnetism"],"picked":"HandOfGreed","floor":0},{"not_picked":["Dark Embrace","Dual Wield"],"picked":"Iron Wave","floor":1},{"not_picked":["Carnage","Sentinel","Clash"],"picked":"SKIP","floor":2},{"not_picked":["Dual Wield","Anger"],"picked":"Sword Boomerang","floor":3},{"not_picked":["Heavy Blade","Wild Strike"],"picked":"Battle Trance","floor":5},{"not_picked":["Sword Boomerang","Perfected Strike","Exhume"],"picked":"SKIP","floor":8},{"not_picked":["Feel No Pain","Havoc"],"picked":"Shockwave","floor":11},{"not_picked":["Pommel Strike","Iron Wave","Seeing Red"],"picked":"SKIP","floor":12},{"not_picked":["Evolve","Whirlwind"],"picked":"Uppercut","floor":14}],"player_experience":2852431,"relics_obtained":[{"floor":8,"key":"Whetstone"},{"floor":9,"key":"Toy Ornithopter"},{"floor":14,"key":"Smiling Mask"}],"event_choices":[{"damage_healed":0,"gold_gain":70,"player_choice":"Gained Gold","damage_taken":0,"max_hp_gain":0,"max_hp_loss":0,"event_name":"Golden Wing","floor":4,"gold_loss":0},{"damage_healed":0,"gold_gain":0,"player_choice":"1 cards matched","damage_taken":0,"max_hp_gain":0,"max_hp_loss":0,"event_name":"Match and Keep!","floor":10,"gold_loss":0,"cards_obtained":["Feed"]}],"is_beta":false,"boss_relics":[],"items_purged_floors":[],"is_endless":false,"potions_floor_spawned":[1,2,3,12],"killed_by":"Hexaghost","ascension_level":20}}