{"host":"sc0o2qwpf9j16a4i","time":1614258686,"event":{"mods":["AchievementEnabler","BaseMod","BetterRewards","Block Reminder","Colored Map","Colored Powertips","Custom Start","Highlight Path","Minty Spire (QoL Compilation)","Relic Stats"],"gold_per_floor":[159,10,10,64,64,163,205,253,253,310,412,435,477,552,552,837,837,897,897,948,185,185,185,284,344,344,27,108,108,168,225,225,534,534,582,386,437,470,142,238,334,209,209,209,344,440,163,163,163,163],"floor_reached":51,"language":"ENG","playtime":1523,"items_purged":[],"score":1393,"play_id":"05b2c4f8-e769-4f05-bde2-6240aad366b4","local_time":"20210225151126","daily_mods":["Insanity","Colorless Cards","Midas"],"is_ascension_mode":false,"campfire_choices":[{"floor":15,"key":"REST"},{"floor":23,"key":"REST"},{"floor":29,"key":"REST"},{"floor":32,"key":"REST"},{"floor":49,"key":"REST"}],"circlet_count":0,"master_deck":["Iron Wave","Finesse","Warcry","Shrug It Off","Dramatic Entrance","Clash","Pommel Strike","Cleave","Headbutt","Blind","Disarm+1","Rampage","Warcry","Shrug It Off","Headbutt","Twin Strike","True Grit","Seeing Red","Flex","Thunderclap","Feel No Pain","Anger","Trip","Dark Shackles","Trip","Fire Breathing","Shrug It Off","Feel No Pain","Spot Weakness","Heavy Blade","Warcry","Thunderclap","Feel No Pain","Madness","Flex","Warcry","Spot Weakness","Trip","Sword Boomerang","Perfected Strike","Warcry","Flame Barrier","Perfected Strike","Warcry","Warcry","Infernal Blade","Armaments","Armaments","Hemokinesis","Spot Weakness","Shrug It Off","True Grit","Headbutt","Anger","Armaments","Perfected Strike","Heavy Blade","True Grit","Perfected Strike","Headbutt+1","Heavy Blade","Pommel Strike","Mind Blast","Twin Strike","Infernal Blade","Feed","Flex","Feel No Pain","Iron Wave","Discovery+1","Pommel Strike","Pommel Strike+1","Dark Shackles+1","Mind Blast","Feel No Pain+1","Heavy Blade","Feel No Pain","Feed","Anger","Havoc+1","Headbutt+1","Shrug It Off","Dramatic Entrance","Flex"],"relics":["Burning Blood","Eternal Feather","TungstenRod","FossilizedHelix","MealTicket","Bag of Preparation","SacredBark","Gremlin Horn","Oddly Smooth Stone","Toolbox","MutagenicStrength","WingedGreaves","Bottled Flame","Singing Bowl","Ancient Tea Set","Fusion Hammer","Sling","Membership Card","Paper Frog","Potion Belt","Juzu Bracelet","White Beast Statue","Charon\u0027s Ashes","HornCleat","ClockworkSouvenir","Shuriken"],"acts_visited":["Exordium","TheCity","TheBeyond"],"potions_floor_usage":[6,13,16,16,24,33,46,50],"damage_taken":[{"damage":11,"enemies":"Jaw Worm","floor":1,"turns":2},{"damage":1,"enemies":"Small Slimes","floor":4,"turns":2},{"damage":18,"enemies":"Gremlin Nob","floor":6,"turns":3},{"damage":2,"enemies":"Cultist","floor":7,"turns":2},{"damage":7,"enemies":"Exordium Wildlife","floor":8,"turns":3},{"damage":0,"enemies":"3 Louse","floor":10,"turns":1},{"damage":10,"enemies":"Lagavulin","floor":11,"turns":7},{"damage":0,"enemies":"2 Fungi Beasts","floor":13,"turns":3},{"damage":0,"enemies":"Gremlin Nob","floor":14,"turns":3},{"damage":0,"enemies":"Hexaghost","floor":16,"turns":9},{"damage":0,"enemies":"Shell Parasite","floor":18,"turns":4},{"damage":10,"enemies":"Spheric Guardian","floor":20,"turns":7},{"damage":7,"enemies":"Book of Stabbing","floor":24,"turns":3},{"damage":6,"enemies":"Snake Plant","floor":25,"turns":2},{"damage":0,"enemies":"Gremlin Leader","floor":28,"turns":1},{"damage":0,"enemies":"Cultist and Chosen","floor":30,"turns":1},{"damage":0,"enemies":"Snecko","floor":31,"turns":1},{"damage":46,"enemies":"Collector","floor":33,"turns":9},{"damage":0,"enemies":"Orb Walker","floor":35,"turns":1},{"damage":0,"enemies":"3 Darklings","floor":37,"turns":1},{"damage":0,"enemies":"4 Shapes","floor":38,"turns":2},{"damage":0,"enemies":"Giant Head","floor":40,"turns":2},{"damage":0,"enemies":"Reptomancer","floor":41,"turns":1},{"damage":0,"enemies":"2 Orb Walkers","floor":45,"turns":1},{"damage":0,"enemies":"Giant Head","floor":46,"turns":4},{"damage":0,"enemies":"Awakened One","floor":50,"turns":2}],"seed_played":"1692049522339775301","potions_obtained":[{"floor":5,"key":"BlessingOfTheForge"},{"floor":8,"key":"Fruit Juice"},{"floor":13,"key":"SkillPotion"},{"floor":18,"key":"SteroidPotion"},{"floor":25,"key":"ElixirPotion"},{"floor":28,"key":"Dexterity Potion"},{"floor":33,"key":"Block Potion"},{"floor":40,"key":"DistilledChaos"},{"floor":45,"key":"AttackPotion"},{"floor":46,"key":"LiquidMemories"}],"is_trial":true,"path_per_floor":["M","$","?","M","?","E","M","M","T","M","E","T","M","E","R","B",null,"M","?","M","$","?","R","E","M","T","$","E","R","M","M","R","B",null,"M","$","M","M","$","E","E","$","T","?","?","E","$","?","R","B",null],"character_chosen":"IRONCLAD","items_purchased":["Shrug It Off","Strength Potion","BloodPotion","Gremlin Horn","Oddly Smooth Stone","Toolbox","Pommel Strike","Mind Blast","DuplicationPotion","Singing Bowl","Feed","Sling","Pommel Strike","Membership Card","Paper Frog","Mind Blast","Feel No Pain","Feed","Anger","ClockworkSouvenir","Shuriken","Shrug It Off","Dramatic Entrance","Flex"],"campfire_rested":5,"item_purchase_floors":[2,2,2,21,21,21,21,21,21,27,27,36,36,39,39,39,42,42,42,47,47,47,47,47],"current_hp_per_floor":[75,75,75,80,80,68,72,71,71,77,73,73,84,85,85,85,85,85,85,81,85,85,85,85,85,85,85,85,85,85,85,85,47,87,87,87,90,90,90,90,90,90,90,90,90,90,90,85,85,85],"gold":163,"neow_bonus":"","is_daily":false,"chose_seed":false,"campfire_upgraded":0,"win_rate":0.0,"timestamp":1614258686,"path_taken":["M","$","?","M","?","E","M","?","T","M","E","?","M","E","R","BOSS","M","?","M","$","?","R","E","M","T","?","E","R","M","M","R","BOSS","M","$","?","M","?","E","E","?","T","?","?","E","$","?","R","BOSS"],"items_purchased_type":["Card","Potion","Potion","Relic","Relic","Relic","Card","Card","Potion","Relic","Card","Relic","Card","Relic","Relic","Card","Card","Card","Card","Relic","Relic","Card","Card","Card"],"build_version":"2020-12-22","purchased_purges":0,"victory":true,"max_hp_per_floor":[80,80,80,80,80,80,80,80,80,80,80,80,85,85,85,85,85,85,85,85,85,85,85,85,85,85,85,85,85,85,85,85,87,87,87,87,90,90,90,90,90,90,90,90,90,90,90,85,85,85],"relic_stats":{"Gremlin Horn":[16,16],"Singing Bowl":2,"counters":[26,77],"Shuriken":[2],"Eternal Feather":0,"MealTicket":4,"Charon\u0027s Ashes":[24],"Bag of Preparation":[34],"Juzu Bracelet":0,"obtain_stats":[{"Gremlin Horn":21,"Singing Bowl":27,"SacredBark":17,"Bag of Preparation":14,"Juzu Bracelet":41,"Ancient Tea Set":28,"Sling":36,"Burning Blood":0,"ClockworkSouvenir":47,"HornCleat":46,"Toolbox":21,"MealTicket":12,"WingedGreaves":24,"Fusion Hammer":34,"Paper Frog":39,"Potion Belt":40,"Oddly Smooth Stone":21,"Eternal Feather":6,"Charon\u0027s Ashes":45,"White Beast Statue":43,"Bottled Flame":26,"Shuriken":47,"MutagenicStrength":22,"Membership Card":39,"TungstenRod":9,"FossilizedHelix":11},{"Gremlin Horn":12,"Singing Bowl":14,"SacredBark":10,"Bag of Preparation":9,"Juzu Bracelet":23,"Ancient Tea Set":15,"Sling":19,"Burning Blood":0,"ClockworkSouvenir":25,"HornCleat":25,"Toolbox":12,"MealTicket":7,"WingedGreaves":13,"Fusion Hammer":18,"Paper Frog":21,"Potion Belt":22,"Oddly Smooth Stone":12,"Eternal Feather":3,"Charon\u0027s Ashes":24,"White Beast Statue":23,"Bottled Flame":14,"Shuriken":25,"MutagenicStrength":12,"Membership Card":21,"TungstenRod":5,"FossilizedHelix":7},{"Gremlin Horn":46,"Singing Bowl":51,"SacredBark":35,"Bag of Preparation":26,"Juzu Bracelet":70,"Ancient Tea Set":52,"Sling":64,"Burning Blood":0,"ClockworkSouvenir":75,"HornCleat":75,"Toolbox":46,"MealTicket":20,"WingedGreaves":49,"Fusion Hammer":63,"Paper Frog":67,"Potion Belt":69,"Oddly Smooth Stone":46,"Eternal Feather":7,"Charon\u0027s Ashes":71,"White Beast Statue":70,"Bottled Flame":51,"Shuriken":75,"MutagenicStrength":46,"Membership Card":67,"TungstenRod":12,"FossilizedHelix":20}],"Burning Blood":67,"TungstenRod":13},"card_choices":[{"not_picked":["Perfected Strike","Fire Breathing"],"picked":"Spot Weakness","floor":1},{"not_picked":["Swift Strike","Combust"],"picked":"True Grit","floor":4},{"not_picked":["Hemokinesis","Havoc"],"picked":"Headbutt","floor":6},{"not_picked":["Cleave","Clothesline"],"picked":"Anger","floor":7},{"not_picked":["Thunderclap","Body Slam"],"picked":"Armaments","floor":8},{"not_picked":["Clash","Clothesline"],"picked":"Perfected Strike","floor":10},{"not_picked":["Clash","Dark Embrace"],"picked":"Heavy Blade","floor":11},{"not_picked":["Dual Wield","Master of Strategy"],"picked":"True Grit","floor":13},{"not_picked":["Flex","Disarm"],"picked":"Perfected Strike","floor":14},{"not_picked":["Heavy Blade","Deep Breath+1"],"picked":"Headbutt+1","floor":18},{"not_picked":["Thunderclap","Clothesline+1"],"picked":"Heavy Blade","floor":20},{"not_picked":["Shrug It Off","Intimidate"],"picked":"Twin Strike","floor":24},{"not_picked":["Wild Strike+1","Inflame"],"picked":"Infernal Blade","floor":25},{"not_picked":["Secret Weapon","Power Through+1"],"picked":"Flex","floor":28},{"not_picked":["True Grit","Warcry"],"picked":"Feel No Pain","floor":30},{"not_picked":["Flash of Steel","Cleave"],"picked":"Iron Wave","floor":31},{"not_picked":["Limit Break","Bludgeon","Immolate"],"picked":"Singing Bowl","floor":33},{"not_picked":["Rampage","Whirlwind"],"picked":"Discovery+1","floor":35},{"not_picked":["Combust+1","Clash"],"picked":"Pommel Strike+1","floor":37},{"not_picked":["Headbutt+1","Armaments"],"picked":"Dark Shackles+1","floor":38},{"not_picked":["Finesse","Twin Strike+1"],"picked":"Feel No Pain+1","floor":40},{"not_picked":["Fire Breathing","Clothesline"],"picked":"Heavy Blade","floor":41},{"not_picked":["Armaments+1","Clash"],"picked":"Havoc+1","floor":45},{"not_picked":["Armaments+1","Combust"],"picked":"Headbutt+1","floor":46}],"player_experience":1545855,"relics_obtained":[{"floor":6,"key":"Eternal Feather"},{"floor":9,"key":"TungstenRod"},{"floor":11,"key":"FossilizedHelix"},{"floor":12,"key":"MealTicket"},{"floor":14,"key":"Bag of Preparation"},{"floor":24,"key":"WingedGreaves"},{"floor":26,"key":"Bottled Flame"},{"floor":28,"key":"Ancient Tea Set"},{"floor":40,"key":"Potion Belt"},{"floor":41,"key":"Juzu Bracelet"},{"floor":43,"key":"White Beast Statue"},{"floor":45,"key":"Charon\u0027s Ashes"},{"floor":46,"key":"HornCleat"}],"event_choices":[{"damage_healed":0,"gold_gain":0,"player_choice":"Grow","damage_taken":0,"max_hp_gain":0,"max_hp_loss":0,"event_name":"Living Wall","floor":3,"gold_loss":0,"cards_upgraded":["Disarm"]},{"damage_healed":0,"gold_gain":0,"player_choice":"Got Potions","damage_taken":0,"max_hp_gain":0,"max_hp_loss":0,"event_name":"Lab","floor":5,"gold_loss":0},{"damage_healed":0,"gold_gain":0,"player_choice":"Simplicity","damage_taken":0,"max_hp_gain":0,"max_hp_loss":0,"event_name":"Back to Basics","floor":19,"gold_loss":0,"cards_upgraded":[]},{"damage_healed":0,"gold_gain":0,"player_choice":"Inject Mutagens","damage_taken":0,"relics_obtained":["MutagenicStrength"],"max_hp_gain":0,"max_hp_loss":0,"event_name":"Drug Dealer","floor":22,"gold_loss":0},{"cards_removed":["Iron Wave"],"damage_healed":0,"gold_gain":0,"player_choice":"Removed Attack","damage_taken":0,"max_hp_gain":0,"max_hp_loss":0,"event_name":"Falling","floor":44,"gold_loss":0},{"damage_healed":0,"gold_gain":0,"player_choice":"Fight","damage_taken":0,"max_hp_gain":0,"max_hp_loss":0,"event_name":"Mysterious Sphere","floor":45,"gold_loss":0},{"damage_healed":0,"gold_gain":0,"player_choice":"Max HP","damage_taken":0,"max_hp_gain":0,"max_hp_loss":5,"event_name":"Winding Halls","floor":48,"gold_loss":0}],"is_beta":false,"boss_relics":[{"not_picked":["Snecko Eye","Empty Cage"],"picked":"SacredBark"},{"not_picked":["Runic Dome","SlaversCollar"],"picked":"Fusion Hammer"}],"items_purged_floors":[],"is_endless":false,"potions_floor_spawned":[8,11,13,18,25,28,33,40,45,46],"ascension_level":0}}