{"host":"m6aaltr68g9tvoay","time":1614224165,"event":{"mods":["AchievementEnabler","BaseMod","Colored Map","Downfall","Minty Spire (QoL Compilation)","Slay the Relics Exporter","StSLib"],"gold_per_floor":[99,117,10,23,23,23,77,77,132,42,58,58,68,82,102,175,175,75,93,93,110,110,143,143,143,143,143,143],"floor_reached":26,"language":"ENG","playtime":3074,"items_purged":["bronze:Strike"],"score":367,"play_id":"582461dc-c2ae-4c51-af6d-92473cb773e5","local_time":"20210224193605","is_ascension_mode":true,"campfire_choices":[{"floor":1,"key":"RECALL"},{"data":"bronze:RecursiveStrike","floor":8,"key":"SMITH"},{"floor":12,"key":"REST"},{"floor":18,"key":"REST"},{"floor":25,"key":"REST"}],"circlet_count":0,"master_deck":["AscendersBane","bronze:Strike","bronze:Strike","bronze:Defend","bronze:Defend","bronze:Defend","bronze:Defend","bronze:Replicate","bronze:Goto","bronze:RecursiveStrike+1","bronze:WhirlingStrike","bronze:FollowUp","expansioncontent:YouAreMine+1","bronze:GetLatest","bronze:Explode","bronze:Allocate","bronze:BuggyMess","bronze:BugBarrage","bronze:Frontload","bronze:Branch","bronze:Flail","bronze:BugBarrage","bronze:Mutator","bronze:Flail"],"relics":["bronze:BronzeCore","Anchor","Happy Flower","Black Star","downfall:HeartBlessingRed","MutagenicStrength","Ginger","Bottled Lightning","Vajra"],"acts_visited":["Exordium","TheCity"],"potions_floor_usage":[9,16,16,23,23],"damage_taken":[{"damage":0,"enemies":"Cultist","floor":2,"turns":4},{"damage":0,"enemies":"downfall:FleeingMerchant","floor":3,"turns":4},{"damage":0,"enemies":"Small Slimes","floor":4,"turns":3},{"damage":0,"enemies":"Small Slimes","floor":5,"turns":1},{"damage":28,"enemies":"Lagavulin Event","floor":9,"turns":5},{"damage":4,"enemies":"downfall:FleeingMerchant","floor":10,"turns":4},{"damage":0,"enemies":"2 Louse","floor":11,"turns":1},{"damage":0,"enemies":"2 Fungi Beasts","floor":13,"turns":2},{"damage":0,"enemies":"3 Louse","floor":14,"turns":2},{"damage":0,"enemies":"Red Slaver","floor":15,"turns":2},{"damage":25,"enemies":"SI_SHIV_ARCHETYPE","floor":16,"turns":12},{"damage":8,"enemies":"downfall:LooterAlt2","floor":19,"turns":2},{"damage":0,"enemies":"Chosen","floor":21,"turns":3},{"damage":55,"enemies":"Book of Stabbing","floor":23,"turns":7},{"damage":31,"enemies":"Snake Plant","floor":26,"turns":3}],"seed_played":"3023713042166639704","potions_obtained":[{"floor":4,"key":"sneckomod:MuddlingPotion"},{"floor":5,"key":"Swift Potion"},{"floor":9,"key":"Fruit Juice"},{"floor":13,"key":"Weak Potion"},{"floor":16,"key":"SpeedPotion"},{"floor":21,"key":"SpeedPotion"}],"is_trial":false,"path_per_floor":["R","M","$","M","?","?","T","R","?","$","M","R","M","M","M","B",null,"R","M","?","M","?","E","T","R","M"],"character_chosen":"THE_AUTOMATON","items_purchased":["expansioncontent:YouAreMine+1"],"campfire_rested":3,"item_purchase_floors":[3],"current_hp_per_floor":[57,57,57,57,57,57,57,57,34,30,30,50,50,50,50,25,57,68,60,60,60,60,5,5,25,0,0,0],"gold":143,"neow_bonus":"ONE_RANDOM_RARE_CARD","is_daily":false,"chose_seed":false,"campfire_upgraded":1,"win_rate":0.0,"timestamp":1614224165,"path_taken":["R","M","?","M","?","?","T","R","?","$","M","R","M","M","M","BOSS","R","M","?","M","?","E","T","R","M"],"items_purchased_type":["Card"],"build_version":"2020-12-22","purchased_purges":1,"victory":false,"max_hp_per_floor":[63,63,63,63,63,63,63,63,68,68,68,68,68,68,68,68,68,68,68,68,68,68,68,68,68,68,68,68],"card_choices":[{"not_picked":["bronze:Constructor","bronze:Turbo"],"picked":"bronze:WhirlingStrike","floor":2},{"not_picked":["bronze:Constructor","bronze:WhirlingStrike"],"picked":"bronze:FollowUp","floor":3},{"not_picked":["bronze:Deprecate","bronze:CloningBeam"],"picked":"bronze:GetLatest","floor":4},{"not_picked":[],"picked":"bronze:Explode","floor":5},{"not_picked":["bronze:Backtrace","bronze:Deprecate"],"picked":"bronze:Allocate","floor":5},{"not_picked":["bronze:Philosophize","bronze:OilSpill"],"picked":"bronze:BugBarrage","floor":9},{"not_picked":["bronze:ShipIt","bronze:CutThrough"],"picked":"bronze:Frontload","floor":10},{"not_picked":["bronze:DelayedGuard","bronze:DelayedSlice"],"picked":"bronze:Branch","floor":11},{"not_picked":["bronze:BugBarrage","bronze:WildBeam"],"picked":"bronze:Flail","floor":13},{"not_picked":["bronze:ChosenStrike","bronze:DelayedGuard","bronze:DigitalCarnage"],"picked":"SKIP","floor":14},{"not_picked":["bronze:BuggyMess","bronze:Frontload"],"picked":"bronze:BugBarrage","floor":15},{"not_picked":["bronze:Verify","bronze:Assembly"],"picked":"bronze:Mutator","floor":16},{"not_picked":["bronze:Philosophize","bronze:Optimize"],"picked":"bronze:Flail","floor":19},{"not_picked":["bronze:Philosophize+1","bronze:DelayedSlice+1","bronze:ClassDefault"],"picked":"SKIP","floor":21},{"not_picked":["bronze:Iterate","bronze:ChosenStrike","bronze:Constructor"],"picked":"SKIP","floor":23}],"player_experience":1919114,"relics_obtained":[{"floor":7,"key":"Anchor"},{"floor":9,"key":"Happy Flower"},{"floor":23,"key":"Ginger"},{"floor":23,"key":"Bottled Lightning"},{"floor":24,"key":"Vajra"}],"event_choices":[{"damage_healed":0,"gold_gain":0,"player_choice":"Inject Mutagens","damage_taken":0,"relics_obtained":["MutagenicStrength"],"max_hp_gain":0,"max_hp_loss":0,"event_name":"Drug Dealer","floor":20,"gold_loss":0}],"is_beta":false,"boss_relics":[{"not_picked":["Busted Crown","Empty Cage"],"picked":"Black Star"}],"items_purged_floors":[10],"is_endless":false,"potions_floor_spawned":[4,5,9,13,16,21],"killed_by":"Snake Plant","ascension_level":14}}