{"host":"yam1wfjwvpwz1503","time":1614226614,"event":{"mods":["Act Like it!","Aspiration","Bard","BaseMod","Beaked The Cultist","Colored Powertips","Custom Start","Downfall","Friendly Minions","Hallownest","Hermit","Highlight Path","Hubris","Infinite Spire","Lobotomy","Minty Spire (QoL Compilation)","Quick Restart","Random Character Button","Replay The Spire","Shop Mod","StSLib","The Bug Knight","The Cursed","The Disciple","The Jungle","The Kombatant","The Runesmith"],"gold_per_floor":[114,114,114,132,142,176,176,211,238,250,13,13,13,37,37,37,37,37],"floor_reached":16,"language":"ENG","playtime":785,"items_purged":[],"score":110,"play_id":"e2848e18-42a3-4108-929c-90b23537e69c","local_time":"20210225061654","is_ascension_mode":false,"campfire_choices":[{"floor":7,"key":"REST"},{"floor":12,"key":"REST"}],"circlet_count":0,"master_deck":["Guardian:Strike_Guardian","Guardian:Strike_Guardian+1","Guardian:Strike_Guardian","Guardian:Strike_Guardian","Guardian:Defend_Guardian","Guardian:Defend_Guardian","Guardian:Defend_Guardian","Guardian:Defend_Guardian","Guardian:CurlUp","Guardian:TwinSlam+1","Guardian:TimeBomb","Guardian:BaubleBeam","Guardian:PrismaticBarrier+1","Guardian:Gem_White","Guardian:CrystalBeam"],"relics":["Guardian:ModeShifter","Guardian:PickAxe","Strawberry","HornCleat","Replay:Towering Pillar of Hats","Guardian:DefensiveModeMoreBlock","Whetstone","Golden Idol"],"acts_visited":["Exordium"],"potions_floor_usage":[6,16],"damage_taken":[{"damage":0,"enemies":"Cultist","floor":1,"turns":4},{"damage":20,"enemies":"Jaw Worm","floor":4,"turns":4},{"damage":14,"enemies":"2 Louse","floor":5,"turns":4},{"damage":26,"enemies":"3 Sentries","floor":6,"turns":10},{"damage":18,"enemies":"Gremlin Nob","floor":8,"turns":6},{"damage":1,"enemies":"Looter","floor":10,"turns":4},{"damage":8,"enemies":"Red Slaver","floor":14,"turns":4},{"damage":88,"enemies":"Fading Forest","floor":16,"turns":10}],"seed_played":"6139434172540292946","potions_obtained":[{"floor":4,"key":"DistilledChaos"},{"floor":8,"key":"sneckomod:MuddlingPotion"},{"floor":10,"key":"BlessingOfTheForge"}],"is_trial":false,"path_per_floor":["M","T","?","M","M","E","R","E","T","M","$","R","?","M","R","B"],"character_chosen":"GUARDIAN","items_purchased":["Guardian:Gem_White","Whetstone"],"campfire_rested":2,"item_purchase_floors":[11,11],"current_hp_per_floor":[80,87,87,67,53,27,53,35,35,34,34,60,60,52,76,0,0,0],"gold":37,"neow_bonus":"RANDOM_COMMON_RELIC","is_daily":false,"chose_seed":false,"campfire_upgraded":0,"win_rate":0.0,"timestamp":1614226614,"path_taken":["M","?","?","?","M","E","R","E","T","?","$","R","?","M","R","BOSS"],"items_purchased_type":["Card","Relic"],"build_version":"2020-12-22","purchased_purges":0,"victory":false,"max_hp_per_floor":[80,87,87,87,87,87,87,87,87,87,87,87,81,81,81,81,81,81],"card_choices":[{"not_picked":["Guardian:ArmoredProtocol","Guardian:Gem_Fragmented"],"picked":"Guardian:TimeBomb","floor":1},{"not_picked":["Guardian:Gem_Red","Guardian:PrismaticBarrier"],"picked":"Guardian:Gem_Blue","floor":4},{"not_picked":["Guardian:WalkerClaw","Guardian:PrismaticBeam","Guardian:RollAttack"],"picked":"SKIP","floor":5},{"not_picked":["Guardian:Recover","Guardian:SpikerProtocol"],"picked":"Guardian:Gem_Lightblue","floor":6},{"not_picked":["Guardian:CrystalBeam","Guardian:BronzeOrb"],"picked":"Guardian:Gem_White","floor":8},{"not_picked":["Guardian:VentSteam","Guardian:Gem_Red"],"picked":"Guardian:Gem_Green","floor":10},{"not_picked":["Guardian:Gem_Red","Guardian:WalkerClaw"],"picked":"Guardian:CrystalBeam","floor":14}],"player_experience":1307090,"relics_obtained":[{"floor":2,"key":"Strawberry"},{"floor":6,"key":"HornCleat"},{"floor":8,"key":"Replay:Towering Pillar of Hats"},{"floor":9,"key":"Guardian:DefensiveModeMoreBlock"}],"event_choices":[{"damage_healed":0,"gold_gain":0,"player_choice":"2 cards matched","damage_taken":0,"max_hp_gain":0,"max_hp_loss":0,"event_name":"Match and Keep!","floor":3,"gold_loss":0,"cards_obtained":["Guardian:BaubleBeam","Guardian:PrismaticBarrier"]},{"damage_healed":0,"gold_gain":0,"player_choice":"Lose Max HP","damage_taken":0,"relics_obtained":["Golden Idol"],"max_hp_gain":0,"max_hp_loss":6,"event_name":"Golden Idol","floor":13,"gold_loss":0}],"is_beta":false,"boss_relics":[],"items_purged_floors":[],"is_endless":false,"potions_floor_spawned":[4,8,10],"killed_by":"Fading Forest","ascension_level":0}}