{"host":"id23shmscryl4psl","time":1614224849,"event":{"mods":["BaseMod","Better Altar","Better Match","Better Note","Better Sensory Stone","Better Skull","Better Third Choice","Colored Map","Colored Powertips","Dark Map","Downfall","FTL Soundtrack","Minty Spire (QoL Compilation)","Rare Cards Sparkle","Relic Stats","Robot Space Explorer","StSLib"],"gold_per_floor":[99,109,109,109,122,152,152,177,77,108,108,108,108,123,136,231,231,231,243,259,259,277,309,309,328,328,328,328],"floor_reached":26,"language":"ENG","playtime":1156,"items_purged":[],"score":308,"play_id":"9bb6f227-0ba9-4ff1-9981-a9f8cb19069b","local_time":"20210224204729","is_ascension_mode":true,"campfire_choices":[{"data":"Slimebound:Split","floor":1,"key":"SMITH"},{"data":"Slimebound:DouseInSlime","floor":9,"key":"SMITH"},{"data":"Slimebound:CorrosiveSpit","floor":11,"key":"SMITH"},{"data":"Slimebound:OozeBath","floor":18,"key":"SMITH"}],"circlet_count":0,"master_deck":["Slimebound:Strike_Slimebound","Slimebound:Strike_Slimebound","Slimebound:Defend_Slimebound","Slimebound:Defend_Slimebound","Slimebound:Defend_Slimebound","Slimebound:Defend_Slimebound","Slimebound:Split+1","Slimebound:CorrosiveSpit+1","Slimebound:SamplingLick","Slimebound:ItLooksTasty+1","Slimebound:DouseInSlime+1","Slimebound:MassFeed+1","Slimebound:SplitMire","Slimebound:SlimeSlap","Slimebound:GrowthPunch","Slimebound:SplitAcid","Slimebound:OozeBath+1","Slimebound:GrowthPunch+1","Slimebound:SpikyOuterGoop+1","Necronomicurse","Slimebound:SplitBruiser","Slimebound:SplitBruiser","Slimebound:RejuvenatingLick"],"relics":["Slimebound:AbsorbEndCombat","Lantern","Toy Ornithopter","Bottled Lightning","Ginger","downfall:HeartBlessingBlue","Whetstone","Empty Cage","Necronomicon","Tiny Chest","Eternal Feather"],"acts_visited":["Exordium","TheCity"],"potions_floor_usage":[16,16,19,23,23,26],"damage_taken":[{"damage":3,"enemies":"Small Slimes","floor":2,"turns":3},{"damage":7,"enemies":"Jaw Worm","floor":5,"turns":4},{"damage":31,"enemies":"Lagavulin","floor":6,"turns":6},{"damage":8,"enemies":"3 Sentries","floor":8,"turns":7},{"damage":16,"enemies":"Gremlin Nob","floor":10,"turns":3},{"damage":0,"enemies":"Cultist","floor":12,"turns":1},{"damage":2,"enemies":"Exordium Wildlife","floor":14,"turns":4},{"damage":0,"enemies":"3 Louse","floor":15,"turns":1},{"damage":10,"enemies":"SI_SHIV_ARCHETYPE","floor":16,"turns":5},{"damage":21,"enemies":"downfall:LooterAlt2","floor":19,"turns":3},{"damage":1,"enemies":"Chosen","floor":20,"turns":4},{"damage":11,"enemies":"Centurion and Healer","floor":22,"turns":5},{"damage":23,"enemies":"Slavers","floor":23,"turns":2},{"damage":29,"enemies":"Snake Plant","floor":25,"turns":4},{"damage":53,"enemies":"Book of Stabbing","floor":26,"turns":5}],"seed_played":"6184369118410989831","potions_obtained":[{"floor":2,"key":"Fire Potion"},{"floor":8,"key":"GamblersBrew"},{"floor":10,"key":"SpeedPotion"},{"floor":19,"key":"DistilledChaos"},{"floor":22,"key":"FearPotion"},{"floor":25,"key":"SkillPotion"}],"is_trial":false,"path_per_floor":["R","M","?","T","M","E","T","E","R","E","R","M","?","M","M","B",null,"R","M","M","?","M","E","T","M","E"],"character_chosen":"SLIMEBOUND","items_purchased":[],"campfire_rested":0,"item_purchase_floors":[],"current_hp_per_floor":[65,65,65,65,62,39,39,37,47,37,37,37,37,43,55,61,87,87,79,84,68,69,60,60,35,0,0,0],"gold":328,"neow_bonus":"RANDOM_COMMON_RELIC","is_daily":false,"chose_seed":false,"campfire_upgraded":4,"win_rate":0.0,"timestamp":1614224849,"path_taken":["R","M","?","?","?","E","T","E","R","E","R","M","?","M","M","BOSS","R","M","M","?","M","E","T","M","E"],"items_purchased_type":[],"build_version":"2020-12-22","purchased_purges":0,"victory":false,"max_hp_per_floor":[65,65,65,65,65,65,65,65,75,75,75,75,75,75,87,87,87,87,91,91,91,95,95,95,95,95,95,95],"relic_stats":{"counters":[15,55],"Tiny Chest":0,"Eternal Feather":0,"Necronomicon":[7],"Ginger":[7],"Whetstone":["Slimebound:MassFeed","Slimebound:ItLooksTasty"],"obtain_stats":[{"Lantern":0,"downfall:BrokenWingStatue":3,"downfall:HeartBlessingBlue":9,"Tiny Chest":23,"Eternal Feather":24,"Slimebound:AbsorbEndCombat":0,"Necronomicon":21,"Bottled Lightning":7,"Ginger":8,"Whetstone":10,"Empty Cage":17,"Toy Ornithopter":6},{"Lantern":0,"downfall:BrokenWingStatue":1,"downfall:HeartBlessingBlue":4,"Tiny Chest":13,"Eternal Feather":13,"Slimebound:AbsorbEndCombat":0,"Necronomicon":11,"Bottled Lightning":3,"Ginger":4,"Whetstone":5,"Empty Cage":9,"Toy Ornithopter":3},{"Lantern":0,"downfall:BrokenWingStatue":3,"downfall:HeartBlessingBlue":20,"Tiny Chest":47,"Eternal Feather":47,"Slimebound:AbsorbEndCombat":0,"Necronomicon":40,"Bottled Lightning":13,"Ginger":20,"Whetstone":23,"Empty Cage":33,"Toy Ornithopter":13}],"Toy Ornithopter":30},"card_choices":[{"not_picked":["Slimebound:ViciousTackle","Slimebound:FinishingTackle"],"picked":"Slimebound:SamplingLick","floor":2},{"not_picked":["Slimebound:LeechEnergy","Slimebound:LeadByExample"],"picked":"Slimebound:ItLooksTasty","floor":5},{"not_picked":["Slimebound:ComboTackle","Slimebound:ItLooksTasty"],"picked":"Slimebound:DouseInSlime","floor":6},{"not_picked":["Slimebound:Prepare","Slimebound:Schlurp"],"picked":"Slimebound:MassFeed","floor":8},{"not_picked":["Slimebound:GoopSpray","Slimebound:LeechEnergy"],"picked":"Slimebound:SplitMire","floor":10},{"not_picked":["Slimebound:SplitMire","Slimebound:SplitAcid"],"picked":"Slimebound:SlimeSlap","floor":12},{"not_picked":["Slimebound:LeechEnergy","Slimebound:DisruptingSlam"],"picked":"Slimebound:GrowthPunch","floor":14},{"not_picked":["Slimebound:SlimeBrawl","Slimebound:SlimeSpikes"],"picked":"Slimebound:SplitAcid","floor":15},{"not_picked":["Slimebound:SelfFormingGoo","Slimebound:DuplicatedForm"],"picked":"Slimebound:OozeBath","floor":16},{"not_picked":["Slimebound:GoopTackle","Slimebound:SplitLeeching"],"picked":"Slimebound:GrowthPunch+1","floor":19},{"not_picked":["Slimebound:Grow","Slimebound:AcidTongue"],"picked":"Slimebound:SpikyOuterGoop+1","floor":20},{"not_picked":["Slimebound:ComboTackle","Slimebound:GoopTackle"],"picked":"Slimebound:SplitBruiser","floor":22},{"not_picked":["Slimebound:LeechingTouch","Slimebound:DuplicatedForm"],"picked":"Slimebound:SplitBruiser","floor":23},{"not_picked":["Slimebound:SplitMire","Slimebound:ServeAndProtect"],"picked":"Slimebound:RejuvenatingLick","floor":25}],"player_experience":91393,"relics_obtained":[{"floor":6,"key":"Toy Ornithopter"},{"floor":7,"key":"Bottled Lightning"},{"floor":8,"key":"Ginger"},{"floor":10,"key":"Whetstone"},{"floor":21,"key":"Necronomicon"},{"floor":23,"key":"Tiny Chest"},{"floor":24,"key":"Eternal Feather"}],"event_choices":[],"is_beta":false,"boss_relics":[{"not_picked":["Runic Pyramid","Slimebound:TarBlob"],"picked":"Empty Cage"}],"items_purged_floors":[],"is_endless":false,"potions_floor_spawned":[2,8,10,19,22,25],"killed_by":"Book of Stabbing","ascension_level":1}}