{"host":"zuf44wbx6j0c4h1p","time":1614225672,"event":{"mods":["2.2 Compatiblity","Aspiration","BaseMod","Better Altar","Better Match","Better Note","Better Sensory Stone","Better Skull","Better Third Choice","Better Vampires","BetterRewards","Bossed Relics","Conspire","Infinite Spire","Minty Spire (QoL Compilation)","Replay The Spire","SCP261 Mod","Shapeshifter Mod","Shop Mod","Small Relic Pack","Spicy Shops","Spire Arcade","StSLib","The Animator","The Dragon Tamer","The Hierophant","TheBandit","Uncapped","Wandering Minibosses","thorton"],"gold_per_floor":[113,126,157,167,190,223,223,223,223],"floor_reached":8,"language":"ENG","playtime":1238,"items_purged":[],"score":66,"play_id":"06610748-063c-45b6-b7f7-d3e3681d5c7d","local_time":"20210224220112","is_ascension_mode":true,"campfire_choices":[],"circlet_count":0,"master_deck":["animator:Strike_Elsword","animator:Defend_Elsword","animator:Strike","animator:Strike","animator:Strike","animator:Defend","animator:Defend","animator:Defend","animator:Chung","animator:Raven","animator:Verdia","animator:Azekura","animator:Mikaela","animator:Chung","animator:GoblinSlayer","animator:CrowleyEusford"],"relics":["animator:LivingPicture","animator:TheMissingPiece","animator:PurgingStone","NeowsBlessing","Replay:Wax Seal"],"acts_visited":["Exordium"],"potions_floor_usage":[8,8,8],"damage_taken":[{"damage":3,"enemies":"conspire:RoseBush","floor":1,"turns":1},{"damage":0,"enemies":"Jaw Worm","floor":2,"turns":1},{"damage":0,"enemies":"Cultist","floor":3,"turns":1},{"damage":0,"enemies":"2 Fungi Beasts","floor":4,"turns":7},{"damage":11,"enemies":"Looter","floor":5,"turns":5},{"damage":30,"enemies":"Lagavulin","floor":6,"turns":10},{"damage":23,"enemies":"Gremlin Nob","floor":8,"turns":4}],"seed_played":"2098835702886438943","potions_obtained":[{"floor":2,"key":"Venom Potion"},{"floor":6,"key":"ColorlessPotion"},{"floor":7,"key":"AttackPotion"}],"is_trial":false,"path_per_floor":["M","M","M","M","M","E","?","E"],"character_chosen":"THE_ANIMATOR","items_purchased":[],"campfire_rested":0,"item_purchase_floors":[],"current_hp_per_floor":[63,63,63,63,52,23,23,0,0],"gold":223,"neow_bonus":"THREE_ENEMY_KILL","is_daily":false,"chose_seed":false,"campfire_upgraded":0,"win_rate":0.0,"timestamp":1614225672,"path_taken":["M","M","?","M","M","E","?","E"],"items_purchased_type":[],"build_version":"2020-12-22","purchased_purges":0,"victory":false,"max_hp_per_floor":[66,66,66,66,66,67,67,67,67],"card_choices":[{"not_picked":["animator:Mitsuba","animator:HighElfArcher"],"picked":"animator:Verdia","floor":1},{"not_picked":["animator:Vesta","animator:Rena"],"picked":"animator:Azekura","floor":2},{"not_picked":["animator:ElricAlphonse","animator:Vanir"],"picked":"animator:Mikaela","floor":3},{"not_picked":["animator:Ara","animator:Raven"],"picked":"animator:Chung","floor":4},{"not_picked":["animator:Laby","animator:Mitsuba"],"picked":"animator:GoblinSlayer","floor":5},{"not_picked":["animator:Verdia","animator:RoyMustang"],"picked":"animator:CrowleyEusford","floor":6}],"player_experience":181635,"relics_obtained":[{"floor":6,"key":"Replay:Wax Seal"}],"event_choices":[{"damage_healed":0,"gold_gain":0,"player_choice":"Got Potions","damage_taken":0,"max_hp_gain":0,"max_hp_loss":0,"event_name":"Lab","floor":7,"gold_loss":0}],"is_beta":false,"boss_relics":[],"items_purged_floors":[],"is_endless":false,"potions_floor_spawned":[2,6],"killed_by":"Gremlin Nob","ascension_level":2}}