{"host":"dbkc9h3etq50r1dq","time":1614211819,"event":{"mods":["AchievementEnabler","BaseMod","Block Reminder","Colored Powertips","Curses Come First","Dark Map","Minty Spire (QoL Compilation)","Permanent Neow","Potion Indicator Mod","Rare Cards Sparkle","StSLib","SuperFastMode","The Marked","Weighted Paths"],"gold_per_floor":[211,223,223,239,239,239,269,269,269,284,313,45,45,57,57,158,158,172,186,198,221,221,221,238,238,238],"floor_reached":25,"language":"ZHS","playtime":785,"items_purged":["theMarked:Strike"],"score":263,"play_id":"c05f6f53-58a5-4814-913f-095a9a298064","local_time":"20210225081019","is_ascension_mode":false,"campfire_choices":[{"data":"theMarked:EmpowerWeapon","floor":6.0,"key":"SMITH"},{"floor":8.0,"key":"REST"},{"floor":13.0,"key":"REST"},{"data":"theMarked:ComboAttacks","floor":15.0,"key":"SMITH"},{"floor":23,"key":"REST"}],"circlet_count":0,"master_deck":["theMarked:SoldierOfQuellstein","theMarked:ChainLightning","theMarked:EmpowerWeapon+1","theMarked:WardOff+1","theMarked:ShockingTouch","theMarked:ChainLightning","theMarked:ComboAttacks+1","theMarked:WardOff","theMarked:StartUp+1","theMarked:Levitate+1","theMarked:TakeOffHeels","theMarked:MysticalArsenal","theMarked:Seal","theMarked:MysticalArsenal","theMarked:DispelDoubt+1","theMarked:EmpowerWeapon","theMarked:Seal","theMarked:Heritage"],"relics":["theMarked:ArtifactOfAir","Kunai","Molten Egg 2","Matryoshka","Anchor","Pandora\u0027s Box","War Paint","Akabeko"],"acts_visited":["Exordium","TheCity"],"potions_floor_usage":[25,25],"damage_taken":[{"damage":3.0,"enemies":"Small Slimes","floor":1.0,"turns":3.0},{"damage":1.0,"enemies":"Cultist","floor":2.0,"turns":3.0},{"damage":6.0,"enemies":"2 Louse","floor":4.0,"turns":2.0},{"damage":18.0,"enemies":"Gremlin Nob","floor":7.0,"turns":4.0},{"damage":6.0,"enemies":"Exordium Wildlife","floor":10.0,"turns":5.0},{"damage":16.0,"enemies":"3 Sentries","floor":11.0,"turns":6.0},{"damage":2.0,"enemies":"Exordium Thugs","floor":14.0,"turns":4.0},{"damage":0.0,"enemies":"Slime Boss","floor":16.0,"turns":6.0},{"damage":20,"enemies":"Spheric Guardian","floor":18,"turns":4},{"damage":14,"enemies":"Chosen","floor":19,"turns":5},{"damage":2,"enemies":"Centurion and Healer","floor":20,"turns":6},{"damage":41,"enemies":"Cultist and Chosen","floor":24,"turns":8},{"damage":9,"enemies":"Slavers","floor":25,"turns":1}],"seed_played":"3615962090181640214","potions_obtained":[{"floor":2.0,"key":"theMarked:HoverShot"},{"floor":10.0,"key":"BlessingOfTheForge"},{"floor":11.0,"key":"SpeedPotion"},{"floor":20,"key":"Dexterity Potion"}],"is_trial":false,"path_per_floor":["M","M","?","M","?","R","E","R","T","M","E","$","R","M","R","B",null,"M","M","M","T","?","R","M","E"],"character_chosen":"THE_DEFAULT","items_purchased":["theMarked:WardOff","Anchor"],"campfire_rested":3,"item_purchase_floors":[12,12],"current_hp_per_floor":[69,68,54,48,48,48,30,51,51,45,29,29,50,48,48,48,72,52,38,36,36,23,46,5,0,0],"gold":238,"neow_bonus":"HUNDRED_GOLD","is_daily":false,"chose_seed":false,"campfire_upgraded":2,"win_rate":0.0,"timestamp":1614211819,"path_taken":["M","M","?","M","?","R","E","R","T","M","E","$","R","?","R","BOSS","M","M","M","?","?","R","M","E"],"items_purchased_type":["Card","Relic"],"build_version":"2020-12-22","purchased_purges":1,"victory":false,"max_hp_per_floor":[72,72,72,72,72,72,72,72,72,72,72,72,72,72,72,72,72,72,72,72,72,77,77,77,77,77],"card_choices":[{"not_picked":["theMarked:ElectricStrings","theMarked:HeightenedSenses"],"picked":"theMarked:ChainLightning","floor":1.0},{"not_picked":["theMarked:RepellingDischarge","theMarked:MysticalArsenal"],"picked":"theMarked:EmpowerWeapon","floor":2.0},{"not_picked":["theMarked:TwofoldDefense","theMarked:Pokerface"],"picked":"theMarked:WardOff","floor":4.0},{"not_picked":["theMarked:ElectricStrings","theMarked:Seal"],"picked":"theMarked:ChainLightning","floor":7.0},{"not_picked":["theMarked:ElectricStrings+1","theMarked:KeepCalmAndFight+1","theMarked:ChainLightning+1"],"picked":"SKIP","floor":10.0},{"not_picked":["theMarked:HeightenedSenses","theMarked:Snap+1"],"picked":"theMarked:ComboAttacks","floor":11.0},{"not_picked":["theMarked:SelfDefenseTraining+1","theMarked:TakeCover"],"picked":"theMarked:StartUp+1","floor":14.0},{"not_picked":["theMarked:BiggerThanFate","theMarked:Challenge"],"picked":"theMarked:Levitate","floor":16.0},{"not_picked":["theMarked:ChainLightning+1","theMarked:Convert+1"],"picked":"theMarked:Heritage","floor":18},{"not_picked":["theMarked:ChainLightning+1","theMarked:Aftermath","theMarked:Parry+1"],"picked":"SKIP","floor":19},{"not_picked":["theMarked:Aftermath+1","theMarked:Opportunist+1","theMarked:Frustration+1"],"picked":"SKIP","floor":20},{"not_picked":["theMarked:WastefulAttack+1","theMarked:ElectricStrings+1","theMarked:GodGivenPower"],"picked":"SKIP","floor":24}],"player_experience":163381,"relics_obtained":[{"floor":7.0,"key":"Kunai"},{"floor":9.0,"key":"Molten Egg 2"},{"floor":11.0,"key":"Matryoshka"},{"floor":21,"key":"War Paint"},{"floor":21,"key":"Akabeko"}],"event_choices":[{"damage_healed":0.0,"max_hp_gain":0.0,"max_hp_loss":0.0,"gold_gain":0.0,"event_name":"Shining Light","player_choice":"Entered Light","floor":3.0,"gold_loss":0.0,"damage_taken":14.0,"cards_upgraded":["theMarked:Strike","theMarked:Defend"]},{"damage_healed":0.0,"max_hp_gain":0.0,"max_hp_loss":0.0,"gold_gain":0.0,"cards_transformed":["theMarked:Defend"],"event_name":"Transmorgrifier","player_choice":"Transformed","floor":5.0,"gold_loss":0.0,"damage_taken":0.0,"cards_obtained":["theMarked:ShockingTouch"]},{"damage_healed":0,"gold_gain":0,"player_choice":"Shed Blood","damage_taken":18,"max_hp_gain":5,"max_hp_loss":0,"event_name":"Forgotten Altar","floor":22,"gold_loss":0}],"is_beta":false,"boss_relics":[{"not_picked":["Fusion Hammer","Busted Crown"],"picked":"Pandora\u0027s Box"}],"items_purged_floors":[12],"is_endless":false,"potions_floor_spawned":[2,10,11,20],"killed_by":"Slavers","ascension_level":0}}