{"host":"50qwps766cbz6ukm","time":1614286301,"event":{"mods":["BaseMod","Colored Map","Colored Powertips","DeckTracker","Highlight Path","Minty Spire (QoL Compilation)","Quick Restart","Remove Card Discount Mod","StSLib","SuperFastMode","Synergy Search"],"gold_per_floor":[210,210,285,192,211,246,259,259,259,259,183,183,213,388,388,388,388],"floor_reached":16,"language":"ENG","playtime":426,"items_purged":["Strike_P","Strike_P","Strike_P","Defend_P","Defend_P","Defend_P","Defend_P","Strike_P+1"],"score":138,"play_id":"ad8ee069-a838-44b8-9ffe-f86330219c4d","local_time":"20210225225141","is_ascension_mode":true,"campfire_choices":[{"data":"LessonLearned","floor":10,"key":"SMITH"},{"data":"Adaptation","floor":12,"key":"SMITH"},{"data":"TalkToTheHand","floor":15,"key":"SMITH"}],"circlet_count":0,"master_deck":["Eruption+1","Vigilance+1","TalkToTheHand+1","TalkToTheHand+1","Prostrate","LessonLearned+1","Adaptation+1","Doubt"],"relics":["PureWater","Calipers","Singing Bowl","Thread and Needle"],"acts_visited":["Exordium"],"potions_floor_usage":[],"damage_taken":[{"damage":0,"enemies":"Small Slimes","floor":1,"turns":2},{"damage":1,"enemies":"Jaw Worm","floor":5,"turns":3},{"damage":0,"enemies":"Lagavulin","floor":6,"turns":6},{"damage":0,"enemies":"2 Louse","floor":7,"turns":2},{"damage":2,"enemies":"3 Sentries","floor":13,"turns":6},{"damage":82,"enemies":"Hexaghost","floor":16,"turns":16}],"seed_played":"7321536278256133939","potions_obtained":[{"floor":1,"key":"Block Potion"},{"floor":7,"key":"FairyPotion"}],"is_trial":false,"path_per_floor":["M","?","?","$","M","E","M","?","T","R","$","R","E","?","R","B"],"character_chosen":"WATCHER","items_purchased":["TalkToTheHand","Adaptation"],"campfire_rested":0,"item_purchase_floors":[4,11],"current_hp_per_floor":[72,58,47,47,46,46,46,46,46,46,46,46,46,46,46,0,0],"gold":388,"neow_bonus":"HUNDRED_GOLD","is_daily":false,"chose_seed":false,"campfire_upgraded":3,"win_rate":0.0,"timestamp":1614286301,"path_taken":["M","?","?","$","?","E","M","?","T","R","$","R","E","?","R","BOSS"],"items_purchased_type":["Card","Card"],"build_version":"2020-12-22","purchased_purges":8,"victory":false,"max_hp_per_floor":[72,72,72,72,72,72,72,72,72,72,72,72,74,74,74,74,74],"card_choices":[{"not_picked":["Pray","Wireheading"],"picked":"TalkToTheHand","floor":1},{"not_picked":["EmptyMind","CarveReality"],"picked":"Prostrate","floor":5},{"not_picked":["FlyingSleeves","BowlingBash","Crescendo"],"picked":"SKIP","floor":6},{"not_picked":["Fasting2","ClearTheMind"],"picked":"LessonLearned","floor":7},{"not_picked":["InnerPeace","FearNoEvil","Protect"],"picked":"Singing Bowl","floor":13}],"player_experience":455545,"relics_obtained":[{"floor":6,"key":"Calipers"},{"floor":9,"key":"Singing Bowl"},{"floor":13,"key":"Thread and Needle"}],"event_choices":[{"damage_healed":0,"gold_gain":0,"player_choice":"Entered Light","damage_taken":14,"max_hp_gain":0,"max_hp_loss":0,"event_name":"Shining Light","floor":2,"gold_loss":0,"cards_upgraded":["Strike_P","Eruption"]},{"damage_healed":0,"gold_gain":75,"player_choice":"Gather Gold","damage_taken":11,"max_hp_gain":0,"max_hp_loss":0,"event_name":"World of Goop","floor":3,"gold_loss":0},{"damage_healed":0,"gold_gain":0,"player_choice":"Grow","damage_taken":0,"max_hp_gain":0,"max_hp_loss":0,"event_name":"Living Wall","floor":8,"gold_loss":0,"cards_upgraded":["Vigilance"]},{"damage_healed":0,"gold_gain":175,"player_choice":"AGREE","damage_taken":0,"max_hp_gain":0,"max_hp_loss":0,"event_name":"Liars Game","floor":14,"gold_loss":0,"cards_obtained":["Doubt"]}],"is_beta":false,"boss_relics":[],"items_purged_floors":[4,4,4,4,4,4,4,11],"is_endless":false,"potions_floor_spawned":[1,7],"killed_by":"Hexaghost","ascension_level":1}}