{"host":"jjunaul04msmo6r1","time":1614222776,"event":{"mods":["BaseMod","Better Third Choice","Booster Modes","Colored Map","Downfall","Minty Spire (QoL Compilation)","Relic Stats","StSLib","UnlockEverythingMod","everything is the same but u backflip on backflip"],"gold_per_floor":[99,117,127,140,1,1,24,55,55,230,30,47,81,92,105,201,201,201,211,221,235,252,272,272,297,297,297,297,297],"floor_reached":27,"language":"ENG","playtime":3064,"items_purged":[],"score":367,"play_id":"663426a2-0611-4145-87d9-6fec11d12afb","local_time":"20210224201256","is_ascension_mode":true,"campfire_choices":[{"floor":1,"key":"RECALL"},{"data":"Guardian:PrismaticBarrier","floor":6,"key":"SMITH"},{"data":"Guardian:SentryBeam","floor":9,"key":"SMITH"},{"data":"Guardian:ShieldCharger","floor":11,"key":"SMITH"},{"data":"Guardian:MultiBeam","floor":18,"key":"SMITH"}],"circlet_count":0,"master_deck":["Guardian:Strike_Guardian","Guardian:Strike_Guardian","Guardian:Strike_Guardian","Guardian:Strike_Guardian","Guardian:Defend_Guardian","Guardian:Defend_Guardian","Guardian:Defend_Guardian","Guardian:Defend_Guardian","Guardian:CurlUp","Guardian:TwinSlam","Guardian:MultiBeam+1","Guardian:PrismaticBarrier+1","Guardian:SentryBeam+1","Guardian:ShieldCharger+1","Doubt","Guardian:FuturePlans","Guardian:Suspension","Guardian:TimeSifter","Guardian:ShieldCharger","Guardian:Repulse","Guardian:Gem_White","Guardian:GemFinder"],"relics":["Guardian:ModeShifter","Dead Branch","downfall:HeartBlessingBlue","downfall:HeartBlessingRed","Guardian:PocketSentry","Philosopher\u0027s Stone","Torii","bronze:DecasWashers"],"acts_visited":["Exordium","TheCity"],"potions_floor_usage":[8,15,21,23,25,27],"damage_taken":[{"damage":14,"enemies":"Cultist","floor":2,"turns":5},{"damage":5,"enemies":"2 Louse","floor":3,"turns":4},{"damage":13,"enemies":"Jaw Worm","floor":4,"turns":5},{"damage":5,"enemies":"downfall:FleeingMerchant","floor":5,"turns":4},{"damage":21,"enemies":"Lagavulin","floor":8,"turns":9},{"damage":13,"enemies":"3 Louse","floor":12,"turns":3},{"damage":12,"enemies":"3 Sentries","floor":13,"turns":4},{"damage":0,"enemies":"Lots of Slimes","floor":14,"turns":1},{"damage":8,"enemies":"Exordium Wildlife","floor":15,"turns":4},{"damage":0,"enemies":"IC_STATUS_ARCHETYPE","floor":16,"turns":8},{"damage":9,"enemies":"Chosen","floor":19,"turns":5},{"damage":13,"enemies":"downfall:LooterAlt2","floor":20,"turns":3},{"damage":0,"enemies":"Centurion and Healer","floor":21,"turns":5},{"damage":1,"enemies":"Snake Plant","floor":22,"turns":4},{"damage":9,"enemies":"Snecko","floor":23,"turns":5},{"damage":25,"enemies":"Book of Stabbing","floor":25,"turns":5},{"damage":51,"enemies":"Gremlin Leader","floor":27,"turns":5}],"seed_played":"-5170219223943161976","potions_obtained":[{"floor":2,"key":"SkillPotion"},{"floor":12,"key":"FearPotion"},{"floor":13,"key":"ColorlessPotion"},{"floor":15,"key":"bronze:BurnAndBuffPotion"},{"floor":16,"key":"Guardian:AcceleratePotion"},{"floor":20,"key":"SkillPotion"},{"floor":22,"key":"SkillPotion"}],"is_trial":false,"path_per_floor":["R","M","M","M","$","R","T","E","R","?","R","M","E","M","M","B",null,"R","M","M","M","M","M","T","E","?","E"],"character_chosen":"GUARDIAN","items_purchased":["Guardian:SentryBeam","Guardian:ShieldCharger"],"campfire_rested":0,"item_purchase_floors":[5,5],"current_hp_per_floor":[88,74,69,56,51,51,51,30,30,30,40,27,15,15,7,7,98,98,89,76,76,75,66,66,41,41,0,0,0],"gold":297,"neow_bonus":"TEN_PERCENT_HP_BONUS","is_daily":false,"chose_seed":false,"campfire_upgraded":4,"win_rate":0.0,"timestamp":1614222776,"path_taken":["R","M","M","?","?","R","T","E","R","?","R","?","E","M","M","BOSS","R","M","M","M","M","M","T","E","?","E"],"items_purchased_type":["Card","Card"],"build_version":"2020-12-22","purchased_purges":0,"victory":false,"max_hp_per_floor":[88,88,88,88,88,88,88,88,88,88,98,98,98,98,98,98,98,98,98,98,98,98,98,98,98,98,98,98,98],"relic_stats":{"Torii":3,"counters":[17,79],"Dead Branch":[95],"obtain_stats":[{"downfall:HeartBlessingRed":11,"Torii":24,"downfall:HeartBlessingBlue":11,"Dead Branch":8,"bronze:DecasWashers":25,"Guardian:ModeShifter":0,"Philosopher\u0027s Stone":17,"Guardian:PocketSentry":13},{"downfall:HeartBlessingRed":5,"Torii":15,"downfall:HeartBlessingBlue":5,"Dead Branch":5,"bronze:DecasWashers":16,"Guardian:ModeShifter":0,"Philosopher\u0027s Stone":10,"Guardian:PocketSentry":7},{"downfall:HeartBlessingRed":27,"Torii":69,"downfall:HeartBlessingBlue":27,"Dead Branch":27,"bronze:DecasWashers":74,"Guardian:ModeShifter":0,"Philosopher\u0027s Stone":47,"Guardian:PocketSentry":34}]},"card_choices":[{"not_picked":["Guardian:PrimingBeam","Guardian:TemporalStrike"],"picked":"Guardian:Gem_Yellow","floor":2},{"not_picked":["Guardian:Emergency","Guardian:ArmoredProtocol"],"picked":"Guardian:Gem_Red","floor":3},{"not_picked":["Guardian:ChargeUp","Guardian:RefractedBeam"],"picked":"Guardian:MultiBeam","floor":4},{"not_picked":["Guardian:Repulse","Guardian:Gem_Green"],"picked":"Guardian:PrismaticBarrier","floor":5},{"not_picked":["Guardian:CrystalBeam","Guardian:BodySlam","Guardian:Planning"],"picked":"SKIP","floor":8},{"not_picked":["Guardian:GuardianWhirl","Guardian:Orbwalk"],"picked":"Guardian:FuturePlans","floor":12},{"not_picked":["Guardian:Planning","Guardian:ShieldCharger"],"picked":"Guardian:Suspension","floor":13},{"not_picked":["Guardian:GemFire","Guardian:Reroute"],"picked":"Guardian:Gem_Cyan","floor":14},{"not_picked":["Guardian:PiercingHide","Guardian:ChargeCore"],"picked":"Guardian:Gem_Yellow","floor":15},{"not_picked":["Guardian:CompilePackage","Guardian:FierceBash"],"picked":"Guardian:TimeSifter","floor":16},{"not_picked":["Guardian:PrismaticBarrier","Guardian:Incinerate"],"picked":"Guardian:ShieldCharger","floor":19},{"not_picked":["Guardian:PiercingHide","Guardian:Suspension","Guardian:Incinerate"],"picked":"SKIP","floor":20},{"not_picked":["Guardian:Planning","Guardian:Recover+1"],"picked":"Guardian:Repulse","floor":21},{"not_picked":["Guardian:CrystalBeam","Guardian:ShieldCharger"],"picked":"Guardian:Gem_White","floor":22},{"not_picked":["Guardian:TemporalShield","Guardian:SpikerProtocol","Guardian:Recover"],"picked":"SKIP","floor":23},{"not_picked":["Guardian:ChargeCore+1","Guardian:Planning"],"picked":"Guardian:GemFinder","floor":25}],"player_experience":607125,"relics_obtained":[{"floor":8,"key":"Dead Branch"},{"floor":13,"key":"Guardian:PocketSentry"},{"floor":24,"key":"Torii"},{"floor":25,"key":"bronze:DecasWashers"}],"event_choices":[],"is_beta":false,"boss_relics":[{"not_picked":["Coffee Dripper","Empty Cage"],"picked":"Philosopher\u0027s Stone"}],"items_purged_floors":[],"is_endless":false,"potions_floor_spawned":[2,12,13,15,16,20,22],"killed_by":"Gremlin Leader","ascension_level":3}}