{"host":"c95txy58ipbu969e","time":1614248951,"event":{"mods":["Act Like it!","BaseMod","Library of Ruina","Library of Ruina Extra","Minty Spire (QoL Compilation)","Permanent Neow","Quick Restart","StSLib"],"gold_per_floor":[210,227,227,247,260,293,309,328,351,351,366,385,385,395,395,491,491,491],"floor_reached":17,"language":"ZHS","playtime":886,"items_purged":[],"score":288,"play_id":"831fa0d3-adc0-423d-afc3-c2b3f461b8ad","local_time":"20210225182911","is_ascension_mode":false,"campfire_choices":[{"data":"SuanNi","floor":10,"key":"SMITH"},{"data":"BattleCommand","floor":13,"key":"SMITH"},{"data":"UnforgettableMelody","floor":15,"key":"SMITH"}],"circlet_count":0,"master_deck":["DegradedFairy","DegradedFairy","DegradedFairy","DegradedChain","DegradedChain","DegradedLock","DegradedPillar","DegradedPillar","DegradedShockwave+1","Unlock1","SuanNi+1","BattleCommand+1","ButterflySlash","UnforgettableMelody+1","TrashDisposal","CurseOfTheBell"],"relics":["PageOfLibrarian","Akabeko","Juzu Bracelet","Calling Bell","PageOfBloodbath","PageOfBigBird","PageOfThreeBirds"],"acts_visited":["Exordium","TheCity"],"potions_floor_usage":[],"damage_taken":[{"damage":0,"enemies":"Small Slimes","floor":1,"turns":1},{"damage":0,"enemies":"Cultist","floor":2,"turns":1},{"damage":0,"enemies":"Jaw Worm","floor":4,"turns":1},{"damage":0,"enemies":"Lots of Slimes","floor":5,"turns":1},{"damage":0,"enemies":"Lagavulin","floor":6,"turns":2},{"damage":0,"enemies":"Large Slime","floor":7,"turns":1},{"damage":0,"enemies":"Gremlin Gang","floor":8,"turns":2},{"damage":0,"enemies":"Looter","floor":11,"turns":1},{"damage":0,"enemies":"Blue Slaver","floor":12,"turns":1},{"damage":0,"enemies":"2 Fungi Beasts","floor":14,"turns":1},{"damage":0,"enemies":"Slime Boss","floor":16,"turns":3}],"seed_played":"2033328050695473681","potions_obtained":[{"floor":1,"key":"Explosive Potion"},{"floor":5,"key":"Dexterity Potion"},{"floor":6,"key":"DistilledChaos"}],"is_trial":false,"path_per_floor":["M","M","?","M","M","E","M","M","T","R","M","M","R","M","R","B",null],"character_chosen":"Librarian","items_purchased":[],"campfire_rested":0,"item_purchase_floors":[],"current_hp_per_floor":[60,60,60,60,60,60,60,60,60,60,60,60,60,60,60,60,90,90],"gold":491,"neow_bonus":"HUNDRED_GOLD","is_daily":false,"chose_seed":false,"campfire_upgraded":3,"win_rate":0.0,"timestamp":1614248951,"path_taken":["M","M","?","M","M","E","M","M","T","R","M","M","R","M","R","BOSS"],"items_purchased_type":[],"build_version":"2020-12-22","purchased_purges":0,"victory":false,"max_hp_per_floor":[90,90,90,90,90,90,90,90,90,90,90,90,90,90,90,90,90,90],"card_choices":[{"not_picked":["BiAn","IngredientHunt","QuickAttack"],"picked":"Unlock1","floor":1},{"not_picked":["Pound","ClassAndRespect","Leap_lor","EnergyStrike"],"picked":"SKIP","floor":2},{"not_picked":["Clone","QuickAttack","RhinoRam"],"picked":"SuanNi","floor":4},{"not_picked":["SuppressingShot","NightInTheBackstreets","AlloutWar","ForTheFamily"],"picked":"SKIP","floor":5},{"not_picked":["CoordinatedAssault","FierceCharge","NightInTheBackstreets"],"picked":"BattleCommand","floor":6},{"not_picked":["ShockRound","Rewind","Leap_lor"],"picked":"ButterflySlash","floor":7},{"not_picked":["MindWhip","Unlock1","Thirst","DevastatingThrash"],"picked":"SKIP","floor":8},{"not_picked":["MindWhip","Unlock1","Thirst","DevastatingThrash"],"picked":"SKIP","floor":8},{"not_picked":["SunsetBlade","AGoldenOpportunity","SummaryJudgment","SuppressingShot"],"picked":"SKIP","floor":11},{"not_picked":["GuardingStance","Reload","PinpointShot","Multislash"],"picked":"SKIP","floor":12},{"not_picked":["IngredientHunt","MindWhip","ShockRound"],"picked":"UnforgettableMelody","floor":14},{"not_picked":["Cruelty","Disposal"],"picked":"TrashDisposal","floor":16}],"player_experience":286076,"relics_obtained":[{"floor":6,"key":"Akabeko"},{"floor":9,"key":"Juzu Bracelet"},{"floor":17,"key":"PageOfBloodbath"},{"floor":17,"key":"PageOfBigBird"},{"floor":17,"key":"PageOfThreeBirds"}],"event_choices":[{"damage_healed":0,"gold_gain":0,"player_choice":"Grow","damage_taken":0,"max_hp_gain":0,"max_hp_loss":0,"event_name":"Living Wall","floor":3,"gold_loss":0,"cards_upgraded":["DegradedShockwave"]}],"is_beta":false,"boss_relics":[{"not_picked":["Tiny House","Velvet Choker"],"picked":"Calling Bell"}],"items_purged_floors":[],"is_endless":false,"potions_floor_spawned":[1,5,6,12],"ascension_level":0}}