{"host":"in1bhfibxveltz2y","time":1614295311,"event":{"mods":["ATMod(°¢èªMod)","Act Like it!","BaseMod","CapriCore","Colored Powertips","Dota2Spire","Downfall","Friendly Minions","Gensokyo","GungeonMod","Library of Ruina","Library of Ruina Extra","Lobotomy","LobotomyExtend","Minty Spire (QoL Compilation)","MostiFishMod","Quick Restart","Replay The Spire","RumiaBox-Â¶Ã×æ«µÄÉñÃØºÐ×Ó","Shop Mod","StSLib","The Alterego","Waifu the Spire","[IsaacMod]ÒÔÈö¼âËþ","noobMod","¡¾¹¦ÄÜMod¡¿»ìãçÖ®»·ÐÞ¸´²¹¶¡","¡¾ÒÅÎï¿¨ÅÆ¡¿REMEMod"],"gold_per_floor":[100,114,133,147,322,349,372,391,391,425,437,449,480,503,548,661,673,685,712,724,736,760,787,799,830,1042,445,462,507,507,534,545,646,646,646,663,698,698,732,600,600,600,612,630,630,630,646,657,672,697,697],"floor_reached":52,"language":"ZHS","playtime":2709,"items_purged":["downfall:Haunted","downfall:Malfunctioning","LightDefense","ChargeAndCover"],"score":1092,"play_id":"6da7a2a7-d420-4705-bef1-5f496954f05c","local_time":"20210226072151","is_ascension_mode":false,"campfire_choices":[{"data":"AT_LightSaberMaster","floor":9,"key":"SMITH"},{"data":"DemoMod:Invincible","floor":11,"key":"SMITH"},{"data":"UndertakePrescript","floor":18,"key":"SMITH"},{"data":"SharpenedBlade","floor":30,"key":"SMITH"},{"floor":35,"key":"DIG"},{"data":"HandOfGreed","floor":46,"key":"SMITH"}],"circlet_count":0,"master_deck":["Dodge","LightDefense","LightAttack+1","LightAttack","LightAttack","LightDefense","LightDefense","FocusedStrikes","AT_LightSaberMaster+1","QuickAttack+1","AGoldenOpportunity+1","SilentNight","PreemptiveStrike+1","UndertakePrescript+1","SnakeSlit+1","TrashDisposal+1","Multislash+1","Parry2","NonstopAssault","RulesOfTheBackstreets","SharpenedBlade+1","Clone+1","Unlock1","Leap_lor+1","DarkCloud","CleanUp","HandOfGreed+1","LawAndOrder","BackAttack+1","Riposte+1","SunsetBlade+1","Faith+1"],"relics":["PageOfLibrarian","HushsDoor","ice","REME_ComplimentaryCards","AT_ATBox","DaveBox","MostiFishMod:AdaptiveDefenses","SteamSale","REME_PuzzleBoxRelic","LetterFromLob","FeatherPendant","Moonlight_r","MagicBullet_r","BelialBook","MerchantsRug","REME_CardOfGreed","Centennial Puzzle","Dota2Spire:PhaseBoots","Dota2Spire:BlackKingBar","PageOfSnowWhitesApple","SoulBox","GuppysHead","DemoMod:VorpalBullet","Whetstone","Dota2Spire:UrnOfShadows","DiscerningMonocle","GuppysTail","Pear","PageOfBloodbath","Dodecahedron"],"acts_visited":["Exordium","TheCity","TheBeyond"],"potions_floor_usage":[15,27,27,27,50,50,50],"damage_taken":[{"damage":11,"enemies":"Jaw Worm","floor":2,"turns":5},{"damage":0,"enemies":"Small Slimes","floor":3,"turns":4},{"damage":0,"enemies":"Cultist","floor":4,"turns":4},{"damage":0,"enemies":"Lagavulin","floor":6,"turns":8},{"damage":0,"enemies":"downfall:LooterAlt","floor":8,"turns":2},{"damage":3,"enemies":"3 Sentries","floor":10,"turns":4},{"damage":0,"enemies":"Exordium Wildlife","floor":13,"turns":3},{"damage":0,"enemies":"2 Fungi Beasts","floor":14,"turns":2},{"damage":0,"enemies":"Lots of Slimes","floor":15,"turns":3},{"damage":3,"enemies":"SI_SHIV_ARCHETYPE","floor":16,"turns":5},{"damage":0,"enemies":"Spheric Guardian","floor":19,"turns":1},{"damage":0,"enemies":"downfall:LooterAlt2","floor":22,"turns":2},{"damage":0,"enemies":"Shelled Parasite and Fungi","floor":23,"turns":3},{"damage":0,"enemies":"Centurion and Healer","floor":25,"turns":3},{"damage":0,"enemies":"downfall:FleeingMerchant","floor":27,"turns":5},{"damage":0,"enemies":"3 Cultists","floor":28,"turns":2},{"damage":0,"enemies":"REME_1_Revenger","floor":31,"turns":2},{"damage":20,"enemies":"Shelled Parasite and Fungi","floor":32,"turns":2},{"damage":0,"enemies":"DF_ARCHETYPE_CLAW","floor":33,"turns":3},{"damage":0,"enemies":"3 Darklings","floor":36,"turns":1},{"damage":0,"enemies":"3 Shapes","floor":37,"turns":2},{"damage":0,"enemies":"Jaw Worm Horde","floor":39,"turns":2},{"damage":0,"enemies":"downfall:FleeingMerchant","floor":40,"turns":1},{"damage":0,"enemies":"Maw","floor":43,"turns":1},{"damage":20,"enemies":"4 Shapes","floor":44,"turns":1},{"damage":0,"enemies":"Spire Growth","floor":47,"turns":1},{"damage":0,"enemies":"Sphere and 2 Shapes","floor":48,"turns":1},{"damage":0,"enemies":"Writhing Mass","floor":49,"turns":1},{"damage":0,"enemies":"IC_BLOCK_ARCHETYPE","floor":50,"turns":2}],"seed_played":"8467535155545967749","potions_obtained":[{"floor":3,"key":"EssenceOfSteel"},{"floor":4,"key":"DuplicationPotion"},{"floor":8,"key":"Languid Potion"},{"floor":15,"key":"Ancient Potion"},{"floor":16,"key":"Dota2Spire:Clarity"},{"floor":23,"key":"DuplicationPotion"},{"floor":28,"key":"ColorlessPotion"},{"floor":32,"key":"BlessingOfTheForge"},{"floor":33,"key":"PowerPotion"}],"is_trial":false,"path_per_floor":["R","M","M","M","?","E","T","M","R","E","R","?","M","M","M","B",null,"R","M","M","?","M","M","T","M","?","$","M","?","R","E","M","B",null,"R","M","M","?","M","$","T","T","M","M","$","R","M","M","M","B",null,null],"character_chosen":"Librarian","items_purchased":["MerchantsRug","REME_CardOfGreed","Centennial Puzzle","Dota2Spire:PhaseBoots","GuppysHead","HandOfGreed","Whetstone","Dota2Spire:UrnOfShadows","DiscerningMonocle","PageOfBloodbath","Dodecahedron"],"campfire_rested":0,"item_purchase_floors":[27,27,27,27,34,34,40,40,40,45,45],"current_hp_per_floor":[66,55,55,55,55,55,55,55,55,52,52,52,52,52,52,49,90,90,90,37,37,43,43,43,51,51,51,55,34,34,34,40,40,71,71,71,71,81,81,81,81,91,91,71,71,71,71,71,71,91,86],"gold":697,"neow_bonus":"TEN_PERCENT_HP_BONUS","is_daily":false,"chose_seed":false,"campfire_upgraded":5,"win_rate":0.0,"timestamp":1614295311,"path_taken":["R","M","M","M","?","E","T","?","R","E","R","?","M","M","M","BOSS","R","M","M","?","M","?","T","M","?","$","M","?","R","E","M","BOSS","R","M","M","?","M","$","T","?","M","?","$","R","?","M","M","BOSS"],"items_purchased_type":["Relic","Relic","Relic","Relic","Relic","Card","Relic","Relic","Relic","Relic","Relic"],"build_version":"2020-12-22","purchased_purges":4,"victory":true,"max_hp_per_floor":[66,68,92,90,90,90,90,90,90,90,90,90,90,90,90,90,90,90,90,90,90,90,71,71,71,71,85,85,85,90,90,90,90,71,71,71,71,81,81,81,81,91,91,91,91,91,91,91,91,91,91],"card_choices":[{"not_picked":["EnergyShield","GatherIntel","Pound","EnergyBeam","Juggling","BiAn","DeepDrag","ShockingBlow"],"picked":"QuickAttack","floor":2},{"not_picked":["DarkCloud","Leap_lor","TieShanKao","FrontalAssault","SnakesPrey","SharpSwipe","ForTheFamily","FleetEdge"],"picked":"AGoldenOpportunity","floor":3},{"not_picked":["SmokingPipe","DimensionalRift","HighKick","LossOfSenses","IdentifyWeakpoint","StrikeDown","ReadyUp","CoordinatedAssault","FrontalAssault"],"picked":"SKIP","floor":4},{"not_picked":["FlashingStrike","Crush","Gigigig","GuidanceOfTheGears","Thirst","Marionette","ViolentFlame","EnergyBeam"],"picked":"SilentNight","floor":6},{"not_picked":["Eradication","AsThePrescriptOrders","ClassAndRespect","MultiBlock","EnergyCycle","Track","YoureAHindrance","UpbeatPerformance"],"picked":"PreemptiveStrike","floor":8},{"not_picked":["Bomb","GuidanceOfTheGears","MultiBlock","ViolentFlame","Guardian_lor","DefenseOrder","AsThePrescriptOrders","MindCrush","SerpentSwordTechnique"],"picked":"SKIP","floor":10},{"not_picked":["GatherIntel","CoordinatedAssault","FierceOnslaught","UpbeatPerformance","FleetFootsteps","EnergyBeam","FendThisOffIfYouCan","WillBeTasty"],"picked":"UndertakePrescript","floor":13},{"not_picked":["UndertakePrescript","YoureTooSlow","DefenseOrder","ClassAndRespect","EnergyStrike","Parry2","RhinoRam","BladeWhirl","Endure"],"picked":"SKIP","floor":14},{"not_picked":["Suppress","StrongStrike","SharpSwipe","StrikeDown","AutomatedMovement","Bomb","Parry2","RapidGashes"],"picked":"SnakeSlit","floor":15},{"not_picked":["Disposal","Observe"],"picked":"TrashDisposal","floor":16},{"not_picked":["Thrust","Quickness","PinpointShot+1","BladeWhirl","ViolentFlame","SerpentineBarrier+1","TendonChords","BulkyImpact"],"picked":"Multislash","floor":19},{"not_picked":["EndlessBattle","SilentMist","DefenseOrder","EnergyStrike","AGoldenOpportunity+1","BackAttack","GaleKick+1","GutHarvesting"],"picked":"Parry2","floor":22},{"not_picked":["Guardian_lor","Ripple","DesperateStruggle","SteelKnuckles","StructuralAnalysis","ScatteringSlash","AGoldenOpportunity","MultiBlock"],"picked":"NonstopAssault","floor":23},{"not_picked":["RipSpace","Gigigig","IronWall","DarkCloud","SpearedSweep","ForTheFamily","SnakesPrey","ButterflySlash"],"picked":"RulesOfTheBackstreets","floor":25},{"not_picked":["FleetFootsteps","DesperateStruggle","SinglePointStab","DefenseOrder","UnavoidableGaze","Ripple","InnerArdor","SuppressingShot"],"picked":"SharpenedBlade","floor":27},{"not_picked":["HandleRequest","SunsetBlade","Faith","GuardingStance","ChopItOff","IronWall","SerpentSwordTechnique+1","ViolentFlame"],"picked":"Clone+1","floor":28},{"not_picked":["DarkCloud","Juggling","NightInTheBackstreets+1","QuickSuppression+1","UnavoidableGaze","StayCalm","MultiBlock","PreparedMind"],"picked":"Unlock1","floor":29},{"not_picked":["TimeForALittleTest","ClassAndRespect","DestructiveImpact+1","Faith","SerpentSwordTechnique+1","Pound+1","WillProduceFineSilk","Rewind"],"picked":"Leap_lor+1","floor":29},{"not_picked":["QuickAttack","FlamingDragonFist","ToOvercomeCrisis","Concentration","PinpointShot+1","Pound+1","Marionette+1","Outburst"],"picked":"DarkCloud","floor":31},{"not_picked":["BattleCommand","EndlessBattle","Cruelty","GuardingStance","SunsetBlade","HighKick","SearingSword","Feast","Multislash+1"],"picked":"SKIP","floor":32},{"not_picked":["Cruelty","GroundSmash"],"picked":"CleanUp","floor":33},{"not_picked":["MindWhip","SinglePointStab","HandleRequest+1","HighSpeedStabbing","Pound+1","Leap_lor+1","Parry+1","OpportunitySpotted+1"],"picked":"LawAndOrder","floor":36},{"not_picked":["DarkCloud","SilentMist","EndlessBattle+1","Rewind","UncannyStrike","UpbeatPerformance","TimeForALittleTest","WillOfThePrescript+1"],"picked":"BackAttack+1","floor":37},{"not_picked":["Rampage_lor+1","Standoff","SpearedSweep","ExtremeEdge+1","SnakesPrey","HighKick+1","GrazeTheGrass+1","TrimTheIngredients+1","DefenseOrder"],"picked":"SKIP","floor":39},{"not_picked":["Retaliate","Leap_lor+1","BurningFlash","DefenseOrder+1","DirtyBlow+1","ViolentFlame","HighSpeedStabbing","Concentration+1"],"picked":"Riposte+1","floor":40},{"not_picked":["EnergyStrike+1","StrikeDown+1","StrongStrike","YoureTooSlow","Eliminate","Clone+1","EndlessBattle","Outburst+1","MindCrush"],"picked":"SKIP","floor":43},{"not_picked":["QuickAttack+1","Marionette+1","BiAn+1","DefenseOrder","Reload+1","EnergyShield","StrongStrike","Outburst"],"picked":"SunsetBlade+1","floor":44},{"not_picked":["BindingChains+1","Reload+1","IronWall","TimeForALittleTest","Outburst+1","SomberProcuration","BackAttack","ShockRound+1","FrontalAssault+1"],"picked":"SKIP","floor":47},{"not_picked":["Feast+1","Retaliate+1","SkyClearingCut","SnakesPrey","SerpentineBarrier+1","Standoff+1","EnergyStrike+1","Track+1","HighKick"],"picked":"SKIP","floor":48},{"not_picked":["IllEndYou+1","DesperateStruggle+1","Parry+1","Retaliate+1","Multislash+1","ClassAndRespect","SharpSwipe","TieShanKao"],"picked":"Faith+1","floor":49}],"player_experience":55122,"relics_obtained":[{"floor":6,"key":"Dota2Spire:ArmletOfMordiggian"},{"floor":7,"key":"REME_PuzzleBoxRelic"},{"floor":8,"key":"LetterFromLob"},{"floor":10,"key":"MawBank"},{"floor":24,"key":"BelialBook"},{"floor":29,"key":"Dota2Spire:BlackKingBar"},{"floor":31,"key":"PageOfSnowWhitesApple"},{"floor":35,"key":"DemoMod:VorpalBullet"},{"floor":41,"key":"GuppysTail"},{"floor":42,"key":"Pear"}],"event_choices":[{"cards_removed":["DemoMod:Invincible"],"damage_healed":0,"gold_gain":0,"player_choice":"Offered Rare","damage_taken":0,"max_hp_gain":10,"max_hp_loss":0,"event_name":"Bonfire Elementals","floor":38,"gold_loss":0}],"is_beta":false,"boss_relics":[{"not_picked":["NightmareShop","Runic Dome"],"picked":"FeatherPendant"},{"not_picked":[]},{"not_picked":["Philosopher\u0027s Stone","GreenFoldingFan"],"picked":"SoulBox"},{"not_picked":[]}],"items_purged_floors":[27,34,40,45],"is_endless":false,"potions_floor_spawned":[3,4,8,15,16,22,23,28,32,33,36,43,44,47,48],"ascension_level":0}}