{"host":"w14xfy17z3c5mpoi","time":1614211599,"event":{"mods":["AchievementEnabler","BaseMod","Minty Spire (QoL Compilation)","Relic Stats"],"gold_per_floor":[116,135,155,155,182,182,216,216,266,298,317,467,467,84,84,161,161,174,174,4,15,65,65,92,0,27,27,27,46,46,46,46,46,46],"floor_reached":33,"language":"ENG","playtime":2852,"items_purged":["Doubt"],"score":498,"play_id":"63c0c703-7705-44c8-8647-526b7fc35f58","local_time":"20210224190639","is_ascension_mode":true,"campfire_choices":[{"data":"Poisoned Stab","floor":6,"key":"SMITH"},{"data":"Neutralize","floor":8,"key":"SMITH"},{"floor":15,"key":"REST"},{"data":"Night Terror","floor":23,"key":"SMITH"},{"floor":27,"key":"REST"},{"floor":30,"key":"REST"},{"floor":32,"key":"REST"}],"circlet_count":0,"master_deck":["AscendersBane","Survivor","Neutralize+1","Dagger Spray","Poisoned Stab","Poisoned Stab+1","Sucker Punch","Infinite Blades","Glass Knife","Glass Knife","Doppelganger","Night Terror+1","Crippling Poison","Tools of the Trade","PiercingWail","Riddle With Holes","Underhanded Strike","Sucker Punch","Infinite Blades","Dodge and Roll","Deflect","Dodge and Roll","Deflect"],"relics":["Ring of the Snake","NeowsBlessing","Vajra","Kunai","Nunchaku","Juzu Bracelet","Bag of Preparation","Akabeko","Pandora\u0027s Box","StrikeDummy","Omamori"],"acts_visited":["Exordium","TheCity"],"potions_floor_usage":[7,10,16,16,18,24,33],"damage_taken":[{"damage":0,"enemies":"Cultist","floor":1,"turns":1},{"damage":0,"enemies":"Small Slimes","floor":2,"turns":1},{"damage":0,"enemies":"Jaw Worm","floor":3,"turns":1},{"damage":5,"enemies":"3 Sentries","floor":7,"turns":5},{"damage":7,"enemies":"Lagavulin","floor":10,"turns":5},{"damage":25,"enemies":"Exordium Thugs","floor":11,"turns":6},{"damage":8,"enemies":"Hexaghost","floor":16,"turns":8},{"damage":0,"enemies":"Spheric Guardian","floor":18,"turns":2},{"damage":16,"enemies":"2 Thieves","floor":21,"turns":3},{"damage":34,"enemies":"Slavers","floor":24,"turns":6},{"damage":15,"enemies":"Colosseum Slavers","floor":28,"turns":5},{"damage":4,"enemies":"Centurion and Healer","floor":29,"turns":4},{"damage":44,"enemies":"Automaton","floor":33,"turns":8}],"seed_played":"7869177605497530100","potions_obtained":[{"floor":2,"key":"EssenceOfSteel"},{"floor":7,"key":"EssenceOfSteel"},{"floor":11,"key":"SpeedPotion"},{"floor":16,"key":"Energy Potion"},{"floor":21,"key":"Strength Potion"}],"is_trial":false,"path_per_floor":["M","M","M","?","T","R","E","R","T","E","M","?","T","$","R","B",null,"M","?","$","M","?","R","E","?","T","R","?","M","R","?","R","B"],"character_chosen":"THE_SILENT","items_purchased":["BlessingOfTheForge","Glass Knife","Akabeko","Dodge and Roll","GhostInAJar"],"campfire_rested":4,"item_purchase_floors":[14,14,14,20,20],"current_hp_per_floor":[59,59,59,39,39,39,34,34,34,27,2,2,2,2,21,13,53,53,53,53,37,37,37,3,3,3,22,7,3,22,22,41,0,0],"gold":46,"neow_bonus":"THREE_ENEMY_KILL","is_daily":false,"chose_seed":false,"campfire_upgraded":3,"win_rate":0.0,"timestamp":1614211599,"path_taken":["M","M","?","?","?","R","E","R","T","E","M","?","?","$","R","BOSS","M","?","$","M","?","R","E","?","T","R","?","M","R","?","R","BOSS"],"items_purchased_type":["Potion","Card","Relic","Card","Potion"],"build_version":"2020-12-22","purchased_purges":1,"victory":false,"max_hp_per_floor":[66,66,66,66,66,66,66,66,66,66,66,66,66,66,66,66,66,66,66,66,66,66,66,66,66,66,66,66,66,66,66,66,66,66],"relic_stats":{"Nunchaku":[12],"counters":[13,55],"Pandora\u0027s Box":["Doppelganger","Night Terror","Crippling Poison","Tools of the Trade","PiercingWail","Riddle With Holes","Underhanded Strike","Sucker Punch","Bane","Infinite Blades"],"Juzu Bracelet":2,"Bag of Preparation":[14],"Kunai":[26],"obtain_stats":[{"Nunchaku":9,"NeowsBlessing":0,"Vajra":5,"Pandora\u0027s Box":17,"Juzu Bracelet":10,"Bag of Preparation":13,"Omamori":26,"Kunai":7,"StrikeDummy":24,"Akabeko":14,"Ring of the Snake":0},{"Nunchaku":4,"NeowsBlessing":0,"Vajra":3,"Pandora\u0027s Box":7,"Juzu Bracelet":5,"Bag of Preparation":6,"Omamori":10,"Kunai":4,"StrikeDummy":10,"Akabeko":6,"Ring of the Snake":0},{"Nunchaku":8,"NeowsBlessing":0,"Vajra":3,"Pandora\u0027s Box":27,"Juzu Bracelet":13,"Bag of Preparation":19,"Omamori":38,"Kunai":8,"StrikeDummy":38,"Akabeko":19,"Ring of the Snake":0}],"Ring of the Snake":[26]},"card_choices":[{"not_picked":["Cloak And Dagger","Distraction"],"picked":"Dagger Spray","floor":1},{"not_picked":["Outmaneuver","Quick Slash"],"picked":"Poisoned Stab","floor":2},{"not_picked":["Deflect","Choke"],"picked":"Poisoned Stab","floor":3},{"not_picked":["Well Laid Plans","Catalyst"],"picked":"Sucker Punch","floor":7},{"not_picked":["Prepared","Dodge and Roll","Sucker Punch"],"picked":"SKIP","floor":10},{"not_picked":["Finisher","Dagger Throw"],"picked":"Infinite Blades","floor":11},{"not_picked":["Grand Finale","Burst"],"picked":"Glass Knife","floor":16},{"not_picked":["Deadly Poison","Outmaneuver","Underhanded Strike"],"picked":"SKIP","floor":18},{"not_picked":["Dagger Throw","Backflip"],"picked":"Deflect","floor":21},{"not_picked":["Flechettes","Bullet Time"],"picked":"Dodge and Roll","floor":24},{"not_picked":["Acrobatics+1","Quick Slash"],"picked":"Deflect","floor":29}],"player_experience":809311,"relics_obtained":[{"floor":5,"key":"Vajra"},{"floor":7,"key":"Kunai"},{"floor":9,"key":"Nunchaku"},{"floor":10,"key":"Juzu Bracelet"},{"floor":13,"key":"Bag of Preparation"},{"floor":24,"key":"StrikeDummy"},{"floor":26,"key":"Omamori"}],"event_choices":[{"damage_healed":0,"gold_gain":0,"player_choice":"Entered Light","damage_taken":20,"max_hp_gain":0,"max_hp_loss":0,"event_name":"Shining Light","floor":4,"gold_loss":0,"cards_upgraded":["Strike_G","Strike_G"]},{"damage_healed":0,"gold_gain":150,"player_choice":"AGREE","damage_taken":0,"max_hp_gain":0,"max_hp_loss":0,"event_name":"Liars Game","floor":12,"gold_loss":0,"cards_obtained":["Doubt"]},{"cards_removed":["Bane"],"damage_healed":0,"gold_gain":0,"player_choice":"Elegance","damage_taken":0,"max_hp_gain":0,"max_hp_loss":0,"event_name":"Back to Basics","floor":19,"gold_loss":0},{"damage_healed":0,"gold_gain":50,"player_choice":"Stole From Cult","damage_taken":0,"max_hp_gain":0,"max_hp_loss":0,"event_name":"Nest","floor":22,"gold_loss":0},{"damage_healed":0,"gold_gain":0,"player_choice":"Paid Fearfully","damage_taken":0,"max_hp_gain":0,"max_hp_loss":0,"event_name":"Masked Bandits","floor":25,"gold_loss":92},{"damage_healed":0,"gold_gain":0,"player_choice":"Fight","damage_taken":0,"max_hp_gain":0,"max_hp_loss":0,"event_name":"Colosseum","floor":28,"gold_loss":0},{"damage_healed":0,"gold_gain":0,"player_choice":"Fled From Nobs","damage_taken":0,"max_hp_gain":0,"max_hp_loss":0,"event_name":"Colosseum","floor":28,"gold_loss":0},{"damage_healed":0,"gold_gain":0,"player_choice":"Ignored","damage_taken":0,"max_hp_gain":0,"max_hp_loss":0,"event_name":"The Mausoleum","floor":31,"gold_loss":0}],"is_beta":false,"boss_relics":[{"not_picked":["Sozu","Calling Bell"],"picked":"Pandora\u0027s Box"}],"items_purged_floors":[14],"is_endless":false,"potions_floor_spawned":[2,7,11,16,21],"killed_by":"Automaton","ascension_level":17}}