{"host":"8txkp9ptpa3vam57","time":1614256202,"event":{"mods":["Aspiration","BaseMod","Downfall","Jedi Mod","Lobotomy","LobotomyExtend","Minty Spire (QoL Compilation)","Quick Restart","Rare Cards Sparkle","Reliquary","Replay The Spire","RumiaBox-露米娅的神秘盒子","Shop Mod","Spire Birthday Party","StSLib","The Bladedancer","The Bug Knight","The Construct","The Cursed","The Marked","The Poker Player","Waifu the Spire","[IsaacMod]以撒尖塔","noobMod","【功能Mod】混沌之环修复补丁","篝火指南"],"gold_per_floor":[99,99,99,99,99,152,177,205,305,320,330,330,31,50,50,147,147,147,163,163,179,189,219,245,271,290,324,336,355,255,287,301,405,405,205,225,243,65,65,65,65,20,50,60,60,91,103,103,117,117,117,145,45,45,0,0],"floor_reached":55,"language":"ZHS","playtime":3219,"items_purged":["construct:PointDefense","construct:Strike_Gold"],"score":1130,"play_id":"eda243d2-3a6a-4c41-ad5f-af34b9126bbc","local_time":"20210225203002","is_ascension_mode":false,"campfire_choices":[{"data":"BloodyBrimstone","floor":1.0,"key":"SMITH"},{"data":"construct:Construct_Overclock","floor":18.0,"key":"SMITH"},{"floor":30.0,"key":"RECALL"},{"data":"construct:Stasis","floor":35.0,"key":"SMITH"},{"data":"Replay:SS_hec_1","floor":45.0,"key":"SMITH"},{"data":"expansioncontent:DashGenerateEvil","floor":54.0,"key":"SMITH"}],"circlet_count":0,"master_deck":["construct:Strike_Gold","construct:Strike_Gold","construct:Strike_Gold","construct:Defend_Gold","construct:Defend_Gold","construct:Defend_Gold","construct:Defend_Gold","construct:Defend_Gold+1","construct:AttackMode","construct:DefenseMode","BloodyBrimstone+1","construct:Stasis+1","construct:SweepLaser","construct:Hazardproof","construct:Anticipate+1","construct:ShieldBurst","construct:FierceBash","construct:Construct_Overclock+1","construct:GatlingGun","construct:Antimatter","construct:ScopeCore","construct:Boost+1","construct:Versatility","construct:SweepLaser","construct:Reserves","construct:QuickAttack","construct:BatteryAcid+1","construct:ChargeShot","construct:FlakBarrage","construct:GoldenBullet","CurseOfTheBell","construct:ForceCore","construct:SuppressiveFire+1","construct:Antimatter","construct:HeavyBolt+1","expansioncontent:DashGenerateEvil+1","expansioncontent:AwakenDeath","expansioncontent:GuardianWhirl","Replay:SS_hec_1+1","Replay:SS_forest_2","construct:Reinforce","construct:UnbalancingBlast","construct:ChargeShot+1","construct:ShieldGenerator","construct:Impenetrable+1","construct:Enhance","construct:Backfire"],"relics":["construct:Cogwheel","HushsDoor","ice","PillsDrop","downfall:HeartsMalice","LetterFromLob","jedi:heavyjacket","Anchor","Bag of Preparation","Oddly Smooth Stone","War Paint","Velvet Choker","Ring of Misfortune","Ring of Fury","Boot","Gremlin Food","Ancient Tea Set","downfall:HeartBlessingBlue","TheBean","Calling Bell","reliquary:WeakTea","UnicornStump","Durian","GuppysCollar","downfall:HeartBlessingRed","downfall:HeartBlessingGreen","Nunchaku","Replay:WaspNest","Letter Opener","SatanicBible","GnawedLeaf"],"acts_visited":["Exordium","TheCity","TheBeyond","TheEnding"],"potions_floor_usage":[55],"damage_taken":[{"damage":0.0,"enemies":"Small Slimes","floor":2.0,"turns":1.0},{"damage":0.0,"enemies":"2 Louse","floor":3.0,"turns":1.0},{"damage":0.0,"enemies":"Jaw Worm","floor":5.0,"turns":1.0},{"damage":27.0,"enemies":"Gremlin Nob","floor":8.0,"turns":5.0},{"damage":5.0,"enemies":"2 Fungi Beasts","floor":10.0,"turns":3.0},{"damage":0.0,"enemies":"3 Louse","floor":11.0,"turns":1.0},{"damage":0.0,"enemies":"Blue Slaver","floor":14.0,"turns":4.0},{"damage":19.0,"enemies":"IC_STATUS_ARCHETYPE","floor":16.0,"turns":5.0},{"damage":4.0,"enemies":"Chosen","floor":19.0,"turns":3.0},{"damage":0.0,"enemies":"Shelled Parasite and Fungi","floor":21.0,"turns":4.0},{"damage":4.0,"enemies":"Centurion and Healer","floor":22.0,"turns":3.0},{"damage":0.0,"enemies":"Slavers","floor":23.0,"turns":2.0},{"damage":11.0,"enemies":"Gremlin Leader","floor":25.0,"turns":2.0},{"damage":0.0,"enemies":"Snecko","floor":26.0,"turns":4.0},{"damage":7.0,"enemies":"HollowMod:Nosk","floor":27.0,"turns":5.0},{"damage":0.0,"enemies":"3 Cultists","floor":28.0,"turns":3.0},{"damage":0.0,"enemies":"Cultist and Chosen","floor":29.0,"turns":6.0},{"damage":0.0,"enemies":"Book of Stabbing","floor":31.0,"turns":3.0},{"damage":0.0,"enemies":"Shelled Parasite and Fungi","floor":32.0,"turns":4.0},{"damage":0.0,"enemies":"WA_ARCHETYPE_CALM","floor":33.0,"turns":4.0},{"damage":0.0,"enemies":"Orb Walker","floor":36.0,"turns":2.0},{"damage":0.0,"enemies":"3 Darklings","floor":37.0,"turns":3.0},{"damage":0.0,"enemies":"downfall:FleeingMerchant","floor":38.0,"turns":3.0},{"damage":0.0,"enemies":"Nemesis","floor":43.0,"turns":5.0},{"damage":0.0,"enemies":"Maw","floor":44.0,"turns":6.0},{"damage":0.0,"enemies":"Reptomancer","floor":46.0,"turns":5.0},{"damage":0.0,"enemies":"Jaw Worm Horde","floor":47.0,"turns":1.0},{"damage":0.0,"enemies":"Writhing Mass","floor":49.0,"turns":2.0},{"damage":0.0,"enemies":"SI_POISON_ARCHETYPE","floor":50.0,"turns":5.0},{"damage":0.0,"enemies":"downfall:CharBossMerchant","floor":52.0,"turns":5.0},{"damage":0,"enemies":"downfall:NeowBoss","floor":55,"turns":37}],"seed_played":"4060379898831987216","potions_obtained":[{"floor":8.0,"key":"champ:CounterPotion"},{"floor":11.0,"key":"LifebloodPotion"},{"floor":23.0,"key":"Cursed Concoction"},{"floor":26.0,"key":"jedi:wingpotion"},{"floor":27.0,"key":"Elixir"},{"floor":31.0,"key":"jedi:StrikingPotion"},{"floor":32.0,"key":"DuplicationPotion"},{"floor":36.0,"key":"Energy Potion"},{"floor":43.0,"key":"construct:ShiftPotion"},{"floor":46.0,"key":"LiquidMemories"},{"floor":49.0,"key":"SteroidPotion"},{"floor":52.0,"key":"Regen Potion"}],"is_trial":false,"path_per_floor":["R","M","M","?","M","?","T","E","?","M","M","?","R","M","M","B",null,"R","M","?","M","M","E","T","E","M","E","M","M","R","E","M","B",null,"R","M","M","$","?","?","T","$","E","M","R","E","M","?","M","B",null,"E","$","R","B"],"character_chosen":"THE_CONSTRUCT_MOD","items_purchased":["Oddly Smooth Stone","War Paint","construct:ForceCore","GuppysCollar","expansioncontent:DashGenerateEvil","expansioncontent:AwakenDeath","Nunchaku","construct:Reinforce"],"campfire_rested":0,"item_purchase_floors":[13,13,34,34,38,38,38,42],"current_hp_per_floor":[85,85,85,85,80,60,60,33,33,31,31,35,35,35,80,61,81,81,77,77,77,73,73,73,62,62,55,55,55,65,65,65,65,100,100,100,100,100,90,90,90,90,90,90,90,90,90,90,90,90,113,113,113,113,113,113],"gold":0,"neow_bonus":"THREE_ENEMY_KILL","is_daily":false,"chose_seed":false,"campfire_upgraded":5,"win_rate":0.0,"timestamp":1614256202,"path_taken":["R","M","M","?","M","?","T","E","?","?","M","?","R","M","M","BOSS","R","M","?","M","M","E","T","E","M","E","M","M","R","E","M","BOSS","R","M","M","$","?","?","T","?","E","?","R","E","?","?","M","BOSS","E","$","R","BOSS"],"items_purchased_type":["Relic","Relic","Card","Relic","Card","Card","Relic","Card"],"build_version":"2020-12-22","purchased_purges":2,"victory":false,"max_hp_per_floor":[85,85,85,85,80,80,80,77,77,80,80,80,80,80,80,81,81,81,83,83,85,83,83,83,86,88,87,90,96,106,108,112,111,100,100,101,103,105,105,105,105,105,108,111,111,113,113,113,111,113,113,116,116,116,113,113],"card_choices":[{"not_picked":[],"picked":"BloodyBrimstone","floor":0.0},{"not_picked":["construct:Boost","construct:Versatility"],"picked":"construct:Stasis","floor":2.0},{"not_picked":["construct:Failsafe","construct:SaveState"],"picked":"construct:PointDefense","floor":3.0},{"not_picked":["construct:Dampening","construct:HeavyBolt"],"picked":"construct:SweepLaser","floor":5.0},{"not_picked":["construct:ScrapCannon","construct:ShiftStrike"],"picked":"construct:Hazardproof","floor":6.0},{"not_picked":["construct:Accumulate","construct:Hazardproof"],"picked":"construct:Anticipate","floor":6.0},{"not_picked":["construct:Antimatter","construct:Analyze"],"picked":"construct:ShieldBurst","floor":8.0},{"not_picked":["construct:OneWayMirror","construct:ClusterMines"],"picked":"Bomb","floor":10.0},{"not_picked":["construct:Analyze","construct:Failsafe"],"picked":"construct:FierceBash","floor":11.0},{"not_picked":["construct:MetalShell","construct:ScrapCannon"],"picked":"construct:Construct_Overclock","floor":14.0},{"not_picked":["construct:Bunker","construct:LongRangeLance"],"picked":"construct:GatlingGun","floor":16.0},{"not_picked":["construct:Reinforce","construct:Stasis"],"picked":"construct:Antimatter","floor":19.0},{"not_picked":["construct:Accumulate","construct:SyphonStrike"],"picked":"construct:ScopeCore","floor":21.0},{"not_picked":["construct:HardReboot","construct:VentSteam"],"picked":"construct:Boost+1","floor":22.0},{"not_picked":["construct:Construct_Overclock","construct:Impenetrable"],"picked":"construct:Versatility","floor":23.0},{"not_picked":["construct:Boost","construct:Forcefield"],"picked":"construct:SweepLaser","floor":25.0},{"not_picked":["construct:Accumulate","construct:Electrocute"],"picked":"construct:Reserves","floor":26.0},{"not_picked":["construct:SuppressiveFire+1","construct:Autoturret"],"picked":"construct:ScopeCore+1","floor":27.0},{"not_picked":["construct:ShiftStrike","construct:Backfire"],"picked":"construct:QuickAttack","floor":28.0},{"not_picked":["construct:SyphonStrike","construct:VentSteam"],"picked":"construct:BatteryAcid+1","floor":29.0},{"not_picked":["construct:Enhance","construct:SweepLaser+1"],"picked":"construct:ChargeShot","floor":31.0},{"not_picked":["construct:Failsafe+1","construct:SyphonStrike"],"picked":"construct:FlakBarrage","floor":32.0},{"not_picked":["construct:ShieldBurst","construct:PanicFire"],"picked":"construct:GoldenBullet","floor":33.0},{"not_picked":["construct:VentSteam","construct:Analyze+1"],"picked":"construct:SuppressiveFire+1","floor":36.0},{"not_picked":["construct:ScrapCannon+1","construct:FocusedBeam"],"picked":"construct:Antimatter","floor":37.0},{"not_picked":["construct:FierceBash","construct:SyphonStrike+1"],"picked":"construct:HeavyBolt+1","floor":38.0},{"not_picked":["expansioncontent:InvincibleStrength","Replay:SS_hec_1"],"picked":"expansioncontent:GuardianWhirl","floor":39.0},{"not_picked":["expansioncontent:Hexaburn","expansioncontent:InvincibleStrength"],"picked":"Replay:SS_hec_1","floor":39.0},{"not_picked":["expansioncontent:LastStand","expansioncontent:AwakenDeath"],"picked":"Replay:SS_forest_2","floor":39.0},{"not_picked":["construct:Missile","construct:Accumulate+1"],"picked":"construct:UnbalancingBlast","floor":43.0},{"not_picked":["construct:Forcefield+1","construct:ScopeCore"],"picked":"construct:ChargeShot+1","floor":44.0},{"not_picked":["construct:OneWayMirror+1","construct:FierceBash"],"picked":"construct:ShieldGenerator","floor":46.0},{"not_picked":["construct:Forcefield","construct:Anticipate"],"picked":"construct:Impenetrable+1","floor":47.0},{"not_picked":["construct:ModeShift","construct:Stasis"],"picked":"construct:Enhance","floor":49.0},{"not_picked":["construct:HeavyBolt+1","construct:ScrapCannon+1"],"picked":"construct:Backfire","floor":52.0}],"player_experience":128798,"relics_obtained":[{"floor":2.0,"key":"LetterFromLob"},{"floor":6.0,"key":"jedi:heavyjacket"},{"floor":7.0,"key":"Anchor"},{"floor":8.0,"key":"Bag of Preparation"},{"floor":20.0,"key":"Ring of Misfortune"},{"floor":20.0,"key":"Ring of Fury"},{"floor":23.0,"key":"Boot"},{"floor":25.0,"key":"Gremlin Food"},{"floor":27.0,"key":"Ancient Tea Set"},{"floor":31.0,"key":"TheBean"},{"floor":34.0,"key":"reliquary:WeakTea"},{"floor":34.0,"key":"UnicornStump"},{"floor":34.0,"key":"Durian"},{"floor":41.0,"key":"Replay:WaspNest"},{"floor":43.0,"key":"Letter Opener"},{"floor":46.0,"key":"SatanicBible"},{"floor":52.0,"key":"GnawedLeaf"}],"event_choices":[{"cards_removed":["construct:ScopeCore"],"damage_healed":0.0,"max_hp_gain":0.0,"max_hp_loss":0.0,"gold_gain":0.0,"event_name":"Falling","player_choice":"Removed Skill","floor":40.0,"gold_loss":0.0,"damage_taken":0.0}],"is_beta":false,"boss_relics":[{"not_picked":["aspiration:SilentSkillbook","aspiration:RitualDagger"],"picked":"Velvet Choker"},{"not_picked":[]},{"not_picked":["Cursed Key","Empty Cage"],"picked":"Calling Bell"},{"not_picked":[]}],"items_purged_floors":[38,53],"is_endless":false,"potions_floor_spawned":[8,11,23,26,27,29,31,32,36,37,43,46,49,52],"killed_by":"downfall:NeowBoss","ascension_level":0}}