{"host":"2l5k2wp87eek7qja","time":1614265790,"event":{"mods":["BaseMod","Colored Map","Minty Spire (QoL Compilation)","Relic Stats"],"gold_per_floor":[115,115,133,151,162,162,162,197,197,232,125,168,168,186,186,186,186],"floor_reached":16,"language":"ENG","playtime":399,"items_purged":[],"score":290,"play_id":"3e0f8163-b456-4b90-b144-f8f008fa9e31","local_time":"20210225170950","is_ascension_mode":true,"campfire_choices":[{"data":"Bouncing Flask","floor":6,"key":"SMITH"},{"data":"Footwork","floor":13,"key":"SMITH"},{"data":"Neutralize","floor":15,"key":"SMITH"}],"circlet_count":0,"master_deck":["AscendersBane","Strike_G","Strike_G","Strike_G","Strike_G","Defend_G","Defend_G","Defend_G","Defend_G","Defend_G","Survivor","Neutralize+1","Backstab","Poisoned Stab","Footwork+1","Bouncing Flask+1","Deadly Poison","PiercingWail","Dodge and Roll"],"relics":["Ring of the Snake","NeowsBlessing","Golden Idol","Ancient Tea Set","Pantograph","Smiling Mask","Bottled Flame"],"acts_visited":["Exordium"],"potions_floor_usage":[8,10,14],"damage_taken":[{"damage":0,"enemies":"2 Louse","floor":1,"turns":1},{"damage":0,"enemies":"Cultist","floor":3,"turns":1},{"damage":0,"enemies":"Small Slimes","floor":4,"turns":1},{"damage":2,"enemies":"2 Fungi Beasts","floor":5,"turns":4},{"damage":14,"enemies":"Lagavulin","floor":8,"turns":5},{"damage":28,"enemies":"3 Sentries","floor":10,"turns":10},{"damage":0,"enemies":"Gremlin Nob","floor":12,"turns":3},{"damage":0,"enemies":"Red Slaver","floor":14,"turns":2},{"damage":15,"enemies":"Slime Boss","floor":16,"turns":7}],"seed_played":"6936227625512194837","potions_obtained":[{"floor":3,"key":"PowerPotion"},{"floor":8,"key":"Dexterity Potion"},{"floor":12,"key":"AttackPotion"},{"floor":14,"key":"BlessingOfTheForge"}],"is_trial":false,"path_per_floor":["M","?","M","M","M","R","?","E","T","E","?","E","R","M","R","B"],"character_chosen":"THE_SILENT","items_purchased":[],"campfire_rested":0,"item_purchase_floors":[],"current_hp_per_floor":[59,59,59,59,57,57,57,43,43,15,15,15,15,15,15,25,25],"gold":186,"neow_bonus":"THREE_ENEMY_KILL","is_daily":false,"chose_seed":false,"campfire_upgraded":3,"win_rate":0.0,"timestamp":1614265790,"path_taken":["M","?","?","M","M","R","?","E","T","E","?","E","R","M","R","BOSS"],"items_purchased_type":[],"build_version":"2020-12-22","purchased_purges":0,"victory":false,"max_hp_per_floor":[66,66,66,66,66,66,60,60,60,60,60,60,60,60,60,60,60],"relic_stats":{"counters":[9,34],"Golden Idol":27,"Pantograph":25,"Smiling Mask":0,"obtain_stats":[{"Bottled Flame":12,"NeowsBlessing":0,"Golden Idol":7,"Pantograph":10,"Ancient Tea Set":8,"Smiling Mask":11,"Ring of the Snake":0},{"Bottled Flame":7,"NeowsBlessing":0,"Golden Idol":4,"Pantograph":6,"Ancient Tea Set":5,"Smiling Mask":6,"Ring of the Snake":0},{"Bottled Flame":25,"NeowsBlessing":0,"Golden Idol":7,"Pantograph":22,"Ancient Tea Set":12,"Smiling Mask":22,"Ring of the Snake":0}],"Ring of the Snake":[18]},"card_choices":[{"not_picked":["Deflect","Endless Agony"],"picked":"Backstab","floor":1},{"not_picked":["Backflip","Setup"],"picked":"Poisoned Stab","floor":3},{"not_picked":["Blur","Escape Plan"],"picked":"Footwork","floor":4},{"not_picked":["Calculated Gamble","Reflex"],"picked":"Bouncing Flask","floor":5},{"not_picked":["Bane","Dagger Spray"],"picked":"Deadly Poison","floor":8},{"not_picked":["Predator","Prepared"],"picked":"PiercingWail","floor":10},{"not_picked":["Quick Slash","Envenom","Poisoned Stab"],"picked":"SKIP","floor":12},{"not_picked":["Finisher","PiercingWail"],"picked":"Dodge and Roll","floor":14}],"player_experience":895720,"relics_obtained":[{"floor":8,"key":"Ancient Tea Set"},{"floor":10,"key":"Pantograph"},{"floor":12,"key":"Bottled Flame"}],"event_choices":[{"cards_removed":["Strike_G"],"damage_healed":0,"gold_gain":0,"player_choice":"Offered Basic","damage_taken":0,"max_hp_gain":0,"max_hp_loss":0,"event_name":"Bonfire Elementals","floor":2,"gold_loss":0},{"damage_healed":0,"gold_gain":0,"player_choice":"Lose Max HP","damage_taken":0,"relics_obtained":["Golden Idol"],"max_hp_gain":0,"max_hp_loss":6,"event_name":"Golden Idol","floor":7,"gold_loss":0},{"damage_healed":0,"gold_gain":0,"player_choice":"Paid Gold","damage_taken":0,"relics_obtained":["Smiling Mask"],"max_hp_gain":0,"max_hp_loss":0,"event_name":"WeMeetAgain","floor":11,"gold_loss":107}],"is_beta":false,"boss_relics":[],"items_purged_floors":[],"is_endless":false,"potions_floor_spawned":[3,8,12,14],"killed_by":"Slime Boss","ascension_level":20}}