{"host":"zp8jvycvinn13jdb","time":1614285856,"event":{"mods":["BaseMod","Better Match","Colored Powertips","Downfall","Googly Eyes","Hermit","Minty Spire (QoL Compilation)","Rare Cards Sparkle","Relic Stats","StSLib","SuperFastMode","Synergy Search","The Bug Knight","The Cursed"],"gold_per_floor":[114,124,124,49,64,64,64,90,172,182,197,197,214,241,253,367,679,702,196,214,129,146,146,161,161,161,161,161],"floor_reached":27,"language":"ENG","playtime":1228,"items_purged":["Defend_R","Strike_R"],"score":215,"play_id":"03543e41-2672-4711-86a0-d032f3540b70","local_time":"20210225154416","is_ascension_mode":false,"campfire_choices":[{"data":"Armaments","floor":6,"key":"SMITH"},{"floor":12,"key":"REST"},{"data":"Armaments","floor":15,"key":"SMITH"},{"floor":23,"key":"REST"},{"floor":25,"key":"REST"}],"circlet_count":0,"master_deck":["Strike_R","Strike_R","Strike_R","Strike_R","Defend_R","Defend_R","Defend_R","Bash","Injury","Armaments+1","Armaments+1","Inflame","Searing Blow","Armaments","Deep Breath","Battle Trance"],"relics":["Burning Blood","Magic Flower","Mercury Hourglass","Omamori","Ornamental Fan","MawBank","Calling Bell","Orichalcum","Paper Frog","Old Coin","Question Card","StoneCalendar","Eternal Feather"],"acts_visited":["Exordium","TheCity"],"potions_floor_usage":[16,22,27,27,27],"damage_taken":[{"damage":10,"enemies":"Cultist","floor":1,"turns":4},{"damage":15,"enemies":"Small Slimes","floor":2,"turns":4},{"damage":11,"enemies":"Jaw Worm","floor":5,"turns":2},{"damage":39,"enemies":"Lagavulin","floor":8,"turns":9},{"damage":8,"enemies":"Red Slaver","floor":10,"turns":4},{"damage":8,"enemies":"Gremlin Gang","floor":11,"turns":4},{"damage":10,"enemies":"Large Slime","floor":13,"turns":6},{"damage":57,"enemies":"The Guardian","floor":16,"turns":15},{"damage":24,"enemies":"Chosen","floor":18,"turns":6},{"damage":39,"enemies":"Shell Parasite","floor":20,"turns":7},{"damage":32,"enemies":"Centurion and Healer","floor":22,"turns":8},{"damage":66,"enemies":"3 Cultists","floor":24,"turns":7},{"damage":61,"enemies":"Book of Stabbing","floor":27,"turns":5}],"seed_played":"-6203324488126191440","potions_obtained":[{"floor":2,"key":"Fire Potion"},{"floor":5,"key":"sneckomod:MuddlingPotion"},{"floor":8,"key":"BloodPotion"},{"floor":24,"key":"Regen Potion"}],"is_trial":false,"path_per_floor":["M","M","T","$","M","R","?","E","T","M","M","R","M","T","R","B",null,"M","$","M","?","M","R","M","R","T","E"],"character_chosen":"IRONCLAD","items_purchased":["Armaments","Question Card","Deep Breath","hexamod:SoulburnPotion"],"campfire_rested":3,"item_purchase_floors":[19,19,19,19],"current_hp_per_floor":[79,73,73,73,71,71,76,46,46,47,48,73,72,72,72,24,85,70,70,40,40,43,68,11,36,36,0,0],"gold":161,"neow_bonus":"ONE_RARE_RELIC","is_daily":false,"chose_seed":false,"campfire_upgraded":2,"win_rate":0.0,"timestamp":1614285856,"path_taken":["M","M","?","$","M","R","?","E","T","M","M","R","M","?","R","BOSS","M","?","?","?","M","R","M","R","T","E"],"items_purchased_type":["Card","Relic","Card","Potion"],"build_version":"2020-12-22","purchased_purges":2,"victory":false,"max_hp_per_floor":[80,80,80,80,80,80,85,85,85,85,85,85,85,85,85,85,85,85,85,85,85,85,85,85,85,85,85,85],"relic_stats":{"counters":[13,78],"Ornamental Fan":[12],"Magic Flower":[54],"StoneCalendar":[54],"Eternal Feather":0,"Orichalcum":[18],"MawBank":60,"Question Card":3,"obtain_stats":[{"Magic Flower":0,"StoneCalendar":21,"Eternal Feather":26,"Omamori":8,"Orichalcum":17,"MawBank":14,"Question Card":19,"Burning Blood":0,"Mercury Hourglass":3,"Old Coin":17,"Calling Bell":17,"Ornamental Fan":9,"Paper Frog":17},{"Magic Flower":0,"StoneCalendar":10,"Eternal Feather":12,"Omamori":4,"Orichalcum":8,"MawBank":7,"Question Card":9,"Burning Blood":0,"Mercury Hourglass":2,"Old Coin":8,"Calling Bell":8,"Ornamental Fan":4,"Paper Frog":8},{"Magic Flower":0,"StoneCalendar":59,"Eternal Feather":73,"Omamori":19,"Orichalcum":47,"MawBank":33,"Question Card":52,"Burning Blood":0,"Mercury Hourglass":8,"Old Coin":47,"Calling Bell":47,"Ornamental Fan":19,"Paper Frog":47}],"Burning Blood":108,"Mercury Hourglass":[247]},"card_choices":[{"not_picked":["Rage","Body Slam"],"picked":"Armaments","floor":1},{"not_picked":["Twin Strike","Flame Barrier","Sentinel"],"picked":"SKIP","floor":2},{"not_picked":["Pommel Strike","Clothesline"],"picked":"Armaments","floor":5},{"not_picked":["Flex","Double Tap"],"picked":"Inflame","floor":8},{"not_picked":["Clothesline","Evolve"],"picked":"Searing Blow","floor":10},{"not_picked":["Seeing Red","Dark Embrace","Pommel Strike"],"picked":"SKIP","floor":11},{"not_picked":["Flame Barrier","Body Slam","Cleave"],"picked":"SKIP","floor":13},{"not_picked":["Anger","Blood for Blood","Entrench+1"],"picked":"SKIP","floor":18},{"not_picked":["Rage","Rampage","Sever Soul","Entrench"],"picked":"SKIP","floor":20},{"not_picked":["Pummel","Clothesline+1","Wild Strike"],"picked":"Battle Trance","floor":22},{"not_picked":["Iron Wave+1","Blood for Blood","Heavy Blade+1","Cleave+1"],"picked":"SKIP","floor":24}],"player_experience":188901,"relics_obtained":[{"floor":3,"key":"Mercury Hourglass"},{"floor":8,"key":"Omamori"},{"floor":9,"key":"Ornamental Fan"},{"floor":14,"key":"MawBank"},{"floor":17,"key":"Orichalcum"},{"floor":17,"key":"Paper Frog"},{"floor":17,"key":"Old Coin"},{"floor":26,"key":"Eternal Feather"}],"event_choices":[{"damage_healed":0,"gold_gain":0,"player_choice":"Donut","damage_taken":0,"max_hp_gain":5,"max_hp_loss":0,"event_name":"Big Fish","floor":7,"gold_loss":0},{"damage_healed":0,"gold_gain":0,"player_choice":"Obtained Relic","damage_taken":0,"relics_obtained":["StoneCalendar"],"max_hp_gain":0,"max_hp_loss":0,"event_name":"Addict","floor":21,"gold_loss":85}],"is_beta":false,"boss_relics":[{"not_picked":["Pandora\u0027s Box","Coffee Dripper"],"picked":"Calling Bell"}],"items_purged_floors":[4,19],"is_endless":false,"potions_floor_spawned":[2,5,8,24],"killed_by":"Book of Stabbing","ascension_level":0}}