{"host":"rfvxwqmjnimh09wr","time":1614211668,"event":{"mods":["BaseMod","Colored Map","Minty Spire (QoL Compilation)","StSLib"],"gold_per_floor":[119,40,53,228,248,282,292,327,327,327,327,342,354,23,23,122,122,132,132,147,147,147],"floor_reached":21,"language":"ENG","playtime":1342,"items_purged":["Strike_R"],"score":216,"play_id":"2e049abe-f8ac-41a4-b6ae-506f113b79d7","local_time":"20210224190748","is_ascension_mode":false,"campfire_choices":[{"floor":11,"key":"REST"},{"data":"Limit Break","floor":15,"key":"SMITH"}],"circlet_count":0,"master_deck":["Strike_R","Strike_R","Strike_R","Strike_R","Defend_R","Defend_R","Defend_R","Defend_R","Bash","The Bomb","Heavy Blade","Limit Break+1","Shrug It Off","Doubt","Shockwave","Disarm+1","Demon Form","Warcry+1","Shrug It Off+1","Inflame","Warcry+1"],"relics":["Black Blood","Toxic Egg 2","Ancient Tea Set","Regal Pillow","Kunai","Bottled Lightning","MutagenicStrength"],"acts_visited":["Exordium","TheCity"],"potions_floor_usage":[6,8,12],"damage_taken":[{"damage":9,"enemies":"2 Louse","floor":1,"turns":3},{"damage":13,"enemies":"Jaw Worm","floor":3,"turns":4},{"damage":2,"enemies":"Small Slimes","floor":5,"turns":4},{"damage":21,"enemies":"Lagavulin","floor":6,"turns":7},{"damage":11,"enemies":"3 Louse","floor":7,"turns":4},{"damage":34,"enemies":"Gremlin Nob","floor":8,"turns":5},{"damage":9,"enemies":"Blue Slaver","floor":12,"turns":5},{"damage":11,"enemies":"Looter","floor":13,"turns":5},{"damage":29,"enemies":"The Guardian","floor":16,"turns":8},{"damage":22,"enemies":"Shell Parasite","floor":18,"turns":7},{"damage":48,"enemies":"Chosen","floor":20,"turns":8},{"damage":28,"enemies":"Snake Plant","floor":21,"turns":4}],"seed_played":"8566352301055320136","potions_obtained":[{"floor":1,"key":"Swift Potion"},{"floor":5,"key":"SpeedPotion"},{"floor":6,"key":"ColorlessPotion"}],"is_trial":false,"path_per_floor":["M","$","M","?","M","E","M","E","T","?","R","M","M","$","R","B",null,"M","?","M","M"],"character_chosen":"IRONCLAD","items_purchased":["Limit Break","Bottled Lightning"],"campfire_rested":1,"item_purchase_floors":[2,14],"current_hp_per_floor":[69,69,62,62,66,51,46,18,18,15,51,48,43,43,43,20,72,62,62,26,0,0],"gold":147,"neow_bonus":"RANDOM_COLORLESS_2","is_daily":false,"chose_seed":false,"campfire_upgraded":1,"win_rate":0.0,"timestamp":1614211668,"path_taken":["M","$","M","?","M","E","M","E","T","?","R","M","M","$","R","BOSS","M","?","M","M"],"items_purchased_type":["Card","Relic"],"build_version":"2020-12-22","purchased_purges":1,"victory":false,"max_hp_per_floor":[72,72,72,72,72,72,72,72,72,72,72,72,72,72,72,72,72,72,72,72,72,72],"card_choices":[{"not_picked":["Chrysalis","Sadistic Nature"],"picked":"The Bomb","floor":0},{"not_picked":["Wild Strike","Warcry"],"picked":"Heavy Blade","floor":1},{"not_picked":["Wild Strike","Sword Boomerang"],"picked":"Shrug It Off","floor":3},{"not_picked":["Wild Strike","Cleave"],"picked":"Shockwave","floor":5},{"not_picked":["Thunderclap","Combust"],"picked":"Disarm+1","floor":6},{"not_picked":["Rampage","Clothesline"],"picked":"Demon Form","floor":7},{"not_picked":["Bloodletting+1","Pommel Strike"],"picked":"Warcry+1","floor":8},{"not_picked":["Pommel Strike","Ghostly Armor+1"],"picked":"Shrug It Off+1","floor":12},{"not_picked":["Clothesline","Heavy Blade"],"picked":"Inflame","floor":13},{"not_picked":["Shrug It Off+1","Power Through+1","Bloodletting+1"],"picked":"SKIP","floor":18},{"not_picked":["Body Slam+1","Anger"],"picked":"Warcry+1","floor":20}],"player_experience":219379,"relics_obtained":[{"floor":6,"key":"Toxic Egg 2"},{"floor":8,"key":"Ancient Tea Set"},{"floor":9,"key":"Regal Pillow"}],"event_choices":[{"damage_healed":0,"gold_gain":175,"player_choice":"AGREE","damage_taken":0,"max_hp_gain":0,"max_hp_loss":0,"event_name":"Liars Game","floor":4,"gold_loss":0,"cards_obtained":["Doubt"]},{"damage_healed":0,"gold_gain":0,"player_choice":"Success","damage_taken":3,"relics_obtained":["Kunai"],"max_hp_gain":0,"max_hp_loss":0,"event_name":"Scrap Ooze","floor":10,"gold_loss":0},{"damage_healed":0,"gold_gain":0,"player_choice":"Inject Mutagens","damage_taken":0,"relics_obtained":["MutagenicStrength"],"max_hp_gain":0,"max_hp_loss":0,"event_name":"Drug Dealer","floor":19,"gold_loss":0}],"is_beta":false,"boss_relics":[{"not_picked":["Mark of Pain","Sozu"],"picked":"Black Blood"}],"items_purged_floors":[14],"is_endless":false,"potions_floor_spawned":[1,5,6],"killed_by":"Snake Plant","ascension_level":0}}