{"host":"qp7xs8nuzfsyommi","time":1614277944,"event":{"mods":["2.2 Compatiblity","BaseMod","Colored Powertips","DeckTracker","Highlight Path","Minty Spire (QoL Compilation)","Permanent Neow","Quick Restart","StSLib","Weighted Paths"],"gold_per_floor":[110,150,67,98,130,130,156,3,3,61,71,116,116,158,158,262,262,301,339,7,45,54,54,54],"floor_reached":23,"language":"ENG","playtime":1353,"items_purged":["Strike_B"],"score":410,"play_id":"39f908dc-de40-4fb3-a5ff-72cac8799c31","local_time":"20210225133224","is_ascension_mode":true,"campfire_choices":[{"data":"HandOfGreed","floor":6.0,"key":"SMITH"},{"data":"Coolheaded","floor":13,"key":"SMITH"},{"data":"Self Repair","floor":15,"key":"SMITH"}],"circlet_count":0,"master_deck":["AscendersBane","Strike_B","Strike_B","Strike_B","Defend_B","Defend_B","Defend_B","Defend_B","Zap","Dualcast","HandOfGreed+1","Reinforced Body","Go for the Eyes","Turbo","Coolheaded","Leap","Beam Cell","Cold Snap","Chill","Self Repair+1","Compile Driver","Coolheaded+1","Buffer","Capacitor","Melter","Writhe"],"relics":["Cracked Core","Letter Opener","White Beast Statue","Darkstone Periapt","Black Star","Blood Vial","Medical Kit","CeramicFish"],"acts_visited":["Exordium","TheCity"],"potions_floor_usage":[11,12,14,16,16,18,21,21,23],"damage_taken":[{"damage":0.0,"enemies":"Cultist","floor":1.0,"turns":2.0},{"damage":4.0,"enemies":"Small Slimes","floor":2.0,"turns":3.0},{"damage":2.0,"enemies":"Jaw Worm","floor":4.0,"turns":2.0},{"damage":0.0,"enemies":"Blue Slaver","floor":5.0,"turns":5.0},{"damage":10.0,"enemies":"Gremlin Nob","floor":7.0,"turns":3.0},{"damage":11.0,"enemies":"Lagavulin","floor":10.0,"turns":7.0},{"damage":2,"enemies":"Looter","floor":11,"turns":4},{"damage":0,"enemies":"Large Slime","floor":12,"turns":5},{"damage":13,"enemies":"Blue Slaver","floor":14,"turns":4},{"damage":39,"enemies":"Hexaghost","floor":16,"turns":13},{"damage":14,"enemies":"3 Byrds","floor":18,"turns":4},{"damage":15,"enemies":"Spheric Guardian","floor":19,"turns":13},{"damage":12,"enemies":"Chosen and Byrds","floor":21,"turns":11},{"damage":58,"enemies":"Book of Stabbing","floor":23,"turns":7}],"seed_played":"6091913763741476972","potions_obtained":[{"floor":4.0,"key":"DuplicationPotion"},{"floor":5.0,"key":"FocusPotion"},{"floor":7.0,"key":"FocusPotion"},{"floor":10.0,"key":"Swift Potion"},{"floor":11,"key":"BlessingOfTheForge"},{"floor":12,"key":"Strength Potion"},{"floor":14,"key":"Fire Potion"},{"floor":16,"key":"Fruit Juice"},{"floor":18,"key":"Explosive Potion"},{"floor":19,"key":"Dexterity Potion"},{"floor":21,"key":"Block Potion"}],"is_trial":false,"path_per_floor":["M","M","$","M","M","R","E","$","T","E","M","M","R","M","R","B",null,"M","M","$","M","?","E"],"character_chosen":"DEFECT","items_purchased":["Turbo","Coolheaded","Chill","Blood Vial","Medical Kit"],"campfire_rested":0,"item_purchase_floors":[3,3,8,20,20],"current_hp_per_floor":[64,60,60,58,58,58,48,48,48,37,42,49,49,46,46,22,57,53,48,48,48,54,0,0],"gold":54,"neow_bonus":"RANDOM_COLORLESS_2","is_daily":false,"chose_seed":false,"campfire_upgraded":3,"win_rate":0.0,"timestamp":1614277944,"path_taken":["M","M","$","M","M","R","E","?","T","E","?","M","R","M","R","BOSS","M","M","$","?","?","E"],"items_purchased_type":["Card","Card","Card","Relic","Relic"],"build_version":"2020-12-22","purchased_purges":1,"victory":false,"max_hp_per_floor":[64,64,64,64,64,64,64,64,64,64,64,64,64,64,64,69,69,69,69,69,69,75,75,75],"card_choices":[{"not_picked":["Chrysalis","Violence"],"picked":"HandOfGreed","floor":0.0},{"not_picked":["Gash","Barrage"],"picked":"Reinforced Body","floor":1.0},{"not_picked":["Rip and Tear","Stack"],"picked":"Go for the Eyes","floor":2.0},{"not_picked":["Aggregate","Ball Lightning"],"picked":"Leap","floor":4.0},{"not_picked":["Streamline","Steam"],"picked":"Beam Cell","floor":5.0},{"not_picked":["Aggregate","Sweeping Beam"],"picked":"Cold Snap","floor":7.0},{"not_picked":["Hologram","Meteor Strike"],"picked":"Self Repair","floor":10.0},{"not_picked":["Darkness","Capacitor"],"picked":"Compile Driver","floor":11},{"not_picked":["Heatsinks","Go for the Eyes"],"picked":"Coolheaded","floor":12},{"not_picked":["Redo","Rebound","Ball Lightning"],"picked":"SKIP","floor":14},{"not_picked":["Hyperbeam","Creative AI"],"picked":"Buffer","floor":16},{"not_picked":["Reinforced Body","Compile Driver","Leap"],"picked":"SKIP","floor":18},{"not_picked":["Chaos","Redo"],"picked":"Capacitor","floor":19},{"not_picked":["Compile Driver","Chill"],"picked":"Melter","floor":21}],"player_experience":1527555,"relics_obtained":[{"floor":7.0,"key":"Letter Opener"},{"floor":9.0,"key":"White Beast Statue"},{"floor":10.0,"key":"Darkstone Periapt"}],"event_choices":[{"damage_healed":0,"gold_gain":0,"player_choice":"Opened","damage_taken":0,"relics_obtained":["CeramicFish"],"max_hp_gain":0,"max_hp_loss":0,"event_name":"The Mausoleum","floor":22,"gold_loss":0,"cards_obtained":["Writhe"]}],"is_beta":false,"boss_relics":[{"not_picked":["Velvet Choker","Ectoplasm"],"picked":"Black Star"}],"items_purged_floors":[8],"is_endless":false,"potions_floor_spawned":[4,5,7,10,11,12,14,16,18,19,21],"killed_by":"Book of Stabbing","ascension_level":20}}