{"host":"6nqy62k7v1jh46lb","time":1614285203,"event":{"mods":["AchievementEnabler","BaseMod","Bestiary","Block Reminder","Colored Powertips","Highlight Path","Minty Spire (QoL Compilation)","Relic Stats"],"gold_per_floor":[117,135,135,20,30,30,55,66,66,79,79,91,102,7,7,110,110,128,128,152,152,25,25,36,36,36,36,36,66,85,111,111,214,214,226,244,254,254,274,274,307,307,307,357,376,74,86,106,106,106,106,106,38,65,65],"floor_reached":56,"language":"ENG","playtime":6560,"items_purged":["Strike_B","Defend_B"],"score":1169,"play_id":"05e2f0af-9711-4024-9d59-77f1a981afd8","local_time":"20210225213323","is_ascension_mode":false,"campfire_choices":[{"floor":6.0,"key":"RECALL"},{"floor":15.0,"key":"REST"},{"data":"Coolheaded","floor":23.0,"key":"SMITH"},{"data":"Skim","floor":25.0,"key":"SMITH"},{"data":"Coolheaded","floor":28.0,"key":"SMITH"},{"data":"Chaos","floor":32.0,"key":"SMITH"},{"floor":40.0,"key":"REST"},{"floor":42.0,"key":"REST"},{"floor":49.0,"key":"REST"},{"data":"Consume","floor":52.0,"key":"SMITH"}],"circlet_count":0,"master_deck":["Zap","Dualcast","Redo+1","Capacitor","Melter","Capacitor","Glacier","Ball Lightning","Conserve Battery","Skim+1","Force Field","Core Surge","Sweeping Beam+1","Coolheaded+1","Core Surge","Coolheaded+1","Chaos+1","Fusion","Sweeping Beam+1","Doom and Gloom+1","Electrodynamics+1","Ball Lightning+1","Aggregate+1","Scrape+1","FTL+1","Barrage+1","Consume+1","Streamline+1","Amplify","Echo Form+1","Melter+1","Self Repair+1","Defragment+1"],"relics":["Cracked Core","Strawberry","Calipers","Cables","Snecko Eye","Frozen Egg 2","Molten Egg 2","Anchor","Astrolabe","Pocketwatch","InkBottle","Ice Cream","Mummified Hand"],"acts_visited":["Exordium","TheCity","TheBeyond","TheEnding"],"potions_floor_usage":[55,55],"damage_taken":[{"damage":0.0,"enemies":"Small Slimes","floor":1.0,"turns":2.0},{"damage":6.0,"enemies":"Jaw Worm","floor":2.0,"turns":3.0},{"damage":0.0,"enemies":"2 Louse","floor":5.0,"turns":2.0},{"damage":25.0,"enemies":"Lagavulin","floor":7.0,"turns":7.0},{"damage":13.0,"enemies":"Red Slaver","floor":8.0,"turns":5.0},{"damage":1.0,"enemies":"2 Fungi Beasts","floor":10.0,"turns":4.0},{"damage":7.0,"enemies":"3 Louse","floor":12.0,"turns":3.0},{"damage":3.0,"enemies":"Exordium Wildlife","floor":13.0,"turns":4.0},{"damage":19.0,"enemies":"The Guardian","floor":16.0,"turns":11.0},{"damage":0.0,"enemies":"Shell Parasite","floor":18.0,"turns":6.0},{"damage":9.0,"enemies":"2 Thieves","floor":24.0,"turns":3.0},{"damage":13.0,"enemies":"Gremlin Leader","floor":29.0,"turns":11.0},{"damage":0.0,"enemies":"Snecko","floor":30.0,"turns":6.0},{"damage":13.0,"enemies":"Book of Stabbing","floor":31.0,"turns":5.0},{"damage":41.0,"enemies":"Automaton","floor":33.0,"turns":9.0},{"damage":9.0,"enemies":"3 Shapes","floor":35.0,"turns":2.0},{"damage":5.0,"enemies":"Orb Walker","floor":36.0,"turns":3.0},{"damage":28.0,"enemies":"Jaw Worm Horde","floor":37.0,"turns":4.0},{"damage":0.0,"enemies":"Transient","floor":39.0,"turns":5.0},{"damage":17.0,"enemies":"Nemesis","floor":41.0,"turns":5.0},{"damage":3.0,"enemies":"Mind Bloom Boss Battle","floor":44.0,"turns":5.0},{"damage":24.0,"enemies":"Maw","floor":45.0,"turns":6.0},{"damage":0.0,"enemies":"Jaw Worm Horde","floor":47.0,"turns":3.0},{"damage":0.0,"enemies":"4 Shapes","floor":48.0,"turns":1.0},{"damage":37.0,"enemies":"Donu and Deca","floor":50.0,"turns":6.0},{"damage":10,"enemies":"Shield and Spear","floor":54,"turns":4},{"damage":65,"enemies":"The Heart","floor":55,"turns":11}],"seed_played":"3926071139511797956","potions_obtained":[{"floor":2.0,"key":"EssenceOfDarkness"},{"floor":5.0,"key":"Strength Potion"},{"floor":10.0,"key":"FocusPotion"},{"floor":13.0,"key":"SpeedPotion"},{"floor":18.0,"key":"Block Potion"},{"floor":24.0,"key":"LiquidMemories"},{"floor":30.0,"key":"SkillPotion"},{"floor":31.0,"key":"PotionOfCapacity"},{"floor":35.0,"key":"Block Potion"},{"floor":39.0,"key":"GamblersBrew"},{"floor":47.0,"key":"Explosive Potion"}],"is_trial":false,"path_per_floor":["M","M","?","$","M","R","E","M","T","M","?","M","M","$","R","B",null,"M","?","T","?","$","R","M","R","T","?","R","E","M","E","R","B",null,"M","M","M","?","M","R","E","R","T","?","M","$","M","M","R","B",null,"R","$","E","B",null],"character_chosen":"DEFECT","items_purchased":["Melter","Fruit Juice","Coolheaded","Amplify","Echo Form+1","FocusPotion","Weak Potion","Self Repair+1"],"campfire_rested":4,"item_purchase_floors":[4,14,22,46,46,46,46,53],"current_hp_per_floor":[82,76,81,81,81,81,56,43,43,42,42,35,32,37,64,45,92,92,92,92,92,92,92,83,83,83,83,83,70,70,57,57,16,92,83,78,50,50,50,77,60,87,87,84,60,60,60,60,87,50,92,92,92,92,27],"gold":65,"neow_bonus":"RANDOM_COMMON_RELIC","is_daily":false,"chose_seed":false,"campfire_upgraded":5,"win_rate":0.0,"timestamp":1614285203,"path_taken":["M","M","?","$","M","R","E","M","T","M","?","M","M","?","R","BOSS","M","?","?","?","$","R","M","R","T","?","R","E","M","E","R","BOSS","M","M","M","?","?","R","E","R","T","?","M","$","M","M","R","BOSS","R","$","E","BOSS"],"items_purchased_type":["Card","Potion","Card","Card","Card","Potion","Potion","Card"],"build_version":"2020-12-22","purchased_purges":2,"victory":true,"max_hp_per_floor":[82,82,87,87,87,87,87,87,87,87,87,87,87,92,92,92,92,92,92,92,92,92,92,92,92,92,92,92,92,92,92,92,92,92,92,92,92,92,92,92,92,92,92,92,92,92,92,92,92,92,92,92,92,92,92],"relic_stats":{"counters":[27,136],"Mummified Hand":[11],"Astrolabe":["Ball Lightning","Aggregate","Scrape"],"Snecko Eye":[265,252,233,227],"obtain_stats":[{"Ice Cream":44,"Calipers":7,"Astrolabe":34,"Frozen Egg 2":26,"Cables":9,"Anchor":31,"Mummified Hand":54,"Strawberry":0,"Snecko Eye":17,"Molten Egg 2":29,"Cracked Core":0,"InkBottle":43,"Pocketwatch":41},{"Ice Cream":21,"Calipers":4,"Astrolabe":15,"Frozen Egg 2":11,"Cables":5,"Anchor":14,"Mummified Hand":26,"Strawberry":0,"Snecko Eye":9,"Molten Egg 2":12,"Cracked Core":0,"InkBottle":20,"Pocketwatch":20},{"Ice Cream":105,"Calipers":14,"Astrolabe":81,"Frozen Egg 2":50,"Cables":19,"Anchor":72,"Mummified Hand":125,"Strawberry":0,"Snecko Eye":41,"Molten Egg 2":61,"Cracked Core":0,"InkBottle":100,"Pocketwatch":100}],"InkBottle":[24],"Cables":[99,52,38,5,4],"Pocketwatch":[6]},"card_choices":[{"not_picked":["Streamline","Turbo"],"picked":"Redo","floor":1.0},{"not_picked":["Coolheaded","Blizzard"],"picked":"Capacitor","floor":2.0},{"not_picked":["Compile Driver","Reprogram"],"picked":"Capacitor","floor":5.0},{"not_picked":["Core Surge","Hyperbeam"],"picked":"Glacier","floor":7.0},{"not_picked":["Rip and Tear","White Noise"],"picked":"Ball Lightning","floor":8.0},{"not_picked":["Ball Lightning","Sunder"],"picked":"Conserve Battery","floor":10.0},{"not_picked":["Streamline","Storm"],"picked":"Skim","floor":12.0},{"not_picked":["Conserve Battery","Reprogram"],"picked":"Force Field","floor":13.0},{"not_picked":["Amplify","Fission"],"picked":"Core Surge","floor":16.0},{"not_picked":["Leap+1","Genetic Algorithm"],"picked":"Sweeping Beam+1","floor":18.0},{"not_picked":["Tempest","Rebound"],"picked":"Chaos","floor":24.0},{"not_picked":["Hologram","Sunder+1"],"picked":"Sweeping Beam+1","floor":29.0},{"not_picked":["Redo","Steam","Coolheaded+1"],"picked":"SKIP","floor":30.0},{"not_picked":["Coolheaded","Fusion"],"picked":"Doom and Gloom+1","floor":31.0},{"not_picked":["Creative AI+1","Thunder Strike+1"],"picked":"Electrodynamics+1","floor":33.0},{"not_picked":["Gash+1","Beam Cell+1"],"picked":"FTL+1","floor":35.0},{"not_picked":["Lockon+1","White Noise"],"picked":"Barrage+1","floor":36.0},{"not_picked":["Redo+1","Leap"],"picked":"Consume","floor":37.0},{"not_picked":["Conserve Battery","Go for the Eyes+1","Coolheaded+1"],"picked":"SKIP","floor":39.0},{"not_picked":["Go for the Eyes+1","Cold Snap+1","Leap"],"picked":"SKIP","floor":41.0},{"not_picked":["Heatsinks+1","Turbo"],"picked":"Streamline+1","floor":44.0},{"not_picked":["Steam Power","Gash+1","Leap+1"],"picked":"SKIP","floor":45.0},{"not_picked":["Hyperbeam+1","Reprogram+1"],"picked":"Melter+1","floor":47.0},{"not_picked":["Consume+1","Turbo","Scrape+1"],"picked":"SKIP","floor":48.0},{"not_picked":["Hello World+1","FTL+1"],"picked":"Defragment+1","floor":54}],"player_experience":256086,"relics_obtained":[{"floor":7.0,"key":"Calipers"},{"floor":9.0,"key":"Cables"},{"floor":26.0,"key":"Frozen Egg 2"},{"floor":29.0,"key":"Molten Egg 2"},{"floor":31.0,"key":"Anchor"},{"floor":41.0,"key":"Pocketwatch"},{"floor":43.0,"key":"InkBottle"},{"floor":44.0,"key":"Ice Cream"},{"floor":54,"key":"Mummified Hand"}],"event_choices":[{"damage_healed":0.0,"max_hp_gain":5.0,"max_hp_loss":0.0,"gold_gain":0.0,"event_name":"Big Fish","player_choice":"Donut","floor":3.0,"gold_loss":0.0,"damage_taken":0.0},{"damage_healed":0.0,"max_hp_gain":0.0,"max_hp_loss":0.0,"gold_gain":0.0,"event_name":"Living Wall","player_choice":"Grow","floor":11.0,"gold_loss":0.0,"damage_taken":0.0,"cards_upgraded":["Redo"]},{"damage_healed":0.0,"max_hp_gain":0.0,"max_hp_loss":0.0,"gold_gain":0.0,"event_name":"Cursed Tome","player_choice":"Ignored","floor":19.0,"gold_loss":0.0,"damage_taken":0.0},{"damage_healed":0.0,"max_hp_gain":0.0,"max_hp_loss":0.0,"gold_gain":0.0,"cards_transformed":["Strike_B","Strike_B"],"event_name":"Drug Dealer","player_choice":"Became Test Subject","floor":21.0,"gold_loss":0.0,"damage_taken":0.0,"cards_obtained":["Coolheaded","Core Surge"]},{"damage_healed":0.0,"max_hp_gain":0.0,"max_hp_loss":0.0,"gold_gain":0.0,"event_name":"The Library","player_choice":"Read","floor":27.0,"gold_loss":0.0,"damage_taken":0.0,"cards_obtained":["Fusion"]},{"cards_removed":["Defend_B"],"damage_healed":0.0,"max_hp_gain":0.0,"max_hp_loss":0.0,"gold_gain":0.0,"event_name":"Bonfire Elementals","player_choice":"Offered Basic","floor":38.0,"gold_loss":0.0,"damage_taken":0.0},{"damage_healed":0.0,"max_hp_gain":0.0,"max_hp_loss":0.0,"gold_gain":0.0,"event_name":"MindBloom","player_choice":"Fight","floor":44.0,"gold_loss":0.0,"damage_taken":0.0}],"is_beta":false,"boss_relics":[{"not_picked":["Black Star","Sozu"],"picked":"Snecko Eye"},{"not_picked":["Calling Bell","Empty Cage"],"picked":"Astrolabe"}],"items_purged_floors":[4,22],"is_endless":false,"potions_floor_spawned":[2,5,10,13,18,24,30,31,35,39,47,48],"ascension_level":0}}