{"host":"Doisman","time":1614226499,"event":{"mods":["AchievementEnabler","BaseMod","Better Note","Curses Come First","Minty Spire (QoL Compilation)","Permanent Neow","Quick Restart","Relic Stats","Replay The Spire","StSLib","slay the spire mod where everything is the same but ironclad has a cowboy hat"],"gold_per_floor":[114,129,129,129,129,159,9,9,9,9,24,24,39,3,3,103,103,118,118,118,170,13,43,43,58,58,88,103,103,103,118,118,218,218,233,248,248,263,278,278,308,63,63,75,105,105,38,53,53,53],"floor_reached":51,"language":"ENG","playtime":2128,"items_purged":["Parasite"],"score":891,"play_id":"6a68be3a-75f9-4c8a-bfed-d7a944cf29dc","local_time":"20210224221459","daily_mods":["Insanity","Colorless Cards","Night Terrors"],"is_ascension_mode":false,"campfire_choices":[{"data":"Deep Breath","floor":8,"key":"SMITH"},{"data":"White Noise","floor":10,"key":"SMITH"},{"data":"ReplayTheSpireMod:Private Reserves","floor":12,"key":"SMITH"},{"data":"Chaos","floor":15,"key":"SMITH"},{"floor":24,"key":"REST"},{"floor":32,"key":"REST"},{"floor":40,"key":"REST"},{"floor":46,"key":"DIG"},{"floor":49,"key":"DIG"}],"circlet_count":0,"master_deck":["Cold Snap","Steam","Hologram","Panic Button","Streamline","Lockon","Madness","Survey Options","Cold Snap","ReplayGash","Bandage Up","Go for the Eyes","Deep Breath+1","Panacea","Cold Snap","Go for the Eyes","Go for the Eyes","Barrage","Streamline","Streamline","Lockon","Stack","White Noise+1","Sweeping Beam","Panic Button","Leap","Chaos+1","Stack","Leap","Stack","Compile Driver","Self Repair","Go for the Eyes","Heatsinks","Aggregate","Forethought","Capacitor","Steam","Turbo","Panic Button","Beam Cell","Finesse","ReplaySort","ReplayTheSpireMod:Private Reserves+1","Streamline","BasicCrystalCard","Gash","Flash of Steel","Pot Of Greed","Pot Of Greed","Pot Of Greed","Pot Of Greed","Pot Of Greed","Ball Lightning","Conserve Battery","Redo+1","Barricade","ReplaySort","Leap+1","Gash","Seek","Pot Of Greed","Steam+1","Gash","ReplaySolidLightProjector","Coolheaded+1","Meteor Strike","AbeCurse","Sweeping Beam+1","Streamline+1","Multi-Cast+1","Panacea+1","Conserve Battery","Pot Of Greed","Conserve Battery","Gash","Conserve Battery+1","Gash","FTL","Panic Button+1"],"relics":["Iron Core","FossilizedHelix","Grinning Jar","Shuriken","Philosopher\u0027s Stone","Nilry\u0027s Codex","Letter Opener","Ancient Tea Set","Mummified Hand","Smiling Mask","Replay:Grab Bag","Runic Dome","Abe\u0027s Treasure","Astrolabe","Replay:Mystery Machine","OrangePellets","Shovel","Bird Faced Urn","Akabeko","Sundial","Lantern"],"acts_visited":["Exordium","TheCity","TheBeyond"],"potions_floor_usage":[18,33,33,33,35,35,44,50,50,50],"damage_taken":[{"damage":9,"enemies":"2 Louse","floor":1,"turns":3},{"damage":0,"enemies":"Small Slimes","floor":2,"turns":2},{"damage":6,"enemies":"3 Sentries","floor":6,"turns":9},{"damage":0,"enemies":"Jaw Worm","floor":11,"turns":4},{"damage":0,"enemies":"Large Slime","floor":13,"turns":2},{"damage":21,"enemies":"Hexaghost","floor":16,"turns":9},{"damage":0,"enemies":"Chosen","floor":18,"turns":5},{"damage":15,"enemies":"Replay:Snechameleon","floor":23,"turns":7},{"damage":11,"enemies":"2 Thieves","floor":25,"turns":2},{"damage":41,"enemies":"Slavers","floor":27,"turns":5},{"damage":32,"enemies":"Sentry and Sphere","floor":28,"turns":4},{"damage":10,"enemies":"Shelled Parasite and Fungi","floor":31,"turns":3},{"damage":0,"enemies":"Champ","floor":33,"turns":12},{"damage":33,"enemies":"3 Darklings","floor":35,"turns":4},{"damage":18,"enemies":"3 Shapes","floor":36,"turns":4},{"damage":19,"enemies":"Jaw Worm Horde","floor":38,"turns":3},{"damage":8,"enemies":"Writhing Mass","floor":39,"turns":5},{"damage":0,"enemies":"Reptomancer","floor":41,"turns":4},{"damage":24,"enemies":"2 Orb Walkers","floor":44,"turns":4},{"damage":0,"enemies":"Giant Head","floor":45,"turns":7},{"damage":5,"enemies":"4 Shapes","floor":48,"turns":4},{"damage":34,"enemies":"Replay:Hell Engine","floor":50,"turns":8}],"seed_played":"3523290589944034342","potions_obtained":[{"floor":2,"key":"LiquidBronze"},{"floor":6,"key":"DistilledChaos"},{"floor":16,"key":"PotionOfCapacity"},{"floor":18,"key":"PotionOfCapacity"},{"floor":31,"key":"EntropicBrew"},{"floor":36,"key":"Strength Potion"},{"floor":39,"key":"Strength Potion"},{"floor":44,"key":"LiquidBronze"}],"is_trial":false,"path_per_floor":["M","M","?","?","?","E","$","R","T","R","M","R","M","$","R","B",null,"M","?","?","?","$","E","R","M","T","E","M","?","?","M","R","B",null,"M","M","?","M","M","R","E","$","T","?","E","R","$","M","R","B",null],"character_chosen":"DEFECT","items_purchased":["Grinning Jar","Redo+1","Seek","OrangePellets","Gash","FTL"],"campfire_rested":3,"item_purchase_floors":[7,14,22,42,42,47],"current_hp_per_floor":[66,66,66,66,71,76,76,76,76,76,80,80,80,80,80,66,80,80,64,49,28,28,17,80,69,69,39,11,11,11,12,75,75,75,49,38,38,26,25,70,70,67,67,43,62,62,62,65,65,39],"gold":53,"neow_bonus":"","is_daily":true,"chose_seed":false,"campfire_upgraded":4,"win_rate":0.0,"timestamp":1614226499,"path_taken":["M","M","?","?","?","E","?","R","T","R","M","R","M","$","R","BOSS","M","?","?","?","$","E","R","M","T","E","M","?","?","M","R","BOSS","M","?","?","?","M","R","E","$","T","?","E","R","?","M","R","BOSS"],"items_purchased_type":["Relic","Card","Card","Relic","Card","Card"],"build_version":"2020-12-18","purchased_purges":1,"victory":true,"max_hp_per_floor":[75,75,75,75,80,80,80,80,80,80,80,80,80,80,80,80,80,80,80,85,85,85,85,80,80,80,80,80,80,80,80,75,75,75,75,75,75,75,75,70,70,67,67,67,67,67,67,67,67,67],"relic_stats":{"OrangePellets":[6],"Shovel":2,"counters":[22,110],"Shuriken":[53],"Mummified Hand":[34],"Sundial":[2],"Astrolabe":["Sweeping Beam","Streamline","Multi-Cast"],"Bird Faced Urn":[20],"Letter Opener":[547],"Smiling Mask":25,"obtain_stats":[{"Iron Core":3,"Lantern":49,"Nilry\u0027s Codex":19,"Replay:Grab Bag":34,"Astrolabe":34,"Letter Opener":21,"Replay:Mystery Machine":41,"Ancient Tea Set":23,"Smiling Mask":27,"Akabeko":45,"Runic Dome":34,"OrangePellets":42,"Shovel":43,"Shuriken":9,"Mummified Hand":26,"Sundial":46,"Bird Faced Urn":44,"Philosopher\u0027s Stone":17,"Grinning Jar":7,"Cracked Core":0,"FossilizedHelix":6,"Abe\u0027s Treasure":34},{"Iron Core":2,"Lantern":21,"Nilry\u0027s Codex":7,"Replay:Grab Bag":13,"Astrolabe":13,"Letter Opener":7,"Replay:Mystery Machine":18,"Ancient Tea Set":8,"Smiling Mask":10,"Akabeko":20,"Runic Dome":13,"OrangePellets":18,"Shovel":18,"Shuriken":3,"Mummified Hand":9,"Sundial":20,"Bird Faced Urn":19,"Philosopher\u0027s Stone":6,"Grinning Jar":3,"Cracked Core":0,"FossilizedHelix":3,"Abe\u0027s Treasure":13},{"Iron Core":5,"Lantern":102,"Nilry\u0027s Codex":34,"Replay:Grab Bag":67,"Astrolabe":67,"Letter Opener":34,"Replay:Mystery Machine":87,"Ancient Tea Set":41,"Smiling Mask":48,"Akabeko":98,"Runic Dome":67,"OrangePellets":87,"Shovel":87,"Shuriken":14,"Mummified Hand":43,"Sundial":98,"Bird Faced Urn":91,"Philosopher\u0027s Stone":29,"Grinning Jar":14,"Cracked Core":0,"FossilizedHelix":14,"Abe\u0027s Treasure":67}]},"card_choices":[{"not_picked":["Auto Shields","Rebound"],"picked":"BasicCrystalCard","floor":1},{"not_picked":["Leap","Panic Button"],"picked":"Gash","floor":2},{"not_picked":["Heavy Blade","Beam Cell"],"picked":"Flash of Steel","floor":6},{"not_picked":["Heatsinks","Warcry"],"picked":"Ball Lightning","floor":11},{"not_picked":["Heavy Blade","Compile Driver"],"picked":"Conserve Battery","floor":13},{"not_picked":["Crow Ritual","Poisoned Strike"],"picked":"Barricade","floor":16},{"not_picked":["Barrage","Ball Lightning"],"picked":"ReplaySort","floor":18},{"not_picked":["BootSequence","Sunder+1"],"picked":"Leap+1","floor":21},{"not_picked":["Streamline","Panic Button"],"picked":"Gash","floor":21},{"not_picked":["Go for the Eyes","Stack"],"picked":"Steam+1","floor":23},{"not_picked":["Hologram","White Noise"],"picked":"Gash","floor":25},{"not_picked":["ReplayTheSpireMod:Uncanny Aura","Genetic Algorithm"],"picked":"ReplaySolidLightProjector","floor":27},{"not_picked":["Double Energy","Streamline","Trip"],"picked":"SKIP","floor":28},{"not_picked":["Jack Of All Trades","Stack"],"picked":"Coolheaded+1","floor":31},{"not_picked":["HandOfGreed","Reboot"],"picked":"Meteor Strike","floor":33},{"not_picked":["Sweeping Beam","Compile Driver+1"],"picked":"Panacea+1","floor":35},{"not_picked":["Purity+1","BasicCrystalCard","Auto Shields"],"picked":"SKIP","floor":36},{"not_picked":["Jack Of All Trades","Rebound","Consume"],"picked":"SKIP","floor":38},{"not_picked":["Sweeping Beam","ReplaySort"],"picked":"Conserve Battery","floor":39},{"not_picked":["Steam","Redo"],"picked":"Conserve Battery","floor":41},{"not_picked":["Panacea","Heatsinks"],"picked":"Conserve Battery+1","floor":44},{"not_picked":["Skim","Hologram"],"picked":"Gash","floor":45},{"not_picked":["Aggregate","Conserve Battery"],"picked":"Panic Button+1","floor":48}],"player_experience":797914,"relics_obtained":[{"floor":6,"key":"FossilizedHelix"},{"floor":9,"key":"Shuriken"},{"floor":19,"key":"Nilry\u0027s Codex"},{"floor":21,"key":"Letter Opener"},{"floor":23,"key":"Ancient Tea Set"},{"floor":26,"key":"Mummified Hand"},{"floor":27,"key":"Smiling Mask"},{"floor":41,"key":"Replay:Mystery Machine"},{"floor":43,"key":"Shovel"},{"floor":44,"key":"Bird Faced Urn"},{"floor":45,"key":"Akabeko"},{"floor":46,"key":"Sundial"},{"floor":49,"key":"Lantern"}],"event_choices":[{"damage_healed":0,"gold_gain":0,"player_choice":"Donut","damage_taken":0,"max_hp_gain":5,"max_hp_loss":0,"event_name":"Big Fish","floor":5,"gold_loss":0},{"damage_healed":0,"gold_gain":0,"player_choice":"Obtained Book","damage_taken":16,"max_hp_gain":0,"max_hp_loss":0,"event_name":"Cursed Tome","floor":19,"gold_loss":0},{"damage_healed":0,"gold_gain":0,"player_choice":"Shed Blood","damage_taken":20,"max_hp_gain":5,"max_hp_loss":0,"event_name":"Forgotten Altar","floor":20,"gold_loss":0},{"cards_removed":["BasicCrystalCard"],"damage_healed":0,"gold_gain":0,"player_choice":"Elegance","damage_taken":0,"max_hp_gain":0,"max_hp_loss":0,"event_name":"Back to Basics","floor":29,"gold_loss":0},{"damage_healed":0,"gold_gain":0,"player_choice":"0 cards matched","damage_taken":0,"max_hp_gain":0,"max_hp_loss":0,"event_name":"Match and Keep!","floor":30,"gold_loss":0,"cards_obtained":[]},{"damage_healed":0,"gold_gain":0,"player_choice":"Ignored","damage_taken":0,"max_hp_gain":0,"max_hp_loss":0,"event_name":"SecretPortal","floor":37,"gold_loss":0},{"damage_healed":0,"gold_gain":0,"player_choice":"Fight","damage_taken":0,"max_hp_gain":0,"max_hp_loss":0,"event_name":"Mysterious Sphere","floor":44,"gold_loss":0}],"is_beta":true,"boss_relics":[{"not_picked":["Replay:Drink Me","Honey Jar"],"picked":"Philosopher\u0027s Stone"},{"not_picked":["Replay:Bronze Core","Nuclear Battery"],"picked":"Replay:Grab Bag"},{"not_picked":["Replay:Wanted Poster","ReplayTheSpireMod:Onyx Gauntlets"],"picked":"Runic Dome"},{"not_picked":["Sozu","Velvet Choker"],"picked":"Abe\u0027s Treasure"},{"not_picked":["Kintsugi","SacredBark"],"picked":"Astrolabe"}],"items_purged_floors":[42],"is_endless":false,"potions_floor_spawned":[2,6,16,18,25,27,31,36,39,44,48],"ascension_level":0}}