{"host":"Jz","time":1614259518,"event":{"mods":["AchievementEnabler","BaseMod","Colored Map","Colored Powertips","Minty Spire (QoL Compilation)","Relic Stats","Slay-I","StSLib"],"gold_per_floor":[116,53,53,67,83,83,114,138,138,138,138],"floor_reached":10,"language":"ENG","playtime":358,"items_purged":[],"score":132,"play_id":"e48f6abb-f679-4d59-957c-97b57cf198ef","local_time":"20210225202518","is_ascension_mode":true,"campfire_choices":[{"data":"Genetic Algorithm","floor":6,"key":"SMITH"}],"circlet_count":0,"master_deck":["AscendersBane","Strike_B","Strike_B","Strike_B","Defend_B","Defend_B","Defend_B","Defend_B","Zap","Dualcast","Genetic Algorithm+1","Hologram","Doom and Gloom","Echo Form","Go for the Eyes"],"relics":["Cracked Core","NeowsBlessing","Matryoshka","Odd Mushroom","InkBottle","Art of War"],"acts_visited":["Exordium"],"potions_floor_usage":[8],"damage_taken":[{"damage":0,"enemies":"2 Louse","floor":1,"turns":1},{"damage":0,"enemies":"Jaw Worm","floor":4,"turns":1},{"damage":0,"enemies":"Cultist","floor":5,"turns":1},{"damage":31,"enemies":"Lagavulin","floor":7,"turns":6},{"damage":7,"enemies":"The Mushroom Lair","floor":8,"turns":3},{"damage":28,"enemies":"3 Sentries","floor":10,"turns":4}],"seed_played":"4025901495516770014","potions_obtained":[{"floor":1,"key":"Explosive Potion"},{"floor":4,"key":"GamblersBrew"},{"floor":5,"key":"SmokeBomb"}],"is_trial":false,"path_per_floor":["M","?","?","M","M","R","E","?","T","E"],"character_chosen":"DEFECT","items_purchased":[],"campfire_rested":0,"item_purchase_floors":[],"current_hp_per_floor":[64,64,64,64,64,64,33,26,26,0,0],"gold":138,"neow_bonus":"THREE_ENEMY_KILL","is_daily":false,"chose_seed":false,"campfire_upgraded":1,"win_rate":0.0,"timestamp":1614259518,"path_taken":["M","?","?","M","?","R","E","?","T","E"],"items_purchased_type":[],"build_version":"2020-12-18","purchased_purges":0,"victory":false,"max_hp_per_floor":[71,71,71,71,71,71,71,71,71,71,71],"relic_stats":{"counters":[6,16],"Art of War":[1],"obtain_stats":[{"Matryoshka":7,"NeowsBlessing":0,"Art of War":9,"Odd Mushroom":8,"Cracked Core":0,"InkBottle":9},{"Matryoshka":4,"NeowsBlessing":0,"Art of War":5,"Odd Mushroom":5,"Cracked Core":0,"InkBottle":5},{"Matryoshka":9,"NeowsBlessing":0,"Art of War":12,"Odd Mushroom":12,"Cracked Core":0,"InkBottle":12}],"InkBottle":[1]},"card_choices":[{"not_picked":["Blizzard","Leap"],"picked":"Genetic Algorithm","floor":1},{"not_picked":["Scrape","Redo"],"picked":"Hologram","floor":4},{"not_picked":["Beam Cell","Compile Driver"],"picked":"Doom and Gloom","floor":5},{"not_picked":["Steam","Static Discharge"],"picked":"Echo Form","floor":7},{"not_picked":["Stack","Beam Cell"],"picked":"Go for the Eyes","floor":8}],"player_experience":406168,"relics_obtained":[{"floor":7,"key":"Matryoshka"},{"floor":8,"key":"Odd Mushroom"},{"floor":9,"key":"InkBottle"},{"floor":9,"key":"Art of War"}],"event_choices":[{"damage_healed":0,"gold_gain":0,"player_choice":"Left Gold","damage_taken":0,"max_hp_gain":0,"max_hp_loss":0,"event_name":"World of Goop","floor":2,"gold_loss":63},{"cards_removed":["Strike_B"],"damage_healed":0,"gold_gain":0,"player_choice":"Purged","damage_taken":0,"max_hp_gain":0,"max_hp_loss":0,"event_name":"Purifier","floor":3,"gold_loss":0},{"damage_healed":0,"gold_gain":0,"player_choice":"Fought Mushrooms","damage_taken":0,"max_hp_gain":0,"max_hp_loss":0,"event_name":"Mushrooms","floor":8,"gold_loss":0}],"is_beta":true,"boss_relics":[],"items_purged_floors":[],"is_endless":false,"potions_floor_spawned":[1,4,5],"killed_by":"3 Sentries","ascension_level":20}}