{"host":"phy652c7lim9lcu2","time":1614230316,"event":{"mods":["BaseMod","Colored Powertips","Googly Eyes","Minty Spire (QoL Compilation)","Relic Stats","Spicy Shops","StSLib","everything is the same but u backflip on backflip"],"gold_per_floor":[117,40,40,40,55,80,80,80,105,122,122,133,148,8,8,87,87,106,205,0,0,16,16,16,51,51,65,65,79,99,114,114,189,189,199,199,45,60,60,93,19,44,82,421,452,464,490,516,528,540,552,564,23,50,50,50],"floor_reached":55,"language":"ENG","playtime":2918,"items_purged":["Strike_R","Strike_R"],"score":1523,"play_id":"4b4ddcbf-603d-4c20-86ea-7c5646c93a63","local_time":"20210225151836","is_ascension_mode":true,"campfire_choices":[{"data":"Barricade","floor":7.0,"key":"SMITH"},{"floor":11.0,"key":"REST"},{"data":"Body Slam","floor":15.0,"key":"SMITH"},{"data":"Entrench","floor":23.0,"key":"SMITH"},{"data":"Uppercut","floor":28.0,"key":"SMITH"},{"floor":32.0,"key":"REST"},{"floor":46.0,"key":"RECALL"},{"data":"Entrench","floor":49.0,"key":"SMITH"},{"data":"Secret Technique","floor":52.0,"key":"SMITH"}],"circlet_count":0,"master_deck":["AscendersBane","Strike_R","Strike_R","Strike_R","Defend_R","Defend_R","Defend_R","Defend_R","Bash","Barricade+1","Disarm","Uppercut+1","Shrug It Off","Juggernaut","Cleave+1","Body Slam+1","Offering","Pommel Strike","Entrench+1","Flame Barrier","Body Slam+1","Exhume","Body Slam","Double Tap","Entrench+1","Jack Of All Trades","Thinking Ahead","Secret Technique+1","Metallicize","Feel No Pain+1","True Grit","Body Slam","Berserk","Fiend Fire","Bloodletting"],"relics":["Burning Blood","Ornamental Fan","Potion Belt","Toy Ornithopter","FossilizedHelix","Black Star","HornCleat","Sundial","Omamori","SlaversCollar","Lantern","Dead Branch","Akabeko","MawBank","The Courier","Old Coin","Pear","Torii","Orichalcum"],"acts_visited":["Exordium","TheCity","TheBeyond","TheEnding"],"potions_floor_usage":[],"damage_taken":[{"damage":14.0,"enemies":"2 Louse","floor":1.0,"turns":3.0},{"damage":0.0,"enemies":"Cultist","floor":5.0,"turns":3.0},{"damage":35.0,"enemies":"Gremlin Nob","floor":6.0,"turns":6.0},{"damage":9.0,"enemies":"Jaw Worm","floor":10.0,"turns":5.0},{"damage":0.0,"enemies":"Large Slime","floor":12.0,"turns":5.0},{"damage":10.0,"enemies":"Looter","floor":13.0,"turns":4.0},{"damage":28.0,"enemies":"Slime Boss","floor":16.0,"turns":14.0},{"damage":27.0,"enemies":"Spheric Guardian","floor":18.0,"turns":5.0},{"damage":32.0,"enemies":"2 Thieves","floor":22.0,"turns":5.0},{"damage":6.0,"enemies":"Gremlin Leader","floor":25.0,"turns":7.0},{"damage":45.0,"enemies":"Cultist and Chosen","floor":27.0,"turns":7.0},{"damage":12.0,"enemies":"Chosen and Byrds","floor":29.0,"turns":5.0},{"damage":9.0,"enemies":"Snake Plant","floor":30.0,"turns":2.0},{"damage":0.0,"enemies":"3 Cultists","floor":31.0,"turns":4.0},{"damage":22.0,"enemies":"Champ","floor":33.0,"turns":9.0},{"damage":31.0,"enemies":"3 Darklings","floor":35.0,"turns":6.0},{"damage":6.0,"enemies":"Orb Walker","floor":38.0,"turns":3.0},{"damage":6.0,"enemies":"Giant Head","floor":40.0,"turns":6.0},{"damage":0.0,"enemies":"Nemesis","floor":42.0,"turns":3.0},{"damage":12.0,"enemies":"Giant Head","floor":44.0,"turns":6.0},{"damage":0.0,"enemies":"4 Shapes","floor":45.0,"turns":8.0},{"damage":6.0,"enemies":"Sphere and 2 Shapes","floor":47.0,"turns":9.0},{"damage":12.0,"enemies":"Jaw Worm Horde","floor":48.0,"turns":7.0},{"damage":54.0,"enemies":"Time Eater","floor":50.0,"turns":13.0},{"damage":44,"enemies":"Shield and Spear","floor":54,"turns":9},{"damage":55,"enemies":"The Heart","floor":55,"turns":3}],"seed_played":"278937968333766257","potions_obtained":[{"floor":10.0,"key":"DuplicationPotion"},{"floor":16.0,"key":"FairyPotion"},{"floor":18.0,"key":"ColorlessPotion"},{"floor":25.0,"key":"Fire Potion"},{"floor":30.0,"key":"BlessingOfTheForge"},{"floor":31.0,"key":"Dexterity Potion"},{"floor":33.0,"key":"Block Potion"},{"floor":42.0,"key":"Explosive Potion"},{"floor":45.0,"key":"Weak Potion"},{"floor":47.0,"key":"BloodPotion"},{"floor":48.0,"key":"ElixirPotion"}],"is_trial":false,"path_per_floor":["M","$","?","$","M","E","R","?","T","M","R","M","M","$","R","B",null,"M","?","?","?","M","R","?","E","T","M","R","M","M","M","R","B",null,"M","?","$","M","?","E","$","E","T","E","M","R","M","M","R","B",null,"R","$","E","B"],"character_chosen":"IRONCLAD","items_purchased":["Uppercut","FossilizedHelix","AttackPotion","Entrench","Metallicize","Pear","Berserk","Fiend Fire","Energy Potion"],"campfire_rested":2,"item_purchase_floors":[2,14,14,37,41,53,53,53,53],"current_hp_per_floor":[60,60,60,60,66,37,37,12,12,9,29,35,31,31,31,14,55,39,39,39,39,13,13,13,18,18,31,31,25,22,28,48,42,62,37,37,37,37,27,32,32,38,38,32,38,38,56,50,50,12,54,54,64,26,0,0],"gold":50,"neow_bonus":"THREE_RARE_CARDS","is_daily":false,"chose_seed":false,"campfire_upgraded":6,"win_rate":0.0,"timestamp":1614230316,"path_taken":["M","$","?","?","M","E","R","?","T","M","R","M","M","$","R","BOSS","M","?","?","?","M","R","?","E","T","M","R","?","?","M","R","BOSS","M","?","$","M","?","E","?","E","T","E","M","R","M","M","R","BOSS","R","$","E","BOSS"],"items_purchased_type":["Card","Relic","Potion","Card","Card","Relic","Card","Card","Potion"],"build_version":"2020-12-22","purchased_purges":2,"victory":false,"max_hp_per_floor":[68,68,68,68,68,68,68,68,68,68,68,68,68,68,68,68,68,68,68,68,68,68,68,68,68,68,68,68,68,68,68,68,68,68,68,68,68,68,68,68,68,68,68,68,68,68,68,68,68,68,68,68,78,78,78,78],"relic_stats":{"Torii":0,"counters":[26,157],"Ornamental Fan":[152],"Sundial":[8],"Dead Branch":[107],"Black Star":5,"Orichalcum":[0],"MawBank":132,"obtain_stats":[{"Potion Belt":8,"Lantern":40,"Pear":53,"Torii":54,"Dead Branch":40,"The Courier":44,"Omamori":26,"Orichalcum":54,"MawBank":42,"Burning Blood":0,"Akabeko":42,"Old Coin":44,"SlaversCollar":34,"HornCleat":25,"Ornamental Fan":6,"Sundial":25,"Black Star":17,"Toy Ornithopter":9,"FossilizedHelix":14},{"Potion Belt":3,"Lantern":18,"Pear":24,"Torii":25,"Dead Branch":18,"The Courier":20,"Omamori":10,"Orichalcum":25,"MawBank":19,"Burning Blood":0,"Akabeko":19,"Old Coin":20,"SlaversCollar":15,"HornCleat":10,"Ornamental Fan":3,"Sundial":10,"Black Star":7,"Toy Ornithopter":3,"FossilizedHelix":6},{"Potion Belt":12,"Lantern":99,"Pear":145,"Torii":154,"Dead Branch":99,"The Courier":108,"Omamori":57,"Orichalcum":154,"MawBank":102,"Burning Blood":0,"Akabeko":102,"Old Coin":108,"SlaversCollar":84,"HornCleat":57,"Ornamental Fan":12,"Sundial":57,"Black Star":40,"Toy Ornithopter":12,"FossilizedHelix":26}],"Burning Blood":150,"Toy Ornithopter":50},"card_choices":[{"not_picked":["Immolate","Offering"],"picked":"Barricade","floor":0.0},{"not_picked":["Iron Wave","Sword Boomerang"],"picked":"Disarm","floor":1.0},{"not_picked":["Dropkick","Clothesline"],"picked":"Cleave","floor":5.0},{"not_picked":["Thunderclap","Burning Pact","Hemokinesis"],"picked":"SKIP","floor":6.0},{"not_picked":["Wild Strike","Clothesline","Infernal Blade"],"picked":"SKIP","floor":10.0},{"not_picked":["Barricade","Rupture","Searing Blow"],"picked":"SKIP","floor":12.0},{"not_picked":["Twin Strike","Warcry"],"picked":"Body Slam","floor":13.0},{"not_picked":["Double Tap","Feed"],"picked":"Offering","floor":16.0},{"not_picked":["Flex","Headbutt"],"picked":"Pommel Strike","floor":18.0},{"not_picked":["Whirlwind","Dark Embrace"],"picked":"Entrench","floor":22.0},{"not_picked":["Clash","Second Wind"],"picked":"Flame Barrier","floor":25.0},{"not_picked":["Pommel Strike","Second Wind"],"picked":"Body Slam+1","floor":27.0},{"not_picked":["Armaments","Twin Strike","Headbutt"],"picked":"SKIP","floor":29.0},{"not_picked":["Sword Boomerang","Iron Wave+1"],"picked":"Exhume","floor":30.0},{"not_picked":["Perfected Strike","Iron Wave"],"picked":"Body Slam","floor":31.0},{"not_picked":["Immolate","Brutality"],"picked":"Double Tap","floor":33.0},{"not_picked":["Wild Strike","Headbutt","Havoc+1"],"picked":"SKIP","floor":35.0},{"not_picked":["Spot Weakness","Sever Soul+1","Hemokinesis+1"],"picked":"SKIP","floor":38.0},{"not_picked":["Transmutation","Finesse"],"picked":"Jack Of All Trades","floor":39.0},{"not_picked":["Flash of Steel","Finesse"],"picked":"Thinking Ahead","floor":39.0},{"not_picked":["Finesse","Impatience"],"picked":"Secret Technique","floor":39.0},{"not_picked":["Blood for Blood+1","Hemokinesis","Twin Strike"],"picked":"SKIP","floor":40.0},{"not_picked":["Intimidate+1","Searing Blow+1","Second Wind"],"picked":"SKIP","floor":42.0},{"not_picked":["Flame Barrier+1","Sword Boomerang"],"picked":"Feel No Pain+1","floor":44.0},{"not_picked":["Clothesline","Rampage+1"],"picked":"True Grit","floor":45.0},{"not_picked":["Anger","Twin Strike"],"picked":"Body Slam","floor":47.0},{"not_picked":["Thunderclap","Anger","Dropkick"],"picked":"SKIP","floor":48.0},{"not_picked":["Clothesline","Warcry"],"picked":"Bloodletting","floor":54}],"player_experience":358219,"relics_obtained":[{"floor":6.0,"key":"Ornamental Fan"},{"floor":9.0,"key":"Toy Ornithopter"},{"floor":25.0,"key":"HornCleat"},{"floor":25.0,"key":"Sundial"},{"floor":26.0,"key":"Omamori"},{"floor":40.0,"key":"Lantern"},{"floor":40.0,"key":"Dead Branch"},{"floor":42.0,"key":"Akabeko"},{"floor":42.0,"key":"MawBank"},{"floor":44.0,"key":"The Courier"},{"floor":44.0,"key":"Old Coin"},{"floor":54,"key":"Torii"},{"floor":54,"key":"Orichalcum"}],"event_choices":[{"damage_healed":0.0,"max_hp_gain":0.0,"max_hp_loss":0.0,"gold_gain":0.0,"event_name":"Match and Keep!","player_choice":"2 cards matched","floor":3.0,"gold_loss":0.0,"damage_taken":0.0,"cards_obtained":["Shrug It Off","Juggernaut"]},{"damage_healed":0.0,"max_hp_gain":0.0,"max_hp_loss":0.0,"gold_gain":0.0,"event_name":"Scrap Ooze","player_choice":"Success","floor":8.0,"gold_loss":0.0,"damage_taken":25.0,"relics_obtained":["Potion Belt"]},{"damage_healed":0.0,"max_hp_gain":0.0,"max_hp_loss":0.0,"gold_gain":99.0,"event_name":"Nest","player_choice":"Stole From Cult","floor":19.0,"gold_loss":0.0,"damage_taken":0.0},{"damage_healed":0.0,"max_hp_gain":0.0,"max_hp_loss":0.0,"gold_gain":0.0,"event_name":"Masked Bandits","player_choice":"Paid Fearfully","floor":20.0,"gold_loss":205.0,"damage_taken":0.0},{"damage_healed":0.0,"max_hp_gain":0.0,"max_hp_loss":0.0,"gold_gain":0.0,"event_name":"Vampires","player_choice":"Ignored","floor":21.0,"gold_loss":0.0,"damage_taken":0.0},{"damage_healed":0.0,"max_hp_gain":0.0,"max_hp_loss":0.0,"gold_gain":0.0,"event_name":"Upgrade Shrine","player_choice":"Upgraded","floor":24.0,"gold_loss":0.0,"damage_taken":0.0,"cards_upgraded":["Cleave"]},{"damage_healed":0.0,"max_hp_gain":0.0,"max_hp_loss":0.0,"gold_gain":0.0,"event_name":"Mysterious Sphere","player_choice":"Ignored","floor":36.0,"gold_loss":0.0,"damage_taken":0.0},{"damage_healed":0.0,"max_hp_gain":0.0,"max_hp_loss":0.0,"gold_gain":0.0,"event_name":"SensoryStone","player_choice":"Memory 3","floor":39.0,"gold_loss":0.0,"damage_taken":10.0}],"is_beta":false,"boss_relics":[{"not_picked":["Pandora\u0027s Box","Snecko Eye"],"picked":"Black Star"},{"not_picked":["Black Blood","Philosopher\u0027s Stone"],"picked":"SlaversCollar"}],"items_purged_floors":[37,53],"is_endless":false,"potions_floor_spawned":[10,16,18,25,30,31,33,42,45,47,48],"killed_by":"The Heart","ascension_level":14}}