{"host":"hxbbrccw7ig68b38","time":1614266988,"event":{"mods":["BaseMod","Hermit","Minty Spire (QoL Compilation)","Replay The Spire","StSLib","The Cursed"],"gold_per_floor":[111,123,140,140,153,153,153,153,153,172,182,32,42,142,142,240,240,251,25,42,68,84,84,111,111,111,111,111],"floor_reached":27,"language":"KOR","playtime":1346,"items_purged":[],"score":225,"play_id":"ec323f70-1bcf-44b7-95b6-6b034643f895","local_time":"20210226002948","is_ascension_mode":false,"campfire_choices":[{"data":"Backflip","floor":6,"key":"SMITH"},{"data":"Toxin Wave","floor":8,"key":"SMITH"},{"data":"PiercingWail","floor":15,"key":"SMITH"},{"floor":23,"key":"REST"},{"floor":25,"key":"REST"}],"circlet_count":0,"master_deck":["Strike_G","Strike_G","Strike_G","Strike_G","Strike_G","Defend_G","Defend_G","Defend_G","Defend_G","Survivor","Neutralize","Backflip+1","Toxin Wave+1","PiercingWail+1","Deadly Poison","Bane","Backflip","Deflect","Prepared+1"],"relics":["Ring of the Snake","Replay:Rubber Ducky","Lee\u0027s Waffle","Ring of Chaos","Membership Card","Red Mask","Letter Opener","Girya"],"acts_visited":["Exordium","TheCity"],"potions_floor_usage":[16,16,16,16,18,20,21,21,24],"damage_taken":[{"damage":0,"enemies":"Cultist","floor":1,"turns":4},{"damage":0,"enemies":"2 Louse","floor":2,"turns":3},{"damage":2,"enemies":"Small Slimes","floor":3,"turns":4},{"damage":2,"enemies":"Red Slaver","floor":5,"turns":5},{"damage":3,"enemies":"3 Louse","floor":10,"turns":2},{"damage":7,"enemies":"Lots of Slimes","floor":11,"turns":2},{"damage":0,"enemies":"2 Fungi Beasts","floor":13,"turns":2},{"damage":32,"enemies":"Fading Forest","floor":16,"turns":11},{"damage":13,"enemies":"Chosen","floor":18,"turns":8},{"damage":4,"enemies":"Shell Parasite","floor":20,"turns":5},{"damage":19,"enemies":"Masked Bandits","floor":21,"turns":5},{"damage":21,"enemies":"Shelled Parasite and Fungi","floor":22,"turns":6},{"damage":38,"enemies":"Slavers","floor":24,"turns":8},{"damage":33,"enemies":"Cultist and Chosen","floor":27,"turns":5}],"seed_played":"-7702094631079415356","potions_obtained":[{"floor":0,"key":"Poison Potion"},{"floor":0,"key":"Doom Potion"},{"floor":0,"key":"Swift Potion"},{"floor":1,"key":"AttackPotion"},{"floor":16,"key":"Fire Potion"},{"floor":18,"key":"Fire Potion"},{"floor":20,"key":"PowerPotion"},{"floor":24,"key":"Milkshake"}],"is_trial":false,"path_per_floor":["M","M","M","?","M","R","?","R","T","M","M","$","M","?","R","B",null,"M","$","M","?","M","R","E","R","T","M"],"character_chosen":"THE_SILENT","items_purchased":["Lee\u0027s Waffle","Deadly Poison","Membership Card","Bane"],"campfire_rested":2,"item_purchase_floors":[12,19,19,19],"current_hp_per_floor":[70,70,68,68,66,66,66,66,66,63,56,77,77,77,77,45,77,64,64,60,41,20,43,5,28,28,0,0],"gold":111,"neow_bonus":"THREE_SMALL_POTIONS","is_daily":false,"chose_seed":false,"campfire_upgraded":3,"win_rate":0.0,"timestamp":1614266988,"path_taken":["M","?","?","?","?","R","?","R","T","M","?","?","M","?","R","BOSS","M","?","M","?","M","R","E","R","T","M"],"items_purchased_type":["Relic","Card","Relic","Card"],"build_version":"2020-12-22","purchased_purges":0,"victory":false,"max_hp_per_floor":[70,70,70,70,70,70,70,70,70,70,70,77,77,77,77,77,77,77,77,77,77,77,77,77,77,77,77,77],"card_choices":[{"not_picked":["Dagger Spray","ReplayTheSpireMod:Tripwire","Slice"],"picked":"SKIP","floor":1},{"not_picked":["Flechettes","Blur","Expertise"],"picked":"SKIP","floor":2},{"not_picked":["Riddle With Holes","Dagger Spray"],"picked":"Backflip","floor":3},{"not_picked":["Footwork","Cloak And Dagger"],"picked":"Toxin Wave","floor":5},{"not_picked":["Flechettes","Backflip"],"picked":"PiercingWail","floor":10},{"not_picked":["Caltrops","Eviscerate","A Thousand Cuts"],"picked":"SKIP","floor":11},{"not_picked":["Blade Dance","Blur","ReplayTheSpireMod:Exploit Weakness"],"picked":"SKIP","floor":13},{"not_picked":["Quick Slash","Accuracy","Outmaneuver+1"],"picked":"SKIP","floor":18},{"not_picked":["Underhanded Strike","Outmaneuver","Endless Agony"],"picked":"SKIP","floor":20},{"not_picked":["Sucker Punch","Outmaneuver"],"picked":"Backflip","floor":21},{"not_picked":["Blade Dance","Slice+1"],"picked":"Deflect","floor":22},{"not_picked":["Infinite Blades","Distraction+1"],"picked":"Prepared+1","floor":24}],"player_experience":110646,"relics_obtained":[{"floor":9,"key":"Replay:Rubber Ducky"},{"floor":21,"key":"Red Mask"},{"floor":24,"key":"Letter Opener"},{"floor":26,"key":"Girya"}],"event_choices":[{"damage_healed":0,"gold_gain":0,"player_choice":"Bought 0 Potions","damage_taken":0,"max_hp_gain":0,"max_hp_loss":0,"event_name":"The Woman in Blue","floor":4,"gold_loss":0},{"cards_removed":["Defend_G"],"damage_healed":0,"gold_gain":0,"player_choice":"Purged","damage_taken":0,"max_hp_gain":0,"max_hp_loss":0,"event_name":"Purifier","floor":7,"gold_loss":0},{"damage_healed":0,"gold_gain":100,"player_choice":"Pray","damage_taken":0,"max_hp_gain":0,"max_hp_loss":0,"event_name":"Golden Shrine","floor":14,"gold_loss":0},{"damage_healed":0,"gold_gain":0,"player_choice":"Fought Bandits","damage_taken":0,"max_hp_gain":0,"max_hp_loss":0,"event_name":"Masked Bandits","floor":21,"gold_loss":0}],"is_beta":false,"boss_relics":[{"not_picked":["Runic Pyramid","Ring of the Serpent"],"picked":"Ring of Chaos"}],"items_purged_floors":[],"is_endless":false,"potions_floor_spawned":[1,3,5,13,16,18,20,24],"killed_by":"Cultist and Chosen","ascension_level":0}}