{"host":"pzefa11dvor2x0v7","time":1614259274,"event":{"mods":["AchievementEnabler","BaseMod","Colored Powertips","Minty Spire (QoL Compilation)","Rare Cards Sparkle","StSLib"],"gold_per_floor":[118,132,146,158,158,158,177,177,177],"floor_reached":8,"language":"ENG","playtime":194,"items_purged":[],"score":100,"play_id":"1dba075e-a9e6-4ac5-b1cd-ad6d7e74b7cb","local_time":"20210225152114","is_ascension_mode":true,"campfire_choices":[{"data":"Lockon","floor":6,"key":"SMITH"}],"circlet_count":0,"master_deck":["AscendersBane","Strike_B","Strike_B","Strike_B","Strike_B","Defend_B","Defend_B","Defend_B","Defend_B","Zap","Dualcast","Core Surge","Lockon+1","Rebound","Ball Lightning+1","Static Discharge","Ball Lightning"],"relics":["Cracked Core"],"acts_visited":["Exordium"],"potions_floor_usage":[8],"damage_taken":[{"damage":0,"enemies":"2 Louse","floor":1,"turns":2},{"damage":0,"enemies":"Cultist","floor":2,"turns":2},{"damage":0,"enemies":"Small Slimes","floor":3,"turns":2},{"damage":13,"enemies":"Blue Slaver","floor":4,"turns":2},{"damage":31,"enemies":"Exordium Wildlife","floor":7,"turns":5},{"damage":20,"enemies":"Lagavulin","floor":8,"turns":3}],"seed_played":"-5102500149590697441","potions_obtained":[{"floor":1,"key":"Dexterity Potion"},{"floor":3,"key":"Strength Potion"}],"is_trial":false,"path_per_floor":["M","M","M","M","?","R","M","E"],"character_chosen":"DEFECT","items_purchased":[],"campfire_rested":0,"item_purchase_floors":[],"current_hp_per_floor":[64,64,64,51,51,51,20,0,0],"gold":177,"neow_bonus":"THREE_RARE_CARDS","is_daily":false,"chose_seed":false,"campfire_upgraded":1,"win_rate":0.0,"timestamp":1614259274,"path_taken":["M","M","M","M","?","R","?","E"],"items_purchased_type":[],"build_version":"2020-12-22","purchased_purges":0,"victory":false,"max_hp_per_floor":[64,64,64,64,64,64,64,64,64],"card_choices":[{"not_picked":["Thunder Strike","Buffer"],"picked":"Core Surge","floor":0},{"not_picked":["Redo","Chaos"],"picked":"Lockon","floor":1},{"not_picked":["Storm","Steam"],"picked":"Rebound","floor":2},{"not_picked":["Steam","Barrage"],"picked":"Ball Lightning","floor":3},{"not_picked":["Redo","BootSequence"],"picked":"Static Discharge","floor":4},{"not_picked":["Barrage","Sweeping Beam"],"picked":"Ball Lightning","floor":7}],"player_experience":676046,"relics_obtained":[],"event_choices":[{"damage_healed":0,"gold_gain":0,"player_choice":"Upgraded","damage_taken":0,"max_hp_gain":0,"max_hp_loss":0,"event_name":"Upgrade Shrine","floor":5,"gold_loss":0,"cards_upgraded":["Ball Lightning"]}],"is_beta":false,"boss_relics":[],"items_purged_floors":[],"is_endless":false,"potions_floor_spawned":[1,3],"killed_by":"Lagavulin","ascension_level":20}}