{"host":"41y5nvu9zb9a7i4y","time":1614223449,"event":{"mods":["AchievementEnabler","Act Like it!","BaseMod","Better Altar","Better Third Choice","Downfall","Library of Ruina","Minty Spire (QoL Compilation)","Ruina","Spicy Shops","Spire Arcade","StSLib","SuperFastMode","The Animator"],"gold_per_floor":[221,221,245,296,296,296,327,327,401,412,362,362,219,233,233,334,334,346,360,385,409,427,427],"floor_reached":22,"language":"ENG","playtime":1838,"items_purged":[],"score":188,"play_id":"166f045f-a4e5-4cf2-a328-b4ac5b0ebcb9","local_time":"20210224202409","is_ascension_mode":false,"campfire_choices":[{"data":"animator:Strike_Fate","floor":6.0,"key":"SMITH"},{"floor":8.0,"key":"REST"},{"data":"animator:LeleiLaLalena","floor":12.0,"key":"SMITH"},{"data":"animator:Alexander","floor":15.0,"key":"SMITH"}],"circlet_count":17,"master_deck":["animator:Strike_Fate+1","animator:Defend_Fate","animator:Strike","animator:Defend","animator:Defend","animator:Defend","animator:Alexander+1","animator:Rider","animator:Berserker","animator:Entoma+2","animator:LeleiLaLalena+1","animator:NarberalGamma","animator:GoblinSlayer","animator:Priestess","animator:PandorasActor","animator:Biyorigo"],"relics":["animator:LivingPicture","animator:TheMissingPiece","Nunchaku","Circlet","DataDisk","Mark of Pain"],"acts_visited":[],"potions_floor_usage":[],"damage_taken":[{"damage":3.0,"enemies":"Small Slimes","floor":1.0,"turns":3.0},{"damage":4.0,"enemies":"Jaw Worm","floor":3.0,"turns":4.0},{"damage":48.0,"enemies":"Gremlin Nob","floor":7.0,"turns":6.0},{"damage":0.0,"enemies":"2 Louse","floor":10.0,"turns":2.0},{"damage":2.0,"enemies":"Looter","floor":14.0,"turns":4.0},{"damage":59.0,"enemies":"Slime Boss","floor":16.0,"turns":13.0},{"damage":18.0,"enemies":"Chosen","floor":18.0,"turns":7.0},{"damage":2.0,"enemies":"Shell Parasite","floor":19.0,"turns":7.0},{"damage":14.0,"enemies":"3 Cultists","floor":20.0,"turns":6.0},{"damage":9.0,"enemies":"Snecko","floor":21.0,"turns":8.0},{"damage":20.0,"enemies":"Snake Plant","floor":22.0,"turns":4.0}],"seed_played":"2322288532324320476","potions_obtained":[{"floor":3.0,"key":"Elixir"},{"floor":7.0,"key":"LiquidBronze"},{"floor":18.0,"key":"SkillPotion"},{"floor":22,"key":"Swift Potion"}],"is_trial":false,"path_per_floor":["M","?","M","T","?","R","E","R","T","M","?","R","$","M","R","B",null,"M","M","M","M","M"],"character_chosen":"THE_ANIMATOR","items_purchased":["DataDisk"],"campfire_rested":1,"item_purchase_floors":[13],"current_hp_per_floor":[63,63,59,59,52,52,4,23,23,26,26,26,26,24,24,14,69,51,49,37,28,8,8],"gold":427,"neow_bonus":"HUNDRED_GOLD","is_daily":false,"chose_seed":false,"campfire_upgraded":3,"win_rate":0.0,"timestamp":1614223449,"path_taken":["M","?","M","?","?","R","E","R","T","M","?","R","?","M","R","BOSS","M","M","M","?","?"],"items_purchased_type":["Relic"],"build_version":"2020-12-22","purchased_purges":0,"victory":false,"max_hp_per_floor":[66,66,66,66,66,66,66,66,66,69,69,69,69,69,69,69,69,69,69,71,71,71,71],"card_choices":[{"not_picked":["animator:Yoichi","animator:Togame"],"picked":"animator:Berserker","floor":1.0},{"not_picked":["animator:Assassin","animator:Alexander"],"picked":"animator:Entoma","floor":3.0},{"not_picked":["animator:Witch","animator:KrulTepes"],"picked":"animator:LeleiLaLalena","floor":7.0},{"not_picked":["animator:Entoma","animator:Evileye"],"picked":"animator:NarberalGamma","floor":10.0},{"not_picked":["animator:Verdia","animator:UneriGinkaku","animator:Togame"],"picked":"SKIP","floor":14.0},{"not_picked":["animator:PinaCoLada","animator:ItamiYouji"],"picked":"animator:GoblinSlayer","floor":16.0},{"not_picked":["animator:Shigure","animator:Mitsurugi"],"picked":"animator:Priestess","floor":18.0},{"not_picked":["animator:Demiurge+1","animator:Emonzaemon","animator:YaoHaDucy"],"picked":"SKIP","floor":19.0},{"not_picked":["animator:Demiurge","animator:Sebas"],"picked":"animator:PandorasActor","floor":20.0},{"not_picked":["animator:Shinoa","animator:Mitsurugi+1"],"picked":"animator:Biyorigo","floor":21.0}],"player_experience":359616,"relics_obtained":[{"floor":4.0,"key":"Nunchaku"},{"floor":7.0,"key":"Dota2Spire:UrnOfShadows"},{"floor":9.0,"key":"trackpad:GuardianSpirit"}],"event_choices":[{"cards_removed":["animator:Strike"],"damage_healed":0.0,"max_hp_gain":0.0,"max_hp_loss":0.0,"gold_gain":0.0,"event_name":"Golden Wing","player_choice":"Card Removal","floor":5.0,"gold_loss":0.0,"damage_taken":7.0},{"cards_removed":["animator:Strike"],"damage_healed":0.0,"max_hp_gain":0.0,"max_hp_loss":0.0,"gold_gain":0.0,"event_name":"The Cleric","player_choice":"Card Removal","floor":11.0,"gold_loss":50.0,"damage_taken":0.0}],"is_beta":false,"boss_relics":[{"not_picked":["Empty Cage","ChewingGum"],"picked":"Mark of Pain"}],"items_purged_floors":[],"is_endless":false,"potions_floor_spawned":[3,7,10,14,18,22],"killed_by":"Snake Plant","ascension_level":0}}