{"host":"dqv8oo4v229c1o2l","time":1614274306,"event":{"mods":["AchievementEnabler","BaseMod","Colored Map","Colored Powertips","Minty Spire (QoL Compilation)","Quick Restart","Rare Cards Sparkle","StSLib","Synergy Search"],"gold_per_floor":[113,132,150,150,163,163,179,204,254,268,111,111,111,122,122,226,226,239,239,154,78,3,34,34,34,34,34,68,81,81,81,81,184,184,202,220,36,36,36],"floor_reached":38,"language":"ENG","playtime":2417,"items_purged":[],"score":618,"play_id":"da958168-b8b4-4cde-a0cf-7e6d5545a308","local_time":"20210225093146","is_ascension_mode":true,"campfire_choices":[{"data":"Zap","floor":6.0,"key":"SMITH"},{"floor":12.0,"key":"REST"},{"floor":15.0,"key":"REST"},{"floor":24.0,"key":"RECALL"},{"floor":30.0,"key":"REST"},{"floor":32.0,"key":"REST"}],"circlet_count":0,"master_deck":["AscendersBane","Strike_B+1","Strike_B+1","Defend_B","Defend_B","Defend_B","Zap+1","Dualcast","Scrape","Turbo","Beam Cell","Go for the Eyes","Machine Learning","Go for the Eyes","Machine Learning","Steam","FTL","Scrape","Go for the Eyes","Writhe","Fission","CurseOfTheBell","Reinforced Body","Sadistic Nature"],"relics":["Cracked Core","Oddly Smooth Stone","Unceasing Top","Bottled Flame","Whetstone","Empty Cage","MutagenicStrength","Toy Ornithopter","Bag of Marbles","Mummified Hand","Potion Belt","Juzu Bracelet","Calling Bell","Smiling Mask","InkBottle","Incense Burner"],"acts_visited":["Exordium","TheCity","TheBeyond"],"potions_floor_usage":[33,38],"damage_taken":[{"damage":0.0,"enemies":"Cultist","floor":1.0,"turns":4.0},{"damage":0.0,"enemies":"2 Louse","floor":2.0,"turns":3.0},{"damage":6.0,"enemies":"Jaw Worm","floor":3.0,"turns":4.0},{"damage":12.0,"enemies":"Large Slime","floor":5.0,"turns":5.0},{"damage":7.0,"enemies":"Blue Slaver","floor":7.0,"turns":4.0},{"damage":20.0,"enemies":"Lagavulin","floor":8.0,"turns":6.0},{"damage":0.0,"enemies":"2 Fungi Beasts","floor":10.0,"turns":3.0},{"damage":0.0,"enemies":"Large Slime","floor":14.0,"turns":4.0},{"damage":50.0,"enemies":"The Guardian","floor":16.0,"turns":12.0},{"damage":14.0,"enemies":"3 Byrds","floor":18.0,"turns":5.0},{"damage":24.0,"enemies":"Gremlin Leader","floor":23.0,"turns":8.0},{"damage":16.0,"enemies":"Colosseum Slavers","floor":27.0,"turns":3.0},{"damage":21.0,"enemies":"Slavers","floor":28.0,"turns":4.0},{"damage":0.0,"enemies":"2 Thieves","floor":29.0,"turns":1.0},{"damage":60,"enemies":"Champ","floor":33,"turns":8},{"damage":40,"enemies":"3 Darklings","floor":35,"turns":7},{"damage":22,"enemies":"Orb Walker","floor":36,"turns":5},{"damage":21,"enemies":"Transient","floor":38,"turns":4}],"seed_played":"-3758154379597699017","potions_obtained":[{"floor":1.0,"key":"Regen Potion"},{"floor":3.0,"key":"Fruit Juice"},{"floor":10.0,"key":"PotionOfCapacity"},{"floor":14.0,"key":"Regen Potion"},{"floor":18.0,"key":"Strength Potion"},{"floor":23.0,"key":"DistilledChaos"},{"floor":28.0,"key":"AttackPotion"},{"floor":29.0,"key":"Strength Potion"},{"floor":36,"key":"Weak Potion"}],"is_trial":false,"path_per_floor":["M","M","M","?","M","R","M","E","T","M","$","R","?","M","R","B",null,"M","?","?","$","?","E","R","$","T","?","E","M","R","?","R","B",null,"M","M","$","M"],"character_chosen":"DEFECT","items_purchased":["Whetstone","FTL","Sadistic Nature"],"campfire_rested":4,"item_purchase_floors":[11,21,37],"current_hp_per_floor":[68,68,67,49,51,51,44,24,24,24,24,48,53,53,78,43,75,61,61,61,61,61,42,42,42,42,26,10,15,40,40,65,10,66,26,4,4,0,0],"gold":36,"neow_bonus":"RANDOM_COMMON_RELIC","is_daily":false,"chose_seed":false,"campfire_upgraded":1,"win_rate":0.0,"timestamp":1614274306,"path_taken":["M","M","M","?","M","R","M","E","T","M","$","R","?","M","R","BOSS","M","?","?","$","?","E","R","$","T","?","E","?","R","?","R","BOSS","M","M","$","M"],"items_purchased_type":["Relic","Card","Card"],"build_version":"2020-12-22","purchased_purges":0,"victory":false,"max_hp_per_floor":[75,75,80,80,80,80,80,80,80,80,80,80,85,85,85,85,85,85,85,85,85,85,85,85,85,85,85,85,85,85,85,85,85,85,85,85,85,85,85],"card_choices":[{"not_picked":["Fusion","Go for the Eyes"],"picked":"Scrape","floor":1.0},{"not_picked":["Fusion","Ball Lightning"],"picked":"Turbo","floor":2.0},{"not_picked":["Compile Driver","Leap"],"picked":"Beam Cell","floor":3.0},{"not_picked":["Undo","Steam"],"picked":"Go for the Eyes","floor":5.0},{"not_picked":["Tempest","Sweeping Beam","Turbo"],"picked":"SKIP","floor":7.0},{"not_picked":["Storm","Blizzard"],"picked":"Machine Learning","floor":8.0},{"not_picked":["Static Discharge","Sunder","Heatsinks"],"picked":"SKIP","floor":10.0},{"not_picked":["Sunder","Compile Driver"],"picked":"Go for the Eyes","floor":14.0},{"not_picked":["Thunder Strike","Rainbow"],"picked":"Machine Learning","floor":16.0},{"not_picked":["Cold Snap","Sweeping Beam+1"],"picked":"Steam","floor":18.0},{"not_picked":["Recycle","Consume"],"picked":"Scrape","floor":23.0},{"not_picked":["Compile Driver","Rip and Tear+1","Cold Snap"],"picked":"SKIP","floor":28.0},{"not_picked":["Melter","Rip and Tear+1"],"picked":"Go for the Eyes","floor":29.0},{"not_picked":["Electrodynamics","Seek"],"picked":"Fission","floor":33},{"not_picked":["Cold Snap","Lockon"],"picked":"Reinforced Body","floor":35},{"not_picked":["Darkness","Ball Lightning+1","Blizzard+1"],"picked":"SKIP","floor":36}],"player_experience":335532,"relics_obtained":[{"floor":8.0,"key":"Bottled Flame"},{"floor":23.0,"key":"Bag of Marbles"},{"floor":26.0,"key":"Mummified Hand"},{"floor":28.0,"key":"Potion Belt"},{"floor":34,"key":"Smiling Mask"},{"floor":34,"key":"InkBottle"},{"floor":34,"key":"Incense Burner"}],"event_choices":[{"damage_healed":0.0,"max_hp_gain":0.0,"max_hp_loss":0.0,"gold_gain":0.0,"event_name":"Scrap Ooze","player_choice":"Success","floor":4.0,"gold_loss":0.0,"damage_taken":18.0,"relics_obtained":["Unceasing Top"]},{"damage_healed":0.0,"max_hp_gain":5.0,"max_hp_loss":0.0,"gold_gain":0.0,"event_name":"Big Fish","player_choice":"Donut","floor":13.0,"gold_loss":0.0,"damage_taken":0.0},{"damage_healed":0.0,"max_hp_gain":0.0,"max_hp_loss":0.0,"gold_gain":0.0,"event_name":"Drug Dealer","player_choice":"Inject Mutagens","floor":19.0,"gold_loss":0.0,"damage_taken":0.0,"relics_obtained":["MutagenicStrength"]},{"damage_healed":0.0,"max_hp_gain":0.0,"max_hp_loss":0.0,"gold_gain":0.0,"event_name":"Addict","player_choice":"Obtained Relic","floor":20.0,"gold_loss":85.0,"damage_taken":0.0,"relics_obtained":["Toy Ornithopter"]},{"cards_removed":["Defend_B"],"damage_healed":0.0,"max_hp_gain":0.0,"max_hp_loss":0.0,"gold_gain":0.0,"event_name":"Beggar","player_choice":"Gave Gold","floor":22.0,"gold_loss":75.0,"damage_taken":0.0},{"damage_healed":0.0,"max_hp_gain":0.0,"max_hp_loss":0.0,"gold_gain":0.0,"event_name":"Colosseum","player_choice":"Fight","floor":27.0,"gold_loss":0.0,"damage_taken":0.0},{"damage_healed":0.0,"max_hp_gain":0.0,"max_hp_loss":0.0,"gold_gain":0.0,"event_name":"Colosseum","player_choice":"Fled From Nobs","floor":27.0,"gold_loss":0.0,"damage_taken":0.0},{"damage_healed":0.0,"max_hp_gain":0.0,"max_hp_loss":0.0,"gold_gain":0.0,"event_name":"The Mausoleum","player_choice":"Opened","floor":31.0,"gold_loss":0.0,"damage_taken":0.0,"relics_obtained":["Juzu Bracelet"],"cards_obtained":["Writhe"]}],"is_beta":false,"boss_relics":[{"not_picked":["Inserter","Black Star"],"picked":"Empty Cage"},{"not_picked":["Velvet Choker","Sozu"],"picked":"Calling Bell"}],"items_purged_floors":[],"is_endless":false,"potions_floor_spawned":[1,3,10,14,18,23,28,29,36],"killed_by":"Transient","ascension_level":10}}