{"host":"d8rriawq55pp7qsq","time":1614244744,"event":{"mods":["AchievementEnabler","BaseMod","Minty Spire (QoL Compilation)"],"gold_per_floor":[112,112,125,141,161,161,202,202,229,61,105,105,105,105],"floor_reached":13,"language":"ENG","playtime":315,"items_purged":[],"score":126,"play_id":"afd584f6-dfff-499b-a5cb-53f36488e48e","local_time":"20210225041904","is_ascension_mode":true,"campfire_choices":[{"data":"Bash","floor":6,"key":"SMITH"},{"data":"Cleave","floor":8,"key":"SMITH"}],"circlet_count":0,"master_deck":["Strike_R","Strike_R","Strike_R","Defend_R","Defend_R","Defend_R","Bash+1","Bloodletting+1","Combust+1","Disarm+1","Evolve","Cleave+1","Blood for Blood","Thunderclap","Reaper","Apotheosis","Anger"],"relics":["Astrolabe","Golden Idol","Boot","Regal Pillow","Ancient Tea Set"],"acts_visited":["Exordium"],"potions_floor_usage":[7,13],"damage_taken":[{"damage":11,"enemies":"Jaw Worm","floor":1,"turns":2},{"damage":3,"enemies":"Cultist","floor":3,"turns":3},{"damage":10,"enemies":"2 Louse","floor":4,"turns":2},{"damage":14,"enemies":"Looter","floor":5,"turns":3},{"damage":18,"enemies":"Lagavulin","floor":7,"turns":6},{"damage":13,"enemies":"Gremlin Nob","floor":11,"turns":3},{"damage":20,"enemies":"Lagavulin","floor":13,"turns":5}],"seed_played":"3690715815875718848","potions_obtained":[{"floor":1,"key":"PowerPotion"},{"floor":4,"key":"Energy Potion"},{"floor":5,"key":"SteroidPotion"}],"is_trial":false,"path_per_floor":["M","?","M","M","M","R","E","R","T","$","E","$","E"],"character_chosen":"IRONCLAD","items_purchased":["Apotheosis"],"campfire_rested":0,"item_purchase_floors":[10],"current_hp_per_floor":[61,61,58,48,34,34,16,16,16,16,3,3,0,0],"gold":105,"neow_bonus":"BOSS_RELIC","is_daily":false,"chose_seed":false,"campfire_upgraded":2,"win_rate":0.0,"timestamp":1614244744,"path_taken":["M","?","M","M","M","R","E","R","T","$","E","$","E"],"items_purchased_type":["Card"],"build_version":"2020-12-22","purchased_purges":0,"victory":false,"max_hp_per_floor":[80,74,74,74,74,74,74,74,74,74,74,74,74,74],"card_choices":[{"not_picked":["Searing Blow","Second Wind"],"picked":"Evolve","floor":1},{"not_picked":["Wild Strike","Clash"],"picked":"Cleave","floor":3},{"not_picked":["Perfected Strike","Warcry"],"picked":"Blood for Blood","floor":4},{"not_picked":["Evolve","Dropkick"],"picked":"Thunderclap","floor":5},{"not_picked":["Infernal Blade","Battle Trance"],"picked":"Reaper","floor":7},{"not_picked":["Blood for Blood","Sever Soul"],"picked":"Anger","floor":11}],"player_experience":202250,"relics_obtained":[{"floor":7,"key":"Boot"},{"floor":9,"key":"Regal Pillow"},{"floor":11,"key":"Ancient Tea Set"}],"event_choices":[{"damage_healed":0,"gold_gain":0,"player_choice":"Lose Max HP","damage_taken":0,"relics_obtained":["Golden Idol"],"max_hp_gain":0,"max_hp_loss":6,"event_name":"Golden Idol","floor":2,"gold_loss":0}],"is_beta":false,"boss_relics":[],"items_purged_floors":[],"is_endless":false,"potions_floor_spawned":[1,4,5],"killed_by":"Lagavulin","ascension_level":7}}