{"host":"roto7j7840a50pxh","time":1614237400,"event":{"mods":["Act Like it!","BaseMod","Better Altar","Better Note","Better Sensory Stone","Better Skull","Better Third Choice","BetterRewards","Colored Map","Colored Powertips","Downfall","Hermit","Highlight Path","Hubris","Infinite Spire","Minty Spire (QoL Compilation)","Replay The Spire","Robot Space Explorer","Shade Mod","Spicy Shops","StSLib","The Construct","The Cursed","The Dragon Tamer","The Hierophant","The Necromancer","The Runesmith","The Servant 0.9.4","TheVacant"],"gold_per_floor":[119,131,188,188,206,206,240,260,260,276,58,58,78,178,178,178,178],"floor_reached":16,"language":"ENG","playtime":1136,"items_purged":["hubris:Envy"],"score":223,"play_id":"a79b4b97-aff0-4211-89a2-d64c9a10d90d","local_time":"20210225021640","is_ascension_mode":true,"campfire_choices":[{"floor":6,"key":"REST"},{"floor":12,"key":"REST"},{"data":"construct:Reinforce","floor":15,"key":"SMITH"},{"data":"construct:CripplingShot","floor":15,"key":"SMITH"}],"circlet_count":0,"master_deck":["construct:Strike_Gold","construct:Strike_Gold","construct:Strike_Gold","construct:Strike_Gold","construct:Strike_Gold","construct:Defend_Gold","construct:Defend_Gold","construct:Defend_Gold","construct:Defend_Gold","construct:Defend_Gold","construct:AttackMode","construct:DefenseMode","construct:PowerUp","construct:Versatility+1","construct:ScopeCore+1","construct:CripplingShot","construct:OneWayMirror","construct:Accumulate","construct:Boost","construct:ReactiveShield","construct:Reinforce+1","construct:Reinforce","construct:ScopeCore+1","construct:Versatility","construct:PowerUp","construct:FierceBash","construct:CripplingShot","ReplayTheSpireMod:Splinters","construct:CripplingShot+1","construct:QuickAttack","construct:SuppressiveFire","construct:LaserCore","construct:Electrocute","construct:ReactiveShield","construct:Boost"],"relics":["construct:Cogwheel","Replay:Arrowhead","Orrery","DollysMirror","Replay:Mystery Machine","Replay:Bottled Eggs","Sundial","CeramicFish"],"acts_visited":["Exordium"],"potions_floor_usage":[10,13],"damage_taken":[{"damage":3,"enemies":"2 Louse","floor":1,"turns":3},{"damage":0,"enemies":"Small Slimes","floor":2,"turns":4},{"damage":13,"enemies":"Jaw Worm","floor":5,"turns":6},{"damage":21,"enemies":"3 Sentries","floor":7,"turns":8},{"damage":0,"enemies":"3 Louse","floor":8,"turns":2},{"damage":14,"enemies":"Gremlin Gang","floor":10,"turns":6},{"damage":4,"enemies":"Blue Slaver","floor":13,"turns":5},{"damage":34,"enemies":"Fading Forest","floor":16,"turns":7}],"seed_played":"-7411068343797551782","potions_obtained":[{"floor":3,"key":"Ancient Potion"},{"floor":5,"key":"Energy Potion"},{"floor":8,"key":"LiquidBronze"},{"floor":10,"key":"Languid Potion"}],"is_trial":false,"path_per_floor":["M","M","?","?","M","R","E","M","T","M","$","R","M","?","R_BF","B"],"character_chosen":"THE_CONSTRUCT_MOD","items_purchased":["construct:PowerUp","Replay:Arrowhead","construct:Versatility+1","Orrery","construct:ReactiveShield","construct:Reinforce","construct:ScopeCore","construct:Versatility","DollysMirror","CeramicFish","construct:ReactiveShield"],"campfire_rested":2,"item_purchase_floors":[0,0,0,0,0,0,0,0,0,11,11],"current_hp_per_floor":[25,25,25,25,12,37,16,16,16,2,2,27,23,23,23,0,0],"gold":178,"neow_bonus":"","is_daily":false,"chose_seed":false,"campfire_upgraded":2,"win_rate":0.0,"timestamp":1614237400,"path_taken":["M","M","?","?","M","R","E","M","T","M","$","R","M","?","R_BF","BOSS"],"items_purchased_type":["Card","Relic","Card","Relic","Card","Card","Card","Card","Relic","Relic","Card"],"build_version":"2020-12-22","purchased_purges":1,"victory":false,"max_hp_per_floor":[85,85,85,85,85,85,85,85,85,85,85,85,85,85,85,85,85],"card_choices":[{"not_picked":["construct:SuppressiveFire","construct:ClusterMines"],"picked":"construct:ScopeCore","floor":0},{"not_picked":["construct:ElectricArmor","construct:Construct_Overclock"],"picked":"construct:CripplingShot","floor":0},{"not_picked":["construct:Stasis","construct:MemoryTap"],"picked":"construct:OneWayMirror","floor":0},{"not_picked":["construct:Overcharge","construct:Isolate"],"picked":"construct:Accumulate","floor":0},{"not_picked":["construct:FlameCore","construct:LaserCore"],"picked":"construct:Boost","floor":0},{"not_picked":["construct:Analyze","construct:HardReboot"],"picked":"construct:FierceBash","floor":1},{"not_picked":["construct:ModeShift","construct:HeavyBolt"],"picked":"construct:CripplingShot","floor":2},{"not_picked":["construct:Autoturret","construct:ShiftStrike"],"picked":"construct:CripplingShot","floor":3},{"not_picked":["construct:Tumble","construct:Analyze"],"picked":"construct:QuickAttack","floor":3},{"not_picked":["construct:FocusedBeam","construct:HeavyBolt"],"picked":"construct:SuppressiveFire","floor":5},{"not_picked":["construct:ScrapCannon","construct:Overcharge","construct:ShiftStrike"],"picked":"SKIP","floor":7},{"not_picked":["construct:Synchronize","construct:SuppressiveFire"],"picked":"construct:LaserCore","floor":8},{"not_picked":["construct:GatlingGun","construct:SweepLaser"],"picked":"construct:Electrocute","floor":10},{"not_picked":["construct:Synchronize","construct:Tumble"],"picked":"construct:Boost","floor":13}],"player_experience":2008570,"relics_obtained":[{"floor":3,"key":"Replay:Mystery Machine"},{"floor":7,"key":"Replay:Bottled Eggs"},{"floor":9,"key":"Sundial"}],"event_choices":[{"damage_healed":0,"gold_gain":100,"player_choice":"Pray","damage_taken":0,"max_hp_gain":0,"max_hp_loss":0,"event_name":"Golden Shrine","floor":14,"gold_loss":0}],"is_beta":false,"boss_relics":[],"items_purged_floors":[11],"is_endless":false,"potions_floor_spawned":[5,8,10],"killed_by":"Fading Forest","ascension_level":6}}