{"host":"gm50ke85n5jz306u","time":1614223115,"event":{"mods":["AchievementEnabler","AlwaysNeverKeys","Aspiration","BaseMod","Beaked The Cultist","Bestiary","Better Altar","Better Match","Better Note","Better Sensory Stone","Better Skull","Better Third Choice","Better Vampires","Better-Laid Plans","BetterRewards","Colored Powertips","Curses Come First","DNKmod","Defuse TimeMaze Blight","Disable Question Mark Monsters","Displayed Cursed Tome","Downfall","Emptier Cage","Extra Virgin Snecko Oil","Filter the Spire","Friendly Minions","Gremlin Skip","Hermit","Hubris","Hyrulean Relics","Ironclad Rager","Koishi","Lobotomy","Marisa????????","Marked Mod","Minty Spire (QoL Compilation)","Permanent Neow","Poor People Problems","Quick Restart","Reimu??????","Relic Filter Mod","Relic Sorter","Remove Card Discount Mod","Reorder Act Four","Replay The Spire","Shop Mod","StSLib","Synergy Search","Td1madao Mod","The Administrix","The Animator","The Blue Laboratory","The Bug Knight","The Construct","The Cursed","The Disciple","The Hierophant","The Necromancer","The Runesmith","The Senshi","The Servant 0.9.4","Thieving Mod","Transform Curses","WarShipGirlsR/????R mod"],"gold_per_floor":[10020,10020,9022,9022,9040,9068,9068,9084,9108,9108,9137,9137,9237,9268,9268,9385,9385,9416,8388,8417,8443,8468,8468,8486,8486,8486,8510,8510,8545,8154,8184,8184,8296,8296,8313,8313,8072,8098,8124,8124,8159,8194,8194,8194,8215,7314,7314,7334,7334,7348],"floor_reached":51,"language":"ENG","playtime":2944,"items_purged":["Sickly","Bash","Strike_R","Strike_R","ReplayReversal","Strike_R","Strike_R","Strike_R","Normality","Thinking Ahead","Defend_R","Defend_R","Secret Weapon","Twin Strike","Twin Strike+1","Cleave","CommonCold","Pommel Strike+1"],"score":1036,"play_id":"7eaccbfd-7009-4276-979b-de70e547c142","local_time":"20210225041835","is_ascension_mode":true,"campfire_choices":[{"data":"Body Slam","floor":7.0,"key":"SMITH"},{"data":"Body Slam","floor":10.0,"key":"SMITH"},{"data":"Blind","floor":12.0,"key":"SMITH"},{"data":"Berserk","floor":15.0,"key":"SMITH"},{"data":"Barricade","floor":23.0,"key":"SMITH"},{"data":"Pommel Strike","floor":25.0,"key":"SMITH"},{"data":"Finesse","floor":28.0,"key":"SMITH"},{"data":"Trip","floor":32.0,"key":"SMITH"},{"data":"Entrench","floor":40,"key":"SMITH"},{"data":"Shrug It Off","floor":44,"key":"SMITH"},{"data":"Body Slam","floor":47,"key":"SMITH"},{"data":"Shrug It Off","floor":49,"key":"SMITH"}],"circlet_count":0,"master_deck":["Defend_R","Defend_R","Blind+1","Body Slam+1","Berserk+1","Barricade+1","Finesse+1","Entrench+1","Shrug It Off+1","Shrug It Off+1","Trip+1","Entrench+1","Headbutt+1","Body Slam+1","Headbutt+1","Body Slam+1","Mayhem+1"],"relics":["Burning Blood","Mastiff:ReiMu","aspiration:DSix","Nunchaku","Self Forming Clay","Bird Faced Urn","Replay:Bandana","Lizard Tail","Cursed Key","MerchantsRug","ReplayTheSpireMod:Ring of Collecting","ReplayTheSpireMod:Ring of Addiction","White Beast Statue","Toy Ornithopter","aspiration:SeaSaltIceCream","Medical Kit","Cauldron","Garlic","Frozen Egg 2","Gremlin Food","ReplayTheSpireMod:ShopPack","Blue Candle","Dream Catcher","hubris:SphereOfDissonance","Replay:WaspNest","TentaclePot:ReiMu","FossilizedHelix"],"acts_visited":["Exordium","TheCity","TheBeyond"],"potions_floor_usage":[33,39,41,45,48,50,50,50],"damage_taken":[{"damage":7.0,"enemies":"Small Slimes","floor":1.0,"turns":4.0},{"damage":1.0,"enemies":"Jaw Worm","floor":5.0,"turns":3.0},{"damage":26.0,"enemies":"Lagavulin","floor":6.0,"turns":6.0},{"damage":0.0,"enemies":"Cultist","floor":8.0,"turns":2.0},{"damage":4.0,"enemies":"Blue Slaver","floor":11.0,"turns":3.0},{"damage":14.0,"enemies":"Large Slime","floor":14.0,"turns":4.0},{"damage":32.0,"enemies":"Hexaghost","floor":16.0,"turns":6.0},{"damage":12.0,"enemies":"3 Byrds","floor":18.0,"turns":5.0},{"damage":21.0,"enemies":"Spheric Guardian","floor":20.0,"turns":4.0},{"damage":25.0,"enemies":"Snake Plant","floor":21.0,"turns":3.0},{"damage":15.0,"enemies":"Sentry and Sphere","floor":22.0,"turns":4.0},{"damage":0.0,"enemies":"Snecko","floor":24.0,"turns":5.0},{"damage":25.0,"enemies":"Centurion and Healer","floor":27.0,"turns":5.0},{"damage":15.0,"enemies":"Book of Stabbing","floor":29.0,"turns":4.0},{"damage":0.0,"enemies":"3 Cultists","floor":31.0,"turns":4.0},{"damage":0,"enemies":"Collector","floor":33,"turns":6},{"damage":0,"enemies":"Orb Walker","floor":35,"turns":2},{"damage":5,"enemies":"3 Darklings","floor":39,"turns":4},{"damage":1,"enemies":"Sphere and 2 Shapes","floor":41,"turns":4},{"damage":0,"enemies":"Nemesis","floor":42,"turns":5},{"damage":19,"enemies":"Transient","floor":45,"turns":5},{"damage":7,"enemies":"Writhing Mass","floor":48,"turns":4},{"damage":34,"enemies":"Donu and Deca","floor":50,"turns":8}],"seed_played":"6774181366424807949","potions_obtained":[{"floor":1.0,"key":"blueLaboratory:BubblePotion"},{"floor":9.0,"key":"champ:CounterPotion"},{"floor":9.0,"key":"Dexterity Potion"},{"floor":16.0,"key":"BloodPotion"},{"floor":18.0,"key":"blueLaboratory:FruitPunch"},{"floor":20.0,"key":"Weak Potion"},{"floor":21.0,"key":"Milkshake"},{"floor":22.0,"key":"champ:CounterPotion"},{"floor":24.0,"key":"blueLaboratory:IronCompound"},{"floor":27.0,"key":"blueLaboratory:SavagePotion"},{"floor":29.0,"key":"LiquidBronze"},{"floor":31.0,"key":"blueLaboratory:RememoryPotion"},{"floor":33,"key":"Languid Potion"},{"floor":35,"key":"SteroidPotion"},{"floor":39,"key":"blueLaboratory:FruitPunch"},{"floor":41,"key":"blueLaboratory:BubblePotion"},{"floor":42,"key":"Guardian:BlockOnCardUsePotion"},{"floor":45,"key":"blueLaboratory:FruitPunch"}],"is_trial":false,"path_per_floor":["M","?","$","?","M","E","R","M","T","R","M","R","?","M","R","B",null,"M","$","M","M","M","R","M","R","T","M","R","E","$","M","R","B",null,"M","?","$","?","M","R","M","E","T","R","M","$","R","M","R","B",null],"character_chosen":"IRONCLAD","items_purchased":["Lizard Tail","Bird Faced Urn","Brimstone","Twin Strike","MerchantsRug","BloodPotion","aspiration:DSix","aspiration:SeaSaltIceCream","ReplayReversal","Cleave","Pommel Strike","Finesse","blueLaboratory:EmptyBottle","Cauldron","Nunchaku","ReplayTheSpireMod:ShopPack","blueLaboratory:FruitPunch","FearPotion","SteroidPotion","Blue Candle","SkillPotion","blueLaboratory:HorrorPotion","Regen Potion","Replay:WaspNest","TentaclePot:ReiMu","FossilizedHelix","Body Slam","Mayhem+1"],"campfire_rested":0,"item_purchase_floors":[3,3,3,3,3,3,19,19,19,19,19,19,19,19,30,30,30,30,30,37,37,37,37,46,46,46,46,46],"current_hp_per_floor":[79,79,79,84,85,65,65,73,73,73,75,75,75,67,67,48,74,72,83,68,56,56,56,66,85,85,66,66,66,66,83,83,87,87,87,87,85,64,85,85,87,87,87,87,75,75,75,86,86,65],"gold":7348,"neow_bonus":"RANDOM_COLORLESS","is_daily":false,"chose_seed":false,"campfire_upgraded":12,"win_rate":0.0,"timestamp":1614223115,"path_taken":["M","?","$","?","M","E","R","M","T","R","M","R","?","M","R","BOSS","M","$","M","M","?","R","M","R","T","M","R","E","$","M","R","BOSS","M","?","$","?","M","R","M","E","T","R","M","$","R","M","R","BOSS"],"items_purchased_type":["Relic","Relic","Relic","Card","Relic","Potion","Relic","Relic","Card","Card","Card","Card","Potion","Relic","Relic","Relic","Potion","Potion","Potion","Relic","Potion","Potion","Potion","Relic","Relic","Relic","Card","Card"],"build_version":"2020-12-22","purchased_purges":18,"victory":true,"max_hp_per_floor":[80,80,80,85,85,85,85,85,85,85,85,85,85,85,83,83,83,83,83,83,85,85,85,85,85,85,85,85,85,85,87,87,87,87,87,87,85,85,85,85,87,87,87,87,85,85,85,87,87,87],"card_choices":[{"not_picked":["PanicButton","Specialist"],"picked":"Blind","floor":0.0},{"not_picked":["Iron Wave","Flex"],"picked":"Body Slam","floor":1.0},{"not_picked":["Anger","Feel No Pain"],"picked":"Body Slam","floor":5.0},{"not_picked":["Iron Wave","hubris:CleavingFinish"],"picked":"Berserk","floor":6.0},{"not_picked":["Shockwave","True Grit","Havoc"],"picked":"SKIP","floor":8.0},{"not_picked":["Run Through","Wild Strike","True Grit"],"picked":"SKIP","floor":11.0},{"not_picked":["Heavy Blade","Anger","Seeing Red"],"picked":"SKIP","floor":14.0},{"not_picked":["Exhume","Feed"],"picked":"Barricade","floor":16.0},{"not_picked":["Run Through","Armaments","Clash"],"picked":"SKIP","floor":18.0},{"not_picked":["Perfected Strike+1","Whirlwind"],"picked":"Entrench+1","floor":20.0},{"not_picked":["Abandon","Warcry"],"picked":"Shrug It Off","floor":21.0},{"not_picked":["Body Slam","Heavy Blade","Spot Weakness"],"picked":"SKIP","floor":22.0},{"not_picked":["Run Through","Anger","Bloodletting"],"picked":"SKIP","floor":24.0},{"not_picked":["Warcry","Seeing Red"],"picked":"Shrug It Off","floor":27.0},{"not_picked":["Reckless Charge","Corruption+1","Combust+1"],"picked":"SKIP","floor":29.0},{"not_picked":["Transmutation","Chrysalis"],"picked":"Thinking Ahead","floor":30.0},{"not_picked":["Jack Of All Trades","hubris:Insight"],"picked":"Secret Weapon","floor":30.0},{"not_picked":["Good Instincts","Impatience"],"picked":"Trip","floor":30.0},{"not_picked":["Battle Trance","Whirlwind","Body Slam"],"picked":"SKIP","floor":31.0},{"not_picked":["Uppercut+1","Perfected Strike+1","Dark Embrace+1"],"picked":"SKIP","floor":35},{"not_picked":["Cleave+1","Thunderclap"],"picked":"Entrench","floor":38},{"not_picked":["Second Wind+1","Warcry"],"picked":"Twin Strike+1","floor":39},{"not_picked":["Havoc+1","Ghostly Armor+1"],"picked":"Headbutt+1","floor":41},{"not_picked":["Bludgeon","ReplayTheSpireMod:Corrosion Curse+1"],"picked":"Body Slam+1","floor":42},{"not_picked":["True Grit+1","Clothesline+1"],"picked":"Headbutt+1","floor":45},{"not_picked":["Heavy Blade","ReplayTheSpireMod:Strike From Hell","Havoc+1"],"picked":"SKIP","floor":48}],"player_experience":450041,"relics_obtained":[{"floor":2.0,"key":"ReplayTheSpireMod:Ring of Collecting"},{"floor":6.0,"key":"Self Forming Clay"},{"floor":9.0,"key":"ReplayTheSpireMod:Ring of Addiction"},{"floor":9.0,"key":"White Beast Statue"},{"floor":9.0,"key":"Toy Ornithopter"},{"floor":9.0,"key":"Replay:Bandana"},{"floor":26.0,"key":"Garlic"},{"floor":26.0,"key":"Frozen Egg 2"},{"floor":29.0,"key":"Gremlin Food"},{"floor":38,"key":"Dream Catcher"},{"floor":42,"key":"Mastiff:ReiMu"},{"floor":43,"key":"hubris:SphereOfDissonance"}],"event_choices":[{"damage_healed":0.0,"max_hp_gain":5.0,"max_hp_loss":0.0,"gold_gain":0.0,"event_name":"Big Fish","player_choice":"Donut","floor":4.0,"gold_loss":0.0,"damage_taken":0.0},{"damage_healed":0.0,"max_hp_gain":0.0,"max_hp_loss":0.0,"gold_gain":100.0,"event_name":"Golden Shrine","player_choice":"Pray","floor":13.0,"gold_loss":0.0,"damage_taken":0.0},{"cards_removed":["Body Slam"],"damage_healed":0,"gold_gain":0,"player_choice":"Removed Attack","damage_taken":0,"max_hp_gain":0,"max_hp_loss":0,"event_name":"Falling","floor":36,"gold_loss":0}],"is_beta":false,"boss_relics":[{"not_picked":["aspiration:FutureDiary","hubris:TerracottaHorce"],"picked":"Cursed Key"},{"not_picked":["aspiration:SilentSkillbook","Ring of Chaos"],"picked":"Ooze Armor"}],"items_purged_floors":[3,3,3,3,19,19,19,19,30,30,30,30,30,46,46,46,46,46],"is_endless":false,"potions_floor_spawned":[1,11,14,16,18,20,21,22,24,27,29,31,33,35,39,41,42,45,48],"ascension_level":5}}