{"host":"rw1trt79hfpl7pom","time":1614262923,"event":{"mods":["BaseMod","Bestiary","Colored Map","Jorbs\u0027s Wanderer Trilogy","Minty Spire (QoL Compilation)","Relic Stats","StSLib","SuperFastMode"],"gold_per_floor":[109,109,124,147,158,192,25,25,51,64,99,99,99,119,119,191,191,205,44,60,60,60,85,85,0,0,11,21,21,21,50,62,74,74],"floor_reached":33,"language":"ENG","playtime":2485,"items_purged":[],"score":590,"play_id":"5cd7bf98-cefb-44c4-8aad-702e6fbe536a","local_time":"20210225062203","is_ascension_mode":true,"campfire_choices":[{"floor":8.0,"key":"REST"},{"floor":13.0,"key":"REST"},{"data":"stsjorbsmod:Patron","floor":15.0,"key":"SMITH"},{"data":"RitualDagger","floor":24.0,"key":"SMITH"},{"data":"stsjorbsmod:Trauma","floor":29.0,"key":"SMITH"},{"data":"stsjorbsmod:Prestidigitation","floor":32.0,"key":"SMITH"}],"circlet_count":0,"master_deck":["AscendersBane","stsjorbsmod:ForbiddenGrimoire+1","stsjorbsmod:Strike_Wanderer","stsjorbsmod:Strike_Wanderer","stsjorbsmod:Strike_Wanderer","stsjorbsmod:Defend_Wanderer","stsjorbsmod:Defend_Wanderer","stsjorbsmod:Defend_Wanderer","stsjorbsmod:Defend_Wanderer","stsjorbsmod:FreshAdventure","stsjorbsmod:EyeOfTheStorm","stsjorbsmod:Message","stsjorbsmod:ChatteringStrike+1","stsjorbsmod:RayOfFrost","stsjorbsmod:TinyHut","stsjorbsmod:UnseenServant","stsjorbsmod:DisguiseSelf","stsjorbsmod:Patron","stsjorbsmod:Prestidigitation+1","stsjorbsmod:Trauma+1","RitualDagger+1","stsjorbsmod:BookOfTongues","stsjorbsmod:Rest+1"],"relics":["Black Star","Bag of Preparation","Smiling Mask","Toy Ornithopter","Blood Vial","Orichalcum","Omamori","Runic Pyramid","OrangePellets","Pear","Boot","MealTicket","stsjorbsmod:BottledMemoryRelic","stsjorbsmod:MindGlassRelic","MawBank","Ornamental Fan"],"acts_visited":["Exordium","TheCity"],"potions_floor_usage":[33],"damage_taken":[{"damage":17.0,"enemies":"Small Slimes","floor":1.0,"turns":6.0},{"damage":0.0,"enemies":"Cultist","floor":3.0,"turns":3.0},{"damage":0.0,"enemies":"2 Louse","floor":4.0,"turns":7.0},{"damage":8.0,"enemies":"Exordium Wildlife","floor":5.0,"turns":5.0},{"damage":19.0,"enemies":"3 Sentries","floor":6.0,"turns":7.0},{"damage":8.0,"enemies":"Large Slime","floor":10.0,"turns":7.0},{"damage":38.0,"enemies":"Gremlin Nob","floor":11.0,"turns":4.0},{"damage":1.0,"enemies":"3 Louse","floor":14.0,"turns":5.0},{"damage":9.0,"enemies":"The Guardian","floor":16.0,"turns":14.0},{"damage":0.0,"enemies":"Chosen","floor":18.0,"turns":3.0},{"damage":6.0,"enemies":"2 Thieves","floor":20.0,"turns":5.0},{"damage":13.0,"enemies":"Slavers","floor":23.0,"turns":2.0},{"damage":21.0,"enemies":"Snake Plant","floor":27.0,"turns":4.0},{"damage":0.0,"enemies":"Centurion and Healer","floor":28.0,"turns":7.0},{"damage":14.0,"enemies":"Book of Stabbing","floor":31.0,"turns":6.0},{"damage":56,"enemies":"Automaton","floor":33,"turns":6}],"seed_played":"-63229281273485738","potions_obtained":[{"floor":1.0,"key":"BlessingOfTheForge"},{"floor":4.0,"key":"AttackPotion"},{"floor":6.0,"key":"Energy Potion"},{"floor":10.0,"key":"Dexterity Potion"},{"floor":14.0,"key":"ColorlessPotion"},{"floor":16.0,"key":"Swift Potion"},{"floor":28.0,"key":"SteroidPotion"},{"floor":31.0,"key":"Strength Potion"}],"is_trial":false,"path_per_floor":["M","?","M","M","M","E","$","R","T","M","E","?","R","M","R","B",null,"M","$","M","?","?","E","R","?","T","M","M","R","$","E","R","B"],"character_chosen":"WANDERER","items_purchased":["Toy Ornithopter","OrangePellets"],"campfire_rested":2,"item_purchase_floors":[7,19],"current_hp_per_floor":[45,45,45,45,37,18,18,38,38,32,1,1,21,22,22,20,56,58,58,59,53,63,52,52,52,52,33,35,35,50,43,43,0,0],"gold":74,"neow_bonus":"BOSS_RELIC","is_daily":false,"chose_seed":false,"campfire_upgraded":4,"win_rate":0.0,"timestamp":1614262923,"path_taken":["M","?","?","M","M","E","$","R","T","M","E","?","R","M","R","BOSS","M","$","M","?","?","E","R","?","T","M","M","R","?","E","R","BOSS"],"items_purchased_type":["Relic","Relic"],"build_version":"2020-12-22","purchased_purges":0,"victory":false,"max_hp_per_floor":[68,68,68,68,68,68,68,68,68,68,68,68,68,68,68,68,68,68,68,68,68,78,78,78,78,78,78,78,78,78,78,78,78,78],"relic_stats":{"counters":[16,91],"Bag of Preparation":[22],"Orichalcum":[42],"Smiling Mask":0,"Boot":[7],"MawBank":24,"Blood Vial":22,"OrangePellets":[1],"Ornamental Fan":[4],"MealTicket":15,"Black Star":4,"obtain_stats":[{"stsjorbsmod:BottledMemoryRelic":25,"Pear":22,"stsjorbsmod:GrimoireRelic":0,"Bag of Preparation":6,"Omamori":11,"Orichalcum":11,"Smiling Mask":6,"Boot":23,"MawBank":31,"Blood Vial":9,"OrangePellets":19,"Ornamental Fan":31,"MealTicket":23,"Black Star":0,"stsjorbsmod:MindGlassRelic":26,"Toy Ornithopter":7,"Runic Pyramid":17},{"stsjorbsmod:BottledMemoryRelic":12,"Pear":11,"stsjorbsmod:GrimoireRelic":0,"Bag of Preparation":5,"Omamori":7,"Orichalcum":7,"Smiling Mask":5,"Boot":12,"MawBank":15,"Blood Vial":5,"OrangePellets":10,"Ornamental Fan":15,"MealTicket":12,"Black Star":0,"stsjorbsmod:MindGlassRelic":12,"Toy Ornithopter":5,"Runic Pyramid":9},{"stsjorbsmod:BottledMemoryRelic":68,"Pear":66,"stsjorbsmod:GrimoireRelic":0,"Bag of Preparation":28,"Omamori":39,"Orichalcum":39,"Smiling Mask":28,"Boot":68,"MawBank":85,"Blood Vial":28,"OrangePellets":61,"Ornamental Fan":85,"MealTicket":68,"Black Star":0,"stsjorbsmod:MindGlassRelic":68,"Toy Ornithopter":28,"Runic Pyramid":58}],"Toy Ornithopter":25},"card_choices":[{"not_picked":["stsjorbsmod:BurningFlask","stsjorbsmod:Firebolt"],"picked":"stsjorbsmod:Message","floor":1.0},{"not_picked":["stsjorbsmod:SchoolsOfMagic","stsjorbsmod:Patron"],"picked":"stsjorbsmod:RayOfFrost","floor":3.0},{"not_picked":["stsjorbsmod:TollTheDead","stsjorbsmod:Thorns"],"picked":"stsjorbsmod:TinyHut","floor":4.0},{"not_picked":["stsjorbsmod:MagicMirror","stsjorbsmod:FaerieFire"],"picked":"stsjorbsmod:UnseenServant","floor":5.0},{"not_picked":["stsjorbsmod:FaerieFire","stsjorbsmod:RayOfFrost"],"picked":"stsjorbsmod:DisguiseSelf","floor":6.0},{"not_picked":["stsjorbsmod:TrueStrike","stsjorbsmod:UnseenServant","stsjorbsmod:Counterspell"],"picked":"SKIP","floor":10.0},{"not_picked":["stsjorbsmod:ChainLightning","stsjorbsmod:Introspection"],"picked":"stsjorbsmod:Patron","floor":11.0},{"not_picked":["stsjorbsmod:Message","stsjorbsmod:FlameWard"],"picked":"stsjorbsmod:Prestidigitation","floor":14.0},{"not_picked":["stsjorbsmod:SiphonEnergy","stsjorbsmod:IvoryTower"],"picked":"stsjorbsmod:Trauma","floor":16.0},{"not_picked":["stsjorbsmod:LocateObject","stsjorbsmod:Counterspell","stsjorbsmod:ChatteringStrike"],"picked":"SKIP","floor":18.0},{"not_picked":["stsjorbsmod:LocateObject","stsjorbsmod:Counterspell","stsjorbsmod:ChatteringStrike"],"picked":"SKIP","floor":18.0},{"not_picked":["stsjorbsmod:SchoolsOfMagic","stsjorbsmod:ScorchingRay","stsjorbsmod:Prestidigitation"],"picked":"SKIP","floor":20.0},{"not_picked":["stsjorbsmod:MagicMirror","stsjorbsmod:Hurt","stsjorbsmod:TollTheDead"],"picked":"SKIP","floor":23.0},{"not_picked":["stsjorbsmod:ParryingBlow+1","stsjorbsmod:ThirstingSword"],"picked":"stsjorbsmod:BookOfTongues","floor":27.0},{"not_picked":["stsjorbsmod:Counterspell","stsjorbsmod:DisguiseSelf","stsjorbsmod:ParryingBlow"],"picked":"SKIP","floor":28.0},{"not_picked":["stsjorbsmod:BookOfTongues","stsjorbsmod:UnseenServant"],"picked":"stsjorbsmod:Rest+1","floor":31.0}],"player_experience":2916810,"relics_obtained":[{"floor":6.0,"key":"Bag of Preparation"},{"floor":6.0,"key":"Smiling Mask"},{"floor":9.0,"key":"Blood Vial"},{"floor":11.0,"key":"Orichalcum"},{"floor":11.0,"key":"Omamori"},{"floor":23.0,"key":"Boot"},{"floor":23.0,"key":"MealTicket"},{"floor":26.0,"key":"stsjorbsmod:MindGlassRelic"},{"floor":31.0,"key":"MawBank"},{"floor":31.0,"key":"Ornamental Fan"}],"event_choices":[{"damage_healed":0.0,"max_hp_gain":0.0,"max_hp_loss":0.0,"gold_gain":0.0,"cards_transformed":["stsjorbsmod:Strike_Wanderer"],"event_name":"Transmorgrifier","player_choice":"Transformed","floor":2.0,"gold_loss":0.0,"damage_taken":0.0,"cards_obtained":["stsjorbsmod:ChatteringStrike"]},{"damage_healed":0.0,"max_hp_gain":0.0,"max_hp_loss":0.0,"gold_gain":0.0,"event_name":"Scrap Ooze","player_choice":"Fled","floor":12.0,"gold_loss":0.0,"damage_taken":0.0},{"damage_healed":0.0,"max_hp_gain":0.0,"max_hp_loss":0.0,"gold_gain":0.0,"event_name":"Nest","player_choice":"Joined the Cult","floor":21.0,"gold_loss":0.0,"damage_taken":6.0,"cards_obtained":["RitualDagger"]},{"damage_healed":0.0,"max_hp_gain":0.0,"max_hp_loss":0.0,"gold_gain":0.0,"event_name":"The Mausoleum","player_choice":"Opened","floor":22.0,"gold_loss":0.0,"damage_taken":0.0,"relics_obtained":["Pear"],"cards_obtained":["Writhe"]},{"damage_healed":0.0,"max_hp_gain":0.0,"max_hp_loss":0.0,"gold_gain":0.0,"event_name":"Addict","player_choice":"Obtained Relic","floor":25.0,"gold_loss":85.0,"damage_taken":0.0,"relics_obtained":["stsjorbsmod:BottledMemoryRelic"]}],"is_beta":false,"boss_relics":[{"not_picked":["Calling Bell","Ectoplasm"],"picked":"Runic Pyramid"}],"items_purged_floors":[],"is_endless":false,"potions_floor_spawned":[1,4,6,10,14,16,28,31],"killed_by":"Automaton","ascension_level":20}}