{"host":"jgl9m63d23sfproq","time":1614230705,"event":{"mods":["Act Like it!","Aspiration","Bard","BaseMod","Bossed Relics","Colored Map","Conspire","Dark Map","DeckTracker","Downfall","Friendly Minions","Gensokyo","Jedi Mod","Marisa¡]Ãú«B¡@Å]²z¨F¡^","Minty Spire (QoL Compilation)","Reliquary","Replay The Spire","Shop Mod","Smile Girya","StSLib","The Blackbeard","The Construct","The Jungle","The Mystic","The Runesmith","The Servant 0.9.4","Wide Potions","Yuyuko","[IsaacMod]¥H¼»¦y¶ð"],"gold_per_floor":[117,133,148,98,98,98,98,98,98,126,179,179,189,189,189,297,297,316,416,416,450,472,472,485,68,68,142,163,207,207,308,308,462,462,531,531],"floor_reached":35,"language":"ZHS","playtime":1283,"items_purged":["Strike_G"],"score":379,"play_id":"cbaf9db8-b375-4fd0-8d34-95fc3922010a","local_time":"20210225132505","is_ascension_mode":false,"campfire_choices":[{"data":"DoctorFetus","floor":6,"key":"SMITH"},{"floor":8,"key":"RECALL"},{"floor":15,"key":"REST"},{"floor":23,"key":"REST"},{"floor":30,"key":"REST"},{"floor":32,"key":"REST"}],"circlet_count":0,"master_deck":["Strike_G","Strike_G+1","Strike_G","Strike_G","Defend_G","Defend_G","Defend_G","Defend_G","Defend_G","Survivor+1","Neutralize","DoctorFetus+1","jedi:collectorvenom","Prepared","conspire:SpireCoStock","jedi:pocketpoison","Noxious Fumes","ReplayTheSpireMod:Speed Training+1","Injury","Clumsy"],"relics":["Ring of the Snake","HushsDoor","KeepersGift","NeowsBlessing","reliquary:Knoch","Lantern","Regal Pillow","Unceasing Top","Replay:Ancient Bell","Gremlin Food","Lee\u0027s Waffle","SalivaCoin","Mummified Hand","aspiration:HatOfInfinitePower","Golden Egg","jedi:firstaidkit"],"acts_visited":["Exordium","TheCity","TheBeyond"],"potions_floor_usage":[11,22,22],"damage_taken":[{"damage":0,"enemies":"Jaw Worm","floor":1,"turns":1},{"damage":0,"enemies":"2 Louse","floor":2,"turns":1},{"damage":0,"enemies":"Small Slimes","floor":3,"turns":1},{"damage":7,"enemies":"Gremlin Gang","floor":10,"turns":4},{"damage":18,"enemies":"Lagavulin","floor":11,"turns":6},{"damage":0,"enemies":"Exordium Wildlife","floor":13,"turns":1},{"damage":37,"enemies":"The Guardian","floor":16,"turns":8},{"damage":14,"enemies":"Spheric Guardian","floor":18,"turns":5},{"damage":11,"enemies":"conspire:FuzzyDice","floor":21,"turns":6},{"damage":23,"enemies":"Snake Plant","floor":22,"turns":4},{"damage":16,"enemies":"Snecko","floor":24,"turns":5},{"damage":43,"enemies":"3 Cultists","floor":27,"turns":6},{"damage":13,"enemies":"conspire:HollyBat","floor":28,"turns":6},{"damage":9,"enemies":"Centurion and Healer","floor":29,"turns":4},{"damage":40,"enemies":"Book of Stabbing","floor":31,"turns":5},{"damage":37,"enemies":"Automaton","floor":33,"turns":8},{"damage":186,"enemies":"3 Darklings","floor":35,"turns":5}],"seed_played":"3926196625746743690","potions_obtained":[{"floor":2,"key":"Poison Potion"},{"floor":11,"key":"SteroidPotion"},{"floor":13,"key":"Dexterity Potion"},{"floor":16,"key":"Adrenaline Potion"},{"floor":18,"key":"Fire Potion"},{"floor":21,"key":"ColorlessPotion"},{"floor":27,"key":"jedi:wingpotion"},{"floor":28,"key":"SneckoOil"}],"is_trial":false,"path_per_floor":["M","M","M","?","?","R","$","R","T","M","E","?","M","?","R","B",null,"M","?","T","M","M","R","M","$","T","M","M","M","R","E","R","B",null,"M"],"character_chosen":"THE_SILENT","items_purchased":["Noxious Fumes","Lee\u0027s Waffle","SalivaCoin"],"campfire_rested":4,"item_purchase_floors":[25,25,25],"current_hp_per_floor":[70,70,70,70,67,67,67,67,67,60,42,42,42,42,70,33,70,56,56,56,45,22,58,42,77,77,34,21,12,50,10,48,11,77,0,0],"gold":531,"neow_bonus":"THREE_ENEMY_KILL","is_daily":false,"chose_seed":false,"campfire_upgraded":1,"win_rate":0.0,"timestamp":1614230705,"path_taken":["M","M","M","?","?","R","$","R","T","M","E","?","?","?","R","BOSS","M","?","?","M","?","R","M","$","T","M","?","?","R","E","R","BOSS","M"],"items_purchased_type":["Card","Relic","Relic"],"build_version":"2020-12-22","purchased_purges":1,"victory":false,"max_hp_per_floor":[70,70,70,70,70,70,70,70,70,70,70,70,70,70,70,70,70,70,70,70,70,70,70,70,77,77,77,77,77,77,77,77,77,77,77,77],"card_choices":[{"not_picked":[],"picked":"DoctorFetus","floor":0},{"not_picked":["ReplayTheSpireMod:Shiv Toss","Sucker Punch"],"picked":"jedi:collectorvenom","floor":1},{"not_picked":["Slice","Cloak And Dagger"],"picked":"Prepared","floor":2},{"not_picked":["Dash","jedi:collectorvenom"],"picked":"jedi:collectorvenom","floor":3},{"not_picked":["Masterful Stab","Deflect"],"picked":"jedi:pocketpoison","floor":10},{"not_picked":["Poisoned Stab","Dodge and Roll"],"picked":"Bomb","floor":11},{"not_picked":["ReplayTheSpireMod:Shiv Toss","PiercingWail"],"picked":"jedi:collectorvenom","floor":13},{"not_picked":["Unload","Poison Darts"],"picked":"jedi:collectorvenom","floor":16},{"not_picked":["Terror","Poisoned Stab"],"picked":"jedi:collectorvenom","floor":18},{"not_picked":["Hidden Blade","Dodge and Roll"],"picked":"jedi:collectorvenom","floor":19},{"not_picked":["Prepared","Toxin Wave"],"picked":"jedi:collectorvenom","floor":21},{"not_picked":["Well Laid Plans","Dagger Spray"],"picked":"jedi:collectorvenom","floor":22},{"not_picked":["Dodge and Roll+1","jedi:pocketpoison"],"picked":"jedi:collectorvenom","floor":24},{"not_picked":["Sucker Punch","Finisher"],"picked":"jedi:collectorvenom","floor":27},{"not_picked":["Underhanded Strike","conspire:DoublingDagger+1"],"picked":"jedi:collectorvenom","floor":28},{"not_picked":["Tactician+1","Adrenaline"],"picked":"jedi:collectorvenom","floor":29},{"not_picked":["jedi:collectorvenom","Calculated Gamble"],"picked":"ReplayTheSpireMod:Speed Training","floor":31},{"not_picked":["Phantasmal Killer","Night Terror"],"picked":"jedi:collectorvenom","floor":33},{"not_picked":["ReplayTheSpireMod:Doomed","downfall:Icky"],"picked":"Injury","floor":34},{"not_picked":["Wraith","Voices"],"picked":"Clumsy","floor":34},{"not_picked":["downfall:Aged","CurseOfTheBell"],"picked":"ReplayTheSpireMod:Doomed","floor":34}],"player_experience":65783,"relics_obtained":[{"floor":9,"key":"Lantern"},{"floor":11,"key":"Regal Pillow"},{"floor":26,"key":"Mummified Hand"},{"floor":31,"key":"aspiration:HatOfInfinitePower"}],"event_choices":[{"damage_healed":0,"gold_gain":0,"player_choice":"Invest 1","damage_taken":0,"max_hp_gain":0,"max_hp_loss":0,"event_name":"conspire:Investor","floor":4,"gold_loss":0},{"damage_healed":0,"gold_gain":0,"player_choice":"Success","damage_taken":3,"relics_obtained":["reliquary:Knoch"],"max_hp_gain":0,"max_hp_loss":0,"event_name":"Scrap Ooze","floor":5,"gold_loss":0},{"damage_healed":0,"gold_gain":0,"player_choice":"Searched \u00272\u0027 times","damage_taken":0,"relics_obtained":["Unceasing Top"],"max_hp_gain":0,"max_hp_loss":0,"event_name":"Dead Adventurer","floor":12,"gold_loss":0},{"damage_healed":0,"gold_gain":0,"player_choice":"Ignored","damage_taken":0,"max_hp_gain":0,"max_hp_loss":0,"event_name":"Liars Game","floor":14,"gold_loss":0}],"is_beta":false,"boss_relics":[{"not_picked":["Kintsugi","Velvet Choker"],"picked":"Replay:Ancient Bell"},{"not_picked":["jedi:arcanewood","Vajra"],"picked":"Gremlin Food"},{"not_picked":[]},{"not_picked":["Molten Egg 2","BookofShadows"],"picked":"Golden Egg"},{"not_picked":["construct:RocketBooster","CaptainsWheel"],"picked":"jedi:firstaidkit"}],"items_purged_floors":[25],"is_endless":false,"potions_floor_spawned":[2,11,13,16,18,21,27,28],"killed_by":"3 Darklings","ascension_level":0}}