{"host":"Keegz","time":1614255733,"event":{"mods":["BaseMod","Bestiary","Colored Powertips","Highlight Path","Minty Spire (QoL Compilation)","Relic Stats","Slay the Relics Exporter"],"gold_per_floor":[18,34,34,34,48,48,89,89,89,102,27,27,48,64,64,162,162,182,24,24,49,49,49],"floor_reached":22,"language":"ENG","playtime":720,"items_purged":["Injury"],"score":363,"play_id":"1cc51722-908e-49cd-a8cd-164651fdb039","local_time":"20210226012213","is_ascension_mode":true,"campfire_choices":[{"data":"1","floor":6,"key":"LIFT"},{"data":"2","floor":8,"key":"LIFT"},{"data":"Catalyst","floor":15,"key":"SMITH"}],"circlet_count":0,"master_deck":["AscendersBane","Strike_G","Strike_G","Strike_G+1","Strike_G","Strike_G","Defend_G","Defend_G","Defend_G","Defend_G","Defend_G","Survivor","Neutralize+1","Flying Knee","Bouncing Flask","Finisher","Adrenaline","Catalyst+1","Caltrops","Burst","Escape Plan","Footwork","Footwork","Infinite Blades+1","Calculated Gamble+1","Choke","Pain","Caltrops+1"],"relics":["Ring of the Snake","Girya","Golden Idol","Meat on the Bone","Regal Pillow","SacredBark","Orrery","WarpedTongs"],"acts_visited":["Exordium","TheCity"],"potions_floor_usage":[7,13,16,22],"damage_taken":[{"damage":7,"enemies":"2 Louse","floor":1,"turns":3},{"damage":0,"enemies":"Small Slimes","floor":2,"turns":3},{"damage":11,"enemies":"Jaw Worm","floor":5,"turns":5},{"damage":12,"enemies":"Lagavulin","floor":7,"turns":5},{"damage":5,"enemies":"Large Slime","floor":10,"turns":4},{"damage":4,"enemies":"Gremlin Gang","floor":13,"turns":4},{"damage":6,"enemies":"Blue Slaver","floor":14,"turns":4},{"damage":22,"enemies":"Hexaghost","floor":16,"turns":8},{"damage":23,"enemies":"3 Byrds","floor":18,"turns":5},{"damage":22,"enemies":"Spheric Guardian","floor":21,"turns":5},{"damage":37,"enemies":"Shelled Parasite and Fungi","floor":22,"turns":1}],"seed_played":"2608484165572213453","potions_obtained":[{"floor":2,"key":"Strength Potion"},{"floor":10,"key":"Block Potion"},{"floor":13,"key":"Dexterity Potion"},{"floor":16,"key":"Strength Potion"},{"floor":18,"key":"Energy Potion"}],"is_trial":false,"path_per_floor":["M","M","?","?","M","R","E","R","T","M","$","?","M","M","R","B",null,"M","$","?","M","M"],"character_chosen":"THE_SILENT","items_purchased":["Orrery"],"campfire_rested":0,"item_purchase_floors":[19],"current_hp_per_floor":[52,52,52,32,21,21,9,9,9,16,16,16,24,30,30,20,55,44,44,44,34,0,0],"gold":49,"neow_bonus":"ONE_RARE_RELIC","is_daily":false,"chose_seed":false,"campfire_upgraded":1,"win_rate":0.0,"timestamp":1614255733,"path_taken":["M","M","?","?","M","R","E","R","T","M","$","?","M","?","R","BOSS","M","$","?","M","M"],"items_purchased_type":["Relic"],"build_version":"2020-12-18","purchased_purges":1,"victory":false,"max_hp_per_floor":[66,66,66,66,66,66,66,66,66,66,66,66,66,66,66,66,66,66,66,66,66,66,66],"relic_stats":{"Regal Pillow":0,"counters":[11,47],"Golden Idol":50,"obtain_stats":[{"Girya":0,"Regal Pillow":9,"Golden Idol":3,"SacredBark":17,"Orrery":19,"Ring of the Snake":0,"Meat on the Bone":7,"WarpedTongs":20},{"Girya":0,"Regal Pillow":4,"Golden Idol":2,"SacredBark":8,"Orrery":9,"Ring of the Snake":0,"Meat on the Bone":4,"WarpedTongs":9},{"Girya":0,"Regal Pillow":16,"Golden Idol":6,"SacredBark":36,"Orrery":41,"Ring of the Snake":0,"Meat on the Bone":16,"WarpedTongs":41}],"Ring of the Snake":[22],"Meat on the Bone":72,"WarpedTongs":[6]},"card_choices":[{"not_picked":["Dagger Throw","Setup"],"picked":"Flying Knee","floor":1},{"not_picked":["Deadly Poison","Bane","Outmaneuver"],"picked":"SKIP","floor":2},{"not_picked":["Underhanded Strike","Dagger Throw"],"picked":"Bouncing Flask","floor":5},{"not_picked":["Backflip","Slice"],"picked":"Finisher","floor":7},{"not_picked":["PiercingWail","Caltrops"],"picked":"Adrenaline","floor":10},{"not_picked":["Outmaneuver","Escape Plan"],"picked":"Catalyst","floor":13},{"not_picked":["Flying Knee","Dodge and Roll"],"picked":"Caltrops","floor":14},{"not_picked":["Die Die Die","Glass Knife"],"picked":"Burst","floor":16},{"not_picked":["Prepared","Deflect"],"picked":"Escape Plan","floor":18},{"not_picked":["Calculated Gamble","Sucker Punch"],"picked":"Footwork","floor":19},{"not_picked":["Finisher","Reflex"],"picked":"Footwork","floor":19},{"not_picked":["Sucker Punch","Crippling Poison"],"picked":"Infinite Blades+1","floor":19},{"not_picked":["Heel Hook","Envenom"],"picked":"Calculated Gamble+1","floor":19},{"not_picked":["Unload","Deflect"],"picked":"Choke","floor":19},{"not_picked":["Choke","Bane"],"picked":"Caltrops+1","floor":21}],"player_experience":1523960,"relics_obtained":[{"floor":7,"key":"Meat on the Bone"},{"floor":9,"key":"Regal Pillow"}],"event_choices":[{"damage_healed":0,"gold_gain":0,"player_choice":"Take Wound","damage_taken":0,"relics_obtained":["Golden Idol"],"max_hp_gain":0,"max_hp_loss":0,"event_name":"Golden Idol","floor":3,"gold_loss":0,"cards_obtained":["Injury"]},{"damage_healed":0,"gold_gain":0,"player_choice":"Entered Light","damage_taken":20,"max_hp_gain":0,"max_hp_loss":0,"event_name":"Shining Light","floor":4,"gold_loss":0,"cards_upgraded":["Strike_G","Neutralize"]},{"damage_healed":0,"gold_gain":0,"player_choice":"Ignored","damage_taken":0,"max_hp_gain":0,"max_hp_loss":0,"event_name":"Golden Wing","floor":12,"gold_loss":0},{"damage_healed":0,"gold_gain":0,"player_choice":"Rummage","damage_taken":0,"relics_obtained":["WarpedTongs"],"max_hp_gain":0,"max_hp_loss":0,"event_name":"Accursed Blacksmith","floor":20,"gold_loss":0,"cards_obtained":["Pain"]}],"is_beta":true,"boss_relics":[{"not_picked":["Busted Crown","Sozu"],"picked":"SacredBark"}],"items_purged_floors":[11],"is_endless":false,"potions_floor_spawned":[2,10,13,16,18],"killed_by":"Shelled Parasite and Fungi","ascension_level":19}}