{"host":"og21o26alpnbwmz8","time":1614288905,"event":{"mods":["100% Spire Juice","2.2 Compatiblity","Act Like it!","Aspiration","BaseMod","Conspire","Downfall","Gensokyo","Halation","Hermit","Hubris","Jedi Mod","Mimic Mod","Minty Spire (QoL Compilation)","Pale of the Ancients","Reliquary","Replay The Spire","Shop Mod","Spikes Relics","StSLib","The Alterego","The Animator","The Blue Laboratory","The Bug Knight","The Clintock","The Construct","Waifu the Spire","Yuri Mod"],"gold_per_floor":[111,111,186,30,46,46,76,93,118,118,129,153,172,189,189,189,189],"floor_reached":16,"language":"ENG","playtime":486,"items_purged":["Strike_B"],"score":102,"play_id":"5cd10fae-c140-4f30-a10f-842bfee71401","local_time":"20210225163505","is_ascension_mode":false,"campfire_choices":[{"data":"Discovery","floor":6,"key":"SMITH"},{"data":"Beam Cell","floor":15,"key":"SMITH"}],"circlet_count":0,"master_deck":["Strike_B","Strike_B","Strike_B","Defend_B","Defend_B","Defend_B","Defend_B","Zap","Dualcast+1","Discovery+1","Gash","FTL","Scrape","Reinforced Body","Beam Cell+1"],"relics":["Cracked Core","Prayer Wheel","Tiny Chest","Ancient Tea Set"],"acts_visited":["Exordium"],"potions_floor_usage":[7,16],"damage_taken":[{"damage":1,"enemies":"Jaw Worm","floor":1,"turns":2},{"damage":5,"enemies":"Small Slimes","floor":5,"turns":2},{"damage":35,"enemies":"Gremlin Nob","floor":7,"turns":4},{"damage":0,"enemies":"conspire:RoseBush","floor":8,"turns":3},{"damage":11,"enemies":"2 Fungi Beasts","floor":11,"turns":3},{"damage":2,"enemies":"Blue Slaver","floor":13,"turns":2},{"damage":3,"enemies":"Red Slaver","floor":14,"turns":2},{"damage":23,"enemies":"Fading Forest","floor":16,"turns":11}],"seed_played":"-6828175906518408863","potions_obtained":[{"floor":5,"key":"ColorlessPotion"},{"floor":11,"key":"AttackPotion"},{"floor":13,"key":"blueLaboratory:PlasmaFuel"},{"floor":14,"key":"jedi:coolantleak"}],"is_trial":false,"path_per_floor":["M","?","?","$","M","R","E","M","T","?","M","T","M","M","R","B"],"character_chosen":"DEFECT","items_purchased":["FTL"],"campfire_rested":0,"item_purchase_floors":[4],"current_hp_per_floor":[74,74,67,67,62,62,27,27,27,27,16,16,14,11,11,0,0],"gold":189,"neow_bonus":"RANDOM_COLORLESS","is_daily":false,"chose_seed":false,"campfire_upgraded":2,"win_rate":0.0,"timestamp":1614288905,"path_taken":["M","?","?","$","M","R","E","?","T","?","M","?","M","M","R","BOSS"],"items_purchased_type":["Card"],"build_version":"2020-12-22","purchased_purges":1,"victory":false,"max_hp_per_floor":[75,75,75,75,75,75,75,75,75,75,75,75,75,75,75,75,75],"card_choices":[{"not_picked":["ReplayTheSpireMod:Uncanny Aura","jedi:forcepull"],"picked":"Discovery","floor":0},{"not_picked":["Conserve Battery","Beam Cell"],"picked":"Gash","floor":1},{"not_picked":["Hello World","Barrage","Sweeping Beam"],"picked":"SKIP","floor":5},{"not_picked":["Streamline","Aggregate","Genetic Algorithm"],"picked":"SKIP","floor":7},{"not_picked":["Hologram","Creative AI"],"picked":"Scrape","floor":8},{"not_picked":["Auto Shields","jedi:sharpshooter","White Noise"],"picked":"SKIP","floor":8},{"not_picked":["jedi:BurstFrost","BasicCrystalCard"],"picked":"Reinforced Body","floor":11},{"not_picked":["Steam","jedi:BurstLightning","Auto Shields"],"picked":"SKIP","floor":11},{"not_picked":["jedi:blockon","Sweeping Beam","Stack"],"picked":"SKIP","floor":13},{"not_picked":["Compile Driver","jedi:locknload","Rainbow"],"picked":"SKIP","floor":13},{"not_picked":["Leap","ReplayTheSpireMod:GoodbyeWorld"],"picked":"Beam Cell","floor":14},{"not_picked":["jedi:BurstFrost","Consume","Rebound"],"picked":"SKIP","floor":14}],"player_experience":469891,"relics_obtained":[{"floor":7,"key":"Tiny Chest"},{"floor":9,"key":"Ancient Tea Set"}],"event_choices":[{"damage_healed":0,"gold_gain":0,"player_choice":"Ignored","damage_taken":0,"max_hp_gain":0,"max_hp_loss":0,"event_name":"Liars Game","floor":2,"gold_loss":0},{"damage_healed":0,"gold_gain":75,"player_choice":"Touch","damage_taken":7,"max_hp_gain":0,"max_hp_loss":0,"event_name":"FaceTrader","floor":3,"gold_loss":0}],"is_beta":false,"boss_relics":[],"items_purged_floors":[4],"is_endless":false,"potions_floor_spawned":[5,11,13,14],"killed_by":"Fading Forest","ascension_level":0}}