{"host":"dhv3u8yhd2rnugsp","time":1614283688,"event":{"mods":["BaseMod","Block Reminder","Colored Map","Googly Eyes","Highlight Path","Minty Spire (QoL Compilation)","Permanent Neow","Quick Restart","Random Character Button","StSLib"],"gold_per_floor":[118,118,131,131,131,131,149,162,162,162,173,185,185,185,185],"floor_reached":14,"language":"ENG","playtime":505,"items_purged":[],"score":164,"play_id":"9f84ce8f-6818-438e-8d21-241a22de36b9","local_time":"20210225140808","is_ascension_mode":true,"campfire_choices":[{"data":"Strike_G","floor":6,"key":"PURGE"},{"data":"Noxious Fumes","floor":10,"key":"SMITH"},{"data":"Strike_G","floor":13,"key":"PURGE"}],"circlet_count":0,"master_deck":["AscendersBane","Strike_G","Strike_G","Strike_G","Defend_G","Defend_G","Defend_G","Defend_G","Defend_G","Survivor","Neutralize","Poisoned Stab","Deadly Poison+1","PiercingWail","Noxious Fumes+1","Dagger Spray"],"relics":["Ring of the Snake","Peace Pipe","Happy Flower"],"acts_visited":["Exordium"],"potions_floor_usage":[14],"damage_taken":[{"damage":2,"enemies":"2 Louse","floor":1,"turns":3},{"damage":1,"enemies":"Small Slimes","floor":3,"turns":3},{"damage":0,"enemies":"Jaw Worm","floor":7,"turns":4},{"damage":0,"enemies":"Blue Slaver","floor":8,"turns":5},{"damage":7,"enemies":"Looter","floor":11,"turns":4},{"damage":6,"enemies":"Lots of Slimes","floor":12,"turns":3},{"damage":48,"enemies":"Gremlin Nob","floor":14,"turns":4}],"seed_played":"-6519857170727847707","potions_obtained":[{"floor":1,"key":"Dexterity Potion"},{"floor":7,"key":"Weak Potion"}],"is_trial":false,"path_per_floor":["M","?","M","?","$","R","M","M","T","R","M","M","R","E"],"character_chosen":"THE_SILENT","items_purchased":[],"campfire_rested":0,"item_purchase_floors":[],"current_hp_per_floor":[57,50,49,49,49,49,49,49,49,49,42,36,36,0,0],"gold":185,"neow_bonus":"ONE_RARE_RELIC","is_daily":false,"chose_seed":false,"campfire_upgraded":1,"win_rate":0.0,"timestamp":1614283688,"path_taken":["M","?","M","?","?","R","?","M","T","R","M","M","R","E"],"items_purchased_type":[],"build_version":"2020-12-22","purchased_purges":0,"victory":false,"max_hp_per_floor":[66,66,66,66,66,66,66,66,66,66,66,66,66,66,66],"card_choices":[{"not_picked":["Distraction","Slice"],"picked":"Poisoned Stab","floor":1},{"not_picked":["Distraction","Dash"],"picked":"Deadly Poison","floor":3},{"not_picked":["Deflect","Heel Hook"],"picked":"PiercingWail","floor":7},{"not_picked":["Outmaneuver","Blur"],"picked":"Noxious Fumes","floor":8},{"not_picked":["Poisoned Stab","Sucker Punch"],"picked":"Dagger Spray","floor":11},{"not_picked":["Underhanded Strike","Cloak And Dagger","Dagger Spray"],"picked":"SKIP","floor":12}],"player_experience":1696746,"relics_obtained":[{"floor":9,"key":"Happy Flower"}],"event_choices":[{"cards_removed":["Pain"],"damage_healed":0,"gold_gain":0,"player_choice":"Card Removal","damage_taken":7,"max_hp_gain":0,"max_hp_loss":0,"event_name":"Golden Wing","floor":2,"gold_loss":0},{"damage_healed":0,"gold_gain":0,"player_choice":"Grow","damage_taken":0,"max_hp_gain":0,"max_hp_loss":0,"event_name":"Living Wall","floor":4,"gold_loss":0,"cards_upgraded":["Deadly Poison"]}],"is_beta":false,"boss_relics":[],"items_purged_floors":[],"is_endless":false,"potions_floor_spawned":[1,7,11],"killed_by":"Gremlin Nob","ascension_level":20}}