{"host":"t0bo9kmlst92gdfh","time":1614225194,"event":{"mods":["BaseMod","Block Reminder","Colored Powertips","DeckTracker","Jorbs\u0027s Wanderer Trilogy","Minty Spire (QoL Compilation)","Relic Stats","StSLib"],"gold_per_floor":[114,114,130,130,130,156,156,184,210,210,64,92,66,66,66,66,66],"floor_reached":16,"language":"ENG","playtime":817,"items_purged":[],"score":114,"play_id":"10a6efb3-e6d2-405e-a039-e843718e314e","local_time":"20210224195314","is_ascension_mode":false,"campfire_choices":[{"floor":10,"key":"REST"},{"floor":15,"key":"REST"}],"circlet_count":0,"master_deck":["Strike_B+1","Strike_B","Strike_B+1","Defend_B","Defend_B","Defend_B","Defend_B","Zap","Dualcast","Electrodynamics","Genetic Algorithm+1","Loop","Buffer","Beam Cell","Ball Lightning"],"relics":["Cracked Core","Juzu Bracelet","Gambling Chip","Boot","Smiling Mask","Regal Pillow","Blood Vial","Pen Nib"],"acts_visited":["Exordium"],"potions_floor_usage":[6,6,8],"damage_taken":[{"damage":1,"enemies":"2 Louse","floor":1,"turns":2},{"damage":0,"enemies":"Small Slimes","floor":3,"turns":2},{"damage":12,"enemies":"Lagavulin","floor":6,"turns":5},{"damage":32,"enemies":"Gremlin Nob","floor":8,"turns":5},{"damage":26,"enemies":"Lagavulin","floor":12,"turns":7},{"damage":53,"enemies":"The Guardian","floor":16,"turns":9}],"seed_played":"-6336340725990345488","potions_obtained":[{"floor":1,"key":"DistilledChaos"},{"floor":3,"key":"Fire Potion"},{"floor":6,"key":"PowerPotion"}],"is_trial":false,"path_per_floor":["M","?","M","?","T","E","?","E","T","R","$","E","$","?","R","B"],"character_chosen":"DEFECT","items_purchased":["Blood Vial","Ball Lightning"],"campfire_rested":2,"item_purchase_floors":[11,13],"current_hp_per_floor":[74,74,74,62,62,50,43,11,11,48,48,24,24,9,46,0,0],"gold":66,"neow_bonus":"ONE_RANDOM_RARE_CARD","is_daily":false,"chose_seed":false,"campfire_upgraded":0,"win_rate":0.0,"timestamp":1614225194,"path_taken":["M","?","M","?","?","E","?","E","T","R","$","E","$","?","R","BOSS"],"items_purchased_type":["Relic","Card"],"build_version":"2020-12-22","purchased_purges":0,"victory":false,"max_hp_per_floor":[75,75,75,75,75,75,75,75,75,75,75,75,75,75,75,75,75],"relic_stats":{"Blood Vial":4,"Regal Pillow":30,"counters":[6,30],"Gambling Chip":[14],"Pen Nib":[0],"Juzu Bracelet":0,"Boot":[4],"Smiling Mask":0,"obtain_stats":[{"Blood Vial":11,"Regal Pillow":9,"Gambling Chip":5,"Pen Nib":12,"Juzu Bracelet":4,"Cracked Core":0,"Boot":6,"Smiling Mask":8},{"Blood Vial":4,"Regal Pillow":4,"Gambling Chip":2,"Pen Nib":5,"Juzu Bracelet":2,"Cracked Core":0,"Boot":3,"Smiling Mask":4},{"Blood Vial":14,"Regal Pillow":14,"Gambling Chip":4,"Pen Nib":21,"Juzu Bracelet":4,"Cracked Core":0,"Boot":9,"Smiling Mask":14}]},"card_choices":[{"not_picked":["Gash","Stack"],"picked":"Genetic Algorithm","floor":1},{"not_picked":["Steam Power","Gash","Coolheaded"],"picked":"SKIP","floor":3},{"not_picked":["Streamline","Ball Lightning"],"picked":"Loop","floor":6},{"not_picked":["Undo","Compile Driver"],"picked":"Buffer","floor":8},{"not_picked":["Blizzard","Heatsinks"],"picked":"Beam Cell","floor":12}],"player_experience":70172,"relics_obtained":[{"floor":5,"key":"Gambling Chip"},{"floor":6,"key":"Boot"},{"floor":8,"key":"Smiling Mask"},{"floor":9,"key":"Regal Pillow"},{"floor":12,"key":"Pen Nib"}],"event_choices":[{"damage_healed":0,"gold_gain":0,"player_choice":"Grow","damage_taken":0,"max_hp_gain":0,"max_hp_loss":0,"event_name":"Living Wall","floor":2,"gold_loss":0,"cards_upgraded":["Genetic Algorithm"]},{"damage_healed":0,"gold_gain":0,"player_choice":"Success","damage_taken":12,"relics_obtained":["Juzu Bracelet"],"max_hp_gain":0,"max_hp_loss":0,"event_name":"Scrap Ooze","floor":4,"gold_loss":0},{"cards_removed":["Strike_B"],"damage_healed":0,"gold_gain":0,"player_choice":"Card Removal","damage_taken":7,"max_hp_gain":0,"max_hp_loss":0,"event_name":"Golden Wing","floor":7,"gold_loss":0},{"damage_healed":0,"gold_gain":0,"player_choice":"Entered Light","damage_taken":15,"max_hp_gain":0,"max_hp_loss":0,"event_name":"Shining Light","floor":14,"gold_loss":0,"cards_upgraded":["Strike_B","Strike_B"]}],"is_beta":false,"boss_relics":[],"items_purged_floors":[],"is_endless":false,"potions_floor_spawned":[1,3,6],"killed_by":"The Guardian","ascension_level":0}}