{"host":"krw8blyxua7at9ak","time":1614277442,"event":{"mods":["BaseMod","Highlight Path","Minty Spire (QoL Compilation)","ojb\u0027s Info Mod"],"gold_per_floor":[117,42,42,54,54,98,98,98,123,152,171,193,235,250,250,250,250],"floor_reached":16,"language":"ENG","playtime":485,"items_purged":[],"score":290,"play_id":"40e9ab2b-2ee8-4f57-a59d-f0766da58dd9","local_time":"20210225192402","is_ascension_mode":true,"campfire_choices":[{"data":"Wraith Form v2","floor":7,"key":"SMITH"},{"floor":15,"key":"REST"}],"circlet_count":0,"master_deck":["AscendersBane","Strike_G","Strike_G","Strike_G","Strike_G","Defend_G","Defend_G","Defend_G","Defend_G","Survivor","Neutralize","Underhanded Strike","Blade Dance","Wraith Form v2+1","Choke","Cloak And Dagger","Adrenaline"],"relics":["Ring of the Snake","NeowsBlessing","CeramicFish","TungstenRod","Akabeko"],"acts_visited":["Exordium"],"potions_floor_usage":[10,10,16],"damage_taken":[{"damage":0,"enemies":"2 Louse","floor":1,"turns":1},{"damage":0,"enemies":"Jaw Worm","floor":4,"turns":1},{"damage":0,"enemies":"Gremlin Nob","floor":6,"turns":1},{"damage":21,"enemies":"Lagavulin","floor":10,"turns":10},{"damage":0,"enemies":"Small Slimes","floor":11,"turns":4},{"damage":0,"enemies":"Exordium Thugs","floor":12,"turns":5},{"damage":34,"enemies":"Gremlin Nob","floor":13,"turns":6},{"damage":0,"enemies":"Looter","floor":14,"turns":2},{"damage":26,"enemies":"The Guardian","floor":16,"turns":10}],"seed_played":"8805379945648345276","potions_obtained":[{"floor":4,"key":"Poison Potion"},{"floor":6,"key":"CunningPotion"},{"floor":14,"key":"SkillPotion"}],"is_trial":false,"path_per_floor":["M","?","?","M","?","E","R","?","T","E","M","M","E","M","R","B"],"character_chosen":"THE_SILENT","items_purchased":[],"campfire_rested":1,"item_purchase_floors":[],"current_hp_per_floor":[59,59,52,52,57,57,57,57,57,36,36,36,2,2,23,0,0],"gold":250,"neow_bonus":"THREE_ENEMY_KILL","is_daily":false,"chose_seed":false,"campfire_upgraded":1,"win_rate":0.0,"timestamp":1614277442,"path_taken":["M","?","?","M","?","E","R","?","T","E","M","M","E","?","R","BOSS"],"items_purchased_type":[],"build_version":"2020-12-22","purchased_purges":0,"victory":false,"max_hp_per_floor":[66,66,66,66,71,71,71,71,71,71,71,71,71,71,71,71,71],"card_choices":[{"not_picked":["Outmaneuver","Infinite Blades"],"picked":"Underhanded Strike","floor":1},{"not_picked":["Backflip","Poisoned Stab"],"picked":"Blade Dance","floor":4},{"not_picked":["Well Laid Plans","Underhanded Strike"],"picked":"Wraith Form v2","floor":6},{"not_picked":["Underhanded Strike","Catalyst","Dodge and Roll"],"picked":"SKIP","floor":10},{"not_picked":["Bouncing Flask","Dodge and Roll"],"picked":"Choke","floor":11},{"not_picked":["Dagger Spray","Sucker Punch"],"picked":"Cloak And Dagger","floor":12},{"not_picked":["Deadly Poison","Poisoned Stab"],"picked":"Adrenaline","floor":13},{"not_picked":["Heel Hook","Riddle With Holes","Skewer"],"picked":"SKIP","floor":14}],"player_experience":421532,"relics_obtained":[{"floor":6,"key":"CeramicFish"},{"floor":10,"key":"TungstenRod"},{"floor":13,"key":"Akabeko"}],"event_choices":[{"cards_removed":["Strike_G"],"damage_healed":0,"gold_gain":0,"player_choice":"Card Removal","damage_taken":0,"max_hp_gain":0,"max_hp_loss":0,"event_name":"The Cleric","floor":2,"gold_loss":75},{"cards_removed":["Defend_G"],"damage_healed":0,"gold_gain":0,"player_choice":"Card Removal","damage_taken":7,"max_hp_gain":0,"max_hp_loss":0,"event_name":"Golden Wing","floor":3,"gold_loss":0},{"damage_healed":0,"gold_gain":0,"player_choice":"Donut","damage_taken":0,"max_hp_gain":5,"max_hp_loss":0,"event_name":"Big Fish","floor":5,"gold_loss":0},{"damage_healed":0,"gold_gain":0,"player_choice":"Ignored","damage_taken":0,"max_hp_gain":0,"max_hp_loss":0,"event_name":"Liars Game","floor":8,"gold_loss":0}],"is_beta":false,"boss_relics":[],"items_purged_floors":[],"is_endless":false,"potions_floor_spawned":[4,6,14],"killed_by":"The Guardian","ascension_level":20}}