{"host":"liwj66r6jjqhm4vi","time":1614268901,"event":{"mods":["BaseMod","Colored Map","Downfall","Minty Spire (QoL Compilation)","StSLib"],"gold_per_floor":[99,110,156,156,7,23,23,23,52,52,79,96,96,123,134,235,235,135,145,145,157,176,205,205,231,131,148,22,34,34,134,154,251,251,151,171,171,94,144,144,144,154,168,195,213,259,259,273,290,290,290,320,46,46,46,46,46,46],"floor_reached":56,"language":"ENG","playtime":3169,"items_purged":["champ:Execute","champ:Defend","champ:Defend"],"score":937,"play_id":"2decd533-d975-4e01-8545-264a02e557c3","local_time":"20210225110141","is_ascension_mode":false,"campfire_choices":[{"data":"champ:Taunt","floor":1,"key":"SMITH"},{"data":"champ:StanceDance","floor":8,"key":"SMITH"},{"data":"champ:PerfectedStrike","floor":10,"key":"SMITH"},{"data":"champ:PerfectedStrike","floor":13,"key":"SMITH"},{"floor":18,"key":"RECALL"},{"data":"champ:PerfectedStrike","floor":26,"key":"SMITH"},{"data":"champ:HoldFirm","floor":30,"key":"SMITH"},{"data":"champ:AdrenalArmor","floor":35,"key":"SMITH"},{"floor":47,"key":"DIG"},{"floor":54,"key":"DIG"}],"circlet_count":0,"master_deck":["champ:Strike+1","champ:Strike","champ:Strike","champ:Strike","champ:Defend","champ:Defend","champ:Taunt+1","champ:RapidStrikes","champ:DeathBlow","champ:RisingSlash+1","champ:StanceDance+1","champ:EnGarde+1","champ:Endure","champ:PerfectedStrike+1","champ:Haymaker","champ:PerfectedStrike+1","champ:AdrenalArmor+1","champ:EnGarde+1","champ:HoldFirm+1","champ:PerfectedStrike+1","champ:PerfectedStrike+1","champ:AdrenalArmor+1","champ:FaceSlap+1","champ:TornadoPunch+1","champ:PerfectedStrike+1","champ:VampiricStrike+1","champ:StanceDance+1","expansioncontent:QuickStudy","champ:PerfectedStrike+1","champ:IgnorePain","champ:PerfectedStrike+1","champ:PerfectedStrike+1"],"relics":["champ:ChampionCrown","Bird Faced Urn","Bag of Marbles","HornCleat","Bronze Scales","Calipers","White Beast Statue","Philosopher\u0027s Stone","downfall:HeartBlessingGreen","Meat on the Bone","Molten Egg 2","downfall:HeartBlessingBlue","champ:BlackKnightHelmet","Ornamental Fan","bronze:MakeshiftBattery","downfall:HeartBlessingRed","War Paint","Gambling Chip","Bag of Preparation","Whetstone","Shovel","Strawberry","Sundial","Medical Kit","InkBottle"],"acts_visited":["Exordium","TheCity","TheBeyond","TheEnding"],"potions_floor_usage":[15,25,28,33,33,33,55,55,56],"damage_taken":[{"damage":20,"enemies":"Cultist","floor":2,"turns":3},{"damage":15,"enemies":"downfall:FleeingMerchant","floor":5,"turns":4},{"damage":21,"enemies":"Jaw Worm","floor":6,"turns":3},{"damage":40,"enemies":"Gremlin Nob","floor":9,"turns":4},{"damage":38,"enemies":"Lagavulin","floor":11,"turns":4},{"damage":10,"enemies":"Small Slimes","floor":12,"turns":3},{"damage":25,"enemies":"Gremlin Nob","floor":14,"turns":3},{"damage":5,"enemies":"2 Fungi Beasts","floor":15,"turns":2},{"damage":27,"enemies":"IC_STATUS_ARCHETYPE","floor":16,"turns":5},{"damage":14,"enemies":"downfall:LooterAlt2","floor":19,"turns":3},{"damage":18,"enemies":"Shell Parasite","floor":21,"turns":3},{"damage":0,"enemies":"Snecko","floor":22,"turns":1},{"damage":2,"enemies":"Book of Stabbing","floor":23,"turns":4},{"damage":13,"enemies":"Slavers","floor":25,"turns":2},{"damage":20,"enemies":"Centurion and Healer","floor":27,"turns":3},{"damage":31,"enemies":"downfall:FleeingMerchant","floor":28,"turns":4},{"damage":0,"enemies":"Snake Plant","floor":29,"turns":1},{"damage":10,"enemies":"Snake Plant","floor":31,"turns":4},{"damage":0,"enemies":"Sentry and Sphere","floor":32,"turns":3},{"damage":26,"enemies":"DF_ARCHETYPE_CLAW","floor":33,"turns":6},{"damage":10,"enemies":"3 Shapes","floor":36,"turns":2},{"damage":0,"enemies":"downfall:FleeingMerchant","floor":38,"turns":1},{"damage":35,"enemies":"downfall:FleeingMerchant","floor":39,"turns":4},{"damage":5,"enemies":"3 Darklings","floor":42,"turns":2},{"damage":0,"enemies":"Maw","floor":43,"turns":3},{"damage":0,"enemies":"Reptomancer","floor":44,"turns":3},{"damage":5,"enemies":"Sphere and 2 Shapes","floor":45,"turns":3},{"damage":0,"enemies":"2 Orb Walkers","floor":46,"turns":2},{"damage":0,"enemies":"3 Darklings","floor":48,"turns":2},{"damage":0,"enemies":"Writhing Mass","floor":49,"turns":1},{"damage":34,"enemies":"WA_ARCHETYPE_DIVINITY","floor":50,"turns":5},{"damage":20,"enemies":"downfall:CharBossMerchant","floor":52,"turns":3},{"damage":116,"enemies":"downfall:NeowBoss","floor":55,"turns":13},{"damage":79,"enemies":"downfall:NeowBossFinal","floor":56,"turns":5}],"seed_played":"8422725942725063217","potions_obtained":[{"floor":6,"key":"champ:CounterPotion"},{"floor":11,"key":"EssenceOfSteel"},{"floor":14,"key":"champ:CounterPotion"},{"floor":15,"key":"hexamod:SoulburnPotion"},{"floor":16,"key":"Swift Potion"},{"floor":19,"key":"champ:TechniquePotion"},{"floor":21,"key":"DistilledChaos"},{"floor":25,"key":"bronze:BurnAndBuffPotion"},{"floor":28,"key":"GamblersBrew"},{"floor":32,"key":"champ:OpenerPotion"},{"floor":33,"key":"sneckomod:MuddlingPotion"},{"floor":36,"key":"champ:OpenerPotion"},{"floor":38,"key":"Strength Potion"},{"floor":39,"key":"FearPotion"},{"floor":42,"key":"Swift Potion"},{"floor":44,"key":"BlessingOfTheForge"},{"floor":45,"key":"DuplicationPotion"}],"is_trial":false,"path_per_floor":["R","M","T","?","$","M","T","R","E","R","E","M","R","E","M","B",null,"R","M","?","M","M","E","T","E","R","M","$","M","R","?","M","B",null,"R","M","?","$","?","?","T","M","M","E","M","?","R","M","M","B",null,"E","$","R","B","B"],"character_chosen":"THE_CHAMP","items_purchased":["champ:RisingSlash","champ:StanceDance","champ:EnGarde","champ:FaceSlap+1","War Paint","expansioncontent:QuickStudy","Medical Kit"],"campfire_rested":0,"item_purchase_floors":[5,5,5,28,38,38,53],"current_hp_per_floor":[63,63,63,63,58,52,52,52,52,52,39,39,39,39,39,32,90,90,86,86,78,78,76,76,73,83,83,77,77,77,77,77,56,100,100,100,100,100,100,100,100,100,100,100,100,100,107,107,107,98,107,107,107,107,58,0,0,0],"gold":46,"neow_bonus":"ONE_RARE_RELIC","is_daily":false,"chose_seed":false,"campfire_upgraded":7,"win_rate":0.0,"timestamp":1614268901,"path_taken":["R","M","?","?","$","M","T","R","E","R","E","?","R","E","M","BOSS","R","?","?","M","M","E","T","E","R","?","$","M","R","?","M","BOSS","R","M","?","$","?","?","T","M","M","E","?","?","R","M","M","BOSS","E","$","R","BOSS","BOSS"],"items_purchased_type":["Card","Card","Card","Card","Relic","Card","Relic"],"build_version":"2020-12-22","purchased_purges":3,"victory":false,"max_hp_per_floor":[90,90,90,90,90,90,90,90,90,90,90,90,90,90,90,90,90,90,90,90,90,90,90,90,90,100,100,100,100,100,100,100,100,100,100,100,100,100,100,100,100,100,100,100,100,100,107,107,107,107,107,107,107,107,107,107,107,107],"card_choices":[{"not_picked":["champ:BerserkersShout","champ:DefensiveShout"],"picked":"champ:RapidStrikes","floor":2},{"not_picked":["champ:GutPunch","champ:BringItOn"],"picked":"champ:DeathBlow","floor":5},{"not_picked":["champ:BerserkersShout","champ:RecklessLeap"],"picked":"champ:Endure","floor":6},{"not_picked":["champ:DefensiveShout","champ:EnGarde"],"picked":"champ:PerfectedStrike","floor":9},{"not_picked":["champ:ViciousMockery","champ:Shatter"],"picked":"champ:Haymaker","floor":11},{"not_picked":["champ:BringItOn","champ:ShieldSlam"],"picked":"champ:PerfectedStrike","floor":12},{"not_picked":["champ:FocusedBerserking","champ:HeartStrike"],"picked":"champ:AdrenalArmor","floor":14},{"not_picked":["champ:GutPunch","champ:PreciseThrust"],"picked":"champ:EnGarde","floor":15},{"not_picked":["champ:CheapShot","champ:LastStand"],"picked":"champ:HoldFirm","floor":16},{"not_picked":["champ:TornadoPunch","champ:FlashCut"],"picked":"champ:PerfectedStrike","floor":19},{"not_picked":["champ:DefensiveShout+1","champ:FlashCut","champ:GutPunch"],"picked":"SKIP","floor":21},{"not_picked":["champ:HoldFirm","champ:CrownThrow"],"picked":"champ:PerfectedStrike","floor":22},{"not_picked":["champ:Endure+1","champ:BringItOn","champ:IronFortress"],"picked":"SKIP","floor":23},{"not_picked":["champ:SetATrap","champ:Backstep"],"picked":"champ:PerfectedStrike+1","floor":25},{"not_picked":["champ:CrownThrow+1","champ:PreciseThrust+1"],"picked":"champ:AdrenalArmor+1","floor":27},{"not_picked":["champ:DefensiveStyle","champ:IronFortress","champ:Parry+1"],"picked":"SKIP","floor":28},{"not_picked":["champ:HeavySlash+1","champ:FanOfKnives+1"],"picked":"champ:TornadoPunch+1","floor":29},{"not_picked":["champ:DefensiveShout","champ:ShieldWall+1"],"picked":"champ:PerfectedStrike+1","floor":32},{"not_picked":["champ:LastStand","champ:IgnorePain"],"picked":"champ:VampiricStrike+1","floor":33},{"not_picked":["champ:Shatter+1","champ:ShieldSlam","champ:PreciseThrust+1"],"picked":"SKIP","floor":36},{"not_picked":["champ:CrookedStrike+1","champ:FocusedDefense"],"picked":"champ:StanceDance+1","floor":38},{"not_picked":["champ:Endure","champ:PreciseThrust+1"],"picked":"champ:PerfectedStrike+1","floor":39},{"not_picked":["champ:ShieldWall","champ:StanceDance"],"picked":"champ:IgnorePain","floor":42},{"not_picked":["champ:EnGarde","champ:Backstep"],"picked":"champ:PerfectedStrike+1","floor":43},{"not_picked":["champ:FlashCut+1","champ:GutPunch+1","champ:PreciseThrust+1"],"picked":"SKIP","floor":44},{"not_picked":["champ:TornadoPunch+1","champ:Haymaker+1"],"picked":"champ:PerfectedStrike+1","floor":45},{"not_picked":["champ:BladeFlurry+1","champ:PreciseThrust+1","champ:AdrenalArmor"],"picked":"SKIP","floor":48},{"not_picked":["champ:ShieldWall","champ:StanceDance","champ:MurderStrike+1"],"picked":"SKIP","floor":49},{"not_picked":["champ:SkillfulDodge+1","champ:BringItOn+1","champ:GutPunch+1"],"picked":"SKIP","floor":52}],"player_experience":194260,"relics_obtained":[{"floor":3,"key":"Bag of Marbles"},{"floor":7,"key":"HornCleat"},{"floor":9,"key":"Bronze Scales"},{"floor":11,"key":"Calipers"},{"floor":14,"key":"White Beast Statue"},{"floor":23,"key":"Meat on the Bone"},{"floor":25,"key":"Molten Egg 2"},{"floor":31,"key":"champ:BlackKnightHelmet"},{"floor":31,"key":"Ornamental Fan"},{"floor":39,"key":"Gambling Chip"},{"floor":41,"key":"Bag of Preparation"},{"floor":44,"key":"Whetstone"},{"floor":46,"key":"Shovel"},{"floor":47,"key":"Strawberry"},{"floor":52,"key":"Sundial"},{"floor":54,"key":"InkBottle"}],"event_choices":[{"damage_healed":0,"gold_gain":0,"player_choice":"Ignored","damage_taken":0,"max_hp_gain":0,"max_hp_loss":0,"event_name":"NoteForYourself","floor":4,"gold_loss":0},{"cards_removed":["champ:PerfectedStrike"],"damage_healed":0,"gold_gain":0,"player_choice":"Removed Attack","damage_taken":0,"max_hp_gain":0,"max_hp_loss":0,"event_name":"Falling","floor":37,"gold_loss":0},{"damage_healed":0,"gold_gain":0,"player_choice":"Fight","damage_taken":0,"max_hp_gain":0,"max_hp_loss":0,"event_name":"Mysterious Sphere","floor":46,"gold_loss":0}],"is_beta":false,"boss_relics":[{"not_picked":["Astrolabe","champ:ChampionCrownUpgraded"],"picked":"Philosopher\u0027s Stone"},{"not_picked":["Black Star","Runic Dome"],"picked":"bronze:MakeshiftBattery"}],"items_purged_floors":[28,38,53],"is_endless":false,"potions_floor_spawned":[6,11,14,15,16,19,21,22,23,25,27,28,29,31,32,33,36,38,39,42,43,44,45,46,48,49,52],"killed_by":"downfall:NeowBossFinal","ascension_level":0}}