{"host":"t5vp0whyqzs05fb6","time":1614253166,"event":{"mods":["AchievementEnabler","BaseMod","Colored Map","Minty Spire (QoL Compilation)","Rare Cards Sparkle","SuperFastMode","everything is the same but u backflip on backflip"],"gold_per_floor":[115,129,139,239,48,48,93,93,120,136,201,219,263,263,263,363,363,433,475,537,537,44,44,107,107,107,107,107],"floor_reached":27,"language":"KOR","playtime":697,"items_purged":["Strike_R"],"score":211,"play_id":"078f84de-fe12-41c6-b02d-7c9daedef103","local_time":"20210225203926","is_ascension_mode":false,"campfire_choices":[{"data":"HandOfGreed","floor":6,"key":"SMITH"},{"data":"Shockwave","floor":8,"key":"SMITH"},{"data":"Hemokinesis","floor":15,"key":"SMITH"},{"data":"Corruption","floor":23,"key":"SMITH"}],"circlet_count":0,"master_deck":["Strike_R","Strike_R","Defend_R","Defend_R","Defend_R","Defend_R","Bash","Hemokinesis+1","Shockwave+1","HandOfGreed+1","Uppercut","Corruption+1","Pommel Strike","Second Wind","Barricade","Shrug It Off+1","Seeing Red+1","Armaments","Offering","Carnage","Battle Trance","Feel No Pain"],"relics":["Burning Blood","Bag of Marbles","Potion Belt","Mark of Pain","Ginger","Shuriken"],"acts_visited":["Exordium","TheCity"],"potions_floor_usage":[11,21],"damage_taken":[{"damage":0,"enemies":"Small Slimes","floor":1,"turns":4},{"damage":3,"enemies":"Cultist","floor":2,"turns":3},{"damage":0,"enemies":"2 Louse","floor":3,"turns":3},{"damage":9,"enemies":"Blue Slaver","floor":7,"turns":3},{"damage":11,"enemies":"Large Slime","floor":10,"turns":3},{"damage":14,"enemies":"Gremlin Gang","floor":11,"turns":4},{"damage":11,"enemies":"Blue Slaver","floor":12,"turns":4},{"damage":10,"enemies":"2 Fungi Beasts","floor":13,"turns":3},{"damage":44,"enemies":"The Guardian","floor":16,"turns":10},{"damage":30,"enemies":"3 Byrds","floor":18,"turns":6},{"damage":19,"enemies":"Spheric Guardian","floor":19,"turns":4},{"damage":16,"enemies":"Chosen and Byrds","floor":20,"turns":5},{"damage":0,"enemies":"Shelled Parasite and Fungi","floor":21,"turns":1},{"damage":33,"enemies":"3 Cultists","floor":24,"turns":5},{"damage":22,"enemies":"Cultist and Chosen","floor":27,"turns":4}],"seed_played":"7027022318185978236","potions_obtained":[{"floor":2,"key":"FearPotion"},{"floor":3,"key":"SpeedPotion"},{"floor":10,"key":"Ancient Potion"},{"floor":16,"key":"Ancient Potion"},{"floor":20,"key":"SmokeBomb"}],"is_trial":false,"path_per_floor":["M","M","M","?","$","R","M","R","T","M","M","M","M","?","R","B",null,"M","M","M","M","$","R","M","?","T","M"],"character_chosen":"IRONCLAD","items_purchased":["HandOfGreed","Armaments","Offering","Ginger"],"campfire_rested":0,"item_purchase_floors":[5,22,22,22],"current_hp_per_floor":[80,80,80,80,80,80,77,77,77,72,64,59,55,55,55,17,80,56,43,33,39,39,39,12,12,12,0,0],"gold":107,"neow_bonus":"RANDOM_COMMON_RELIC","is_daily":false,"chose_seed":false,"campfire_upgraded":4,"win_rate":0.0,"timestamp":1614253166,"path_taken":["M","M","M","?","$","R","M","R","T","M","?","M","M","?","R","BOSS","M","M","M","?","$","R","M","?","T","M"],"items_purchased_type":["Card","Card","Card","Relic"],"build_version":"2020-12-22","purchased_purges":1,"victory":false,"max_hp_per_floor":[80,80,80,80,80,80,80,80,80,80,80,80,80,80,80,80,80,80,80,80,80,80,80,80,80,80,80,80],"card_choices":[{"not_picked":["Twin Strike","Metallicize"],"picked":"Hemokinesis","floor":1},{"not_picked":["Rage","Warcry"],"picked":"Shockwave","floor":2},{"not_picked":["Headbutt","Armaments","Reckless Charge"],"picked":"SKIP","floor":3},{"not_picked":["Searing Blow","Flex","Infernal Blade"],"picked":"SKIP","floor":7},{"not_picked":["Armaments","True Grit"],"picked":"Uppercut","floor":10},{"not_picked":["Twin Strike","True Grit"],"picked":"Corruption","floor":11},{"not_picked":["Sever Soul","Bloodletting"],"picked":"Pommel Strike","floor":12},{"not_picked":["Entrench","Havoc"],"picked":"Second Wind","floor":13},{"not_picked":["Feed","Offering"],"picked":"Barricade","floor":16},{"not_picked":["Flex","Sever Soul"],"picked":"Shrug It Off+1","floor":18},{"not_picked":["Uppercut","Sword Boomerang"],"picked":"Seeing Red+1","floor":19},{"not_picked":["Cleave","Warcry","Clothesline"],"picked":"SKIP","floor":20},{"not_picked":["Dropkick","Heavy Blade"],"picked":"Carnage","floor":24}],"player_experience":243898,"relics_obtained":[{"floor":9,"key":"Potion Belt"},{"floor":26,"key":"Shuriken"}],"event_choices":[{"damage_healed":0,"gold_gain":100,"player_choice":"Pray","damage_taken":0,"max_hp_gain":0,"max_hp_loss":0,"event_name":"Golden Shrine","floor":4,"gold_loss":0},{"damage_healed":0,"gold_gain":0,"player_choice":"Bought 0 Potions","damage_taken":0,"max_hp_gain":0,"max_hp_loss":0,"event_name":"The Woman in Blue","floor":14,"gold_loss":0},{"damage_healed":0,"gold_gain":0,"cards_transformed":["Strike_R","Strike_R"],"player_choice":"Became Test Subject","damage_taken":0,"max_hp_gain":0,"max_hp_loss":0,"event_name":"Drug Dealer","floor":25,"gold_loss":0,"cards_obtained":["Battle Trance","Feel No Pain"]}],"is_beta":false,"boss_relics":[{"not_picked":["SacredBark","Ectoplasm"],"picked":"Mark of Pain"}],"items_purged_floors":[22],"is_endless":false,"potions_floor_spawned":[2,3,10,16,20,21],"killed_by":"Cultist and Chosen","ascension_level":0}}