{"host":"g40mznrtwxqyj1ow","time":1614290080,"event":{"mods":["BaseMod","BetterRewards","Colored Map","Conspire","Hermit","Highlight Path","Hubris","Marisa????????","Minty Spire (QoL Compilation)","Replay The Spire","Robot Space Explorer","Shop Mod","StSLib","The Bug Knight","The Construct","The Cursed","The Jungle","The Marked","The Mystic","The Necromancer","The Runesmith","The Servant 0.9.4","[IsaacMod]????"],"gold_per_floor":[110,110,126,51,67,67,101,116,116,127,160,110,135,46,46,160,160,174,174,241,259,296,296,344,344,344,344,379,407,407,436,436,527,527,556,456,120,120,120,146,158,168,243,243,89,126,136,163,163,166,166,166,16,49,49,49],"floor_reached":55,"language":"ENG","playtime":3967,"items_purged":["Strike_G","ReplayTheSpireMod:Restless Dread","Shame","Strike_G"],"score":1802,"play_id":"f12d373d-7259-4d2e-b771-896f77c3a536","local_time":"20210225225440","is_ascension_mode":true,"campfire_choices":[{"data":"Footwork","floor":6,"key":"SMITH"},{"data":"conspire:Banana","floor":15,"key":"SMITH"},{"data":"ReplayTheSpireMod:From All Sides","floor":23,"key":"SMITH"},{"data":"Adrenaline","floor":30,"key":"SMITH"},{"floor":32,"key":"REST"},{"floor":49,"key":"RECALL"},{"data":"ReplayTheSpireMod:From All Sides","floor":52,"key":"SMITH"}],"circlet_count":0,"master_deck":["Strike_G","Defend_G","Defend_G","Defend_G","Defend_G","Defend_G","Survivor","Neutralize","BloodyBrimstone","Footwork+1","Bouncing Flask","Bane","hubris:SlightOfHand","ReplayTheSpireMod:From All Sides+1","Expertise","conspire:SpireCoStock","Acrobatics","conspire:Banana+1","Night Terror","Cloak And Dagger+1","Calculated Gamble","Dagger Throw+1","Adrenaline+1","Backstab+1","Backflip+1","PiercingWail+1","Replay:Bag of Tricks","ReplayTheSpireMod:From All Sides+1","hubris:Counter+1","Noxious Fumes","Acrobatics+1","Adrenaline+1","Burst","Blade Dance+1","Escape Plan","Acrobatics","Pot Of Greed","Pot Of Greed","Pot Of Greed","Pot Of Greed","Cloak And Dagger+1"],"relics":["Ring of the Snake","HushsDoor","GuppysTail","Ring of Fury","Ring of Panic","Gambling Chip","Replay:WaspNest","Kunai","TheBean","construct:ClawGrip","theJungle:PaperFaux","Replay:Baseball","Onion Ring","ReplayTheSpireMod:Ninjato","Replay:PocketPolymizer","Sozu","Incubus","Toolbox","Ancient Tea Set","Paper Crane","DollysMirror","Strawberry","Bottled Flame","Grinning Jar"],"acts_visited":["Exordium","Exordium","TheBeyond","TheEnding"],"potions_floor_usage":[7,13,13,22,24,50,50,55],"damage_taken":[{"damage":0,"enemies":"Small Slimes","floor":1,"turns":1},{"damage":0,"enemies":"2 Louse","floor":3,"turns":1},{"damage":4,"enemies":"Cultist","floor":5,"turns":3},{"damage":0,"enemies":"Gremlin Nob","floor":7,"turns":2},{"damage":0,"enemies":"Red Slaver","floor":8,"turns":2},{"damage":0,"enemies":"Exordium Wildlife","floor":10,"turns":1},{"damage":0,"enemies":"3 Sentries","floor":11,"turns":2},{"damage":0,"enemies":"Lagavulin","floor":13,"turns":3},{"damage":16,"enemies":"The Guardian","floor":16,"turns":7},{"damage":22,"enemies":"Shell Parasite","floor":18,"turns":4},{"damage":6,"enemies":"theJungle:5_Spyders","floor":20,"turns":9},{"damage":0,"enemies":"theJungle:JungleHuntersEncounter","floor":21,"turns":2},{"damage":0,"enemies":"theJungle:2_Snecko_Cultists","floor":22,"turns":3},{"damage":8,"enemies":"theJungle:Cassacara","floor":24,"turns":5},{"damage":0,"enemies":"theJungle:MamaSnecko","floor":28,"turns":3},{"damage":8,"enemies":"theJungle:SlimyTreeVines","floor":29,"turns":3},{"damage":8,"enemies":"theJungle:2_Phrogs","floor":31,"turns":5},{"damage":0,"enemies":"theJungle:QueenSpyder","floor":33,"turns":6},{"damage":0,"enemies":"3 Shapes","floor":35,"turns":1},{"damage":12,"enemies":"Reptomancer","floor":40,"turns":3},{"damage":9,"enemies":"3 Darklings","floor":41,"turns":3},{"damage":0,"enemies":"Transient","floor":42,"turns":2},{"damage":0,"enemies":"Nemesis","floor":46,"turns":3},{"damage":0,"enemies":"Jaw Worm Horde","floor":47,"turns":2},{"damage":0,"enemies":"Giant Head","floor":48,"turns":2},{"damage":14,"enemies":"Awakened One","floor":50,"turns":7},{"damage":7,"enemies":"Shield and Spear","floor":54,"turns":3},{"damage":42,"enemies":"Delirium","floor":55,"turns":5}],"seed_played":"2042933643418755553","potions_obtained":[{"floor":3,"key":"Languid Potion"},{"floor":5,"key":"Dexterity Potion"},{"floor":8,"key":"BlessingOfTheForge"},{"floor":10,"key":"Weak Potion"},{"floor":21,"key":"Block Potion"},{"floor":22,"key":"Swift Potion"},{"floor":31,"key":"ColorlessPotion"},{"floor":33,"key":"GamblersBrew"}],"is_trial":false,"path_per_floor":["M","?","M","$","M","R","E","M","T","M","E","?","E","$","R","B",null,"M","?","M","M","M","R","E","?","T","?","E","M","R","E","R","B",null,"M","$","$","?","$","E","M","M","T","T","$","E","M","E","R","B",null,"R","$","E","B"],"character_chosen":"THE_SILENT","items_purchased":["Footwork","conspire:Banana","Incubus","ReplayTheSpireMod:From All Sides","hubris:Counter+1","Toolbox","DollysMirror"],"campfire_rested":1,"item_purchase_floors":[0,14,34,34,37,37,45],"current_hp_per_floor":[63,63,63,63,59,59,59,59,59,59,58,58,55,55,55,41,53,33,33,29,31,31,31,25,25,25,33,33,30,30,24,43,51,45,42,42,42,42,42,30,21,23,23,23,23,32,32,32,32,20,46,46,46,41,0,0],"gold":49,"neow_bonus":"","is_daily":false,"chose_seed":false,"campfire_upgraded":5,"win_rate":0.0,"timestamp":1614290080,"path_taken":["M","?","?","?","M","R","E","M","T","M","E","?","E","$","R","BOSS","M","?","?","M","M","R","E","?","T","?","E","M","R","E","R","BOSS","M","?","$","?","?","E","?","?","T","?","$","E","M","E","R","BOSS","R","$","E","BOSS"],"items_purchased_type":["Card","Card","Relic","Card","Card","Relic","Relic"],"build_version":"2020-12-22","purchased_purges":4,"victory":false,"max_hp_per_floor":[70,70,67,67,67,67,64,64,64,61,58,58,55,55,55,57,57,59,59,61,60,60,60,62,62,62,62,62,62,62,64,64,69,45,42,42,42,42,42,42,42,44,44,44,44,53,53,53,53,55,55,55,55,57,57,57],"card_choices":[{"not_picked":[],"picked":"Bomb","floor":0},{"not_picked":["Underhanded Strike","Poisoned Stab"],"picked":"Bouncing Flask","floor":1},{"not_picked":["Calculated Gamble","Flying Knee"],"picked":"Bane","floor":3},{"not_picked":["Concentrate","Deadly Poison"],"picked":"hubris:SlightOfHand","floor":5},{"not_picked":["Eviscerate","conspire:DoublingDagger"],"picked":"ReplayTheSpireMod:From All Sides","floor":7},{"not_picked":["Concentrate","Acrobatics","Dagger Spray"],"picked":"SKIP","floor":8},{"not_picked":["Hidden Blade","Bomb"],"picked":"Expertise","floor":10},{"not_picked":["Endless Agony","Concentrate","Hidden Blade"],"picked":"SKIP","floor":11},{"not_picked":["Sucker Punch","Deflect"],"picked":"Acrobatics","floor":13},{"not_picked":["Doppelganger","A Thousand Cuts"],"picked":"Night Terror","floor":16},{"not_picked":["PiercingWail","Acrobatics"],"picked":"Cloak And Dagger+1","floor":18},{"not_picked":["Leg Sweep","Quick Slash"],"picked":"Calculated Gamble","floor":20},{"not_picked":["Dagger Spray","Concentrate+1","Prepared"],"picked":"SKIP","floor":21},{"not_picked":["Dodge and Roll","Concentrate"],"picked":"Dagger Throw+1","floor":22},{"not_picked":["PiercingWail","Distraction"],"picked":"Adrenaline","floor":24},{"not_picked":["Dagger Throw","Caltrops"],"picked":"Backstab+1","floor":28},{"not_picked":["Underhanded Strike","Reflex"],"picked":"Backflip+1","floor":29},{"not_picked":["Dagger Throw+1","Slice"],"picked":"PiercingWail+1","floor":31},{"not_picked":["A Thousand Cuts","Night Terror"],"picked":"Replay:Bag of Tricks","floor":33},{"not_picked":["Sucker Punch+1","Hidden Blade","hubris:SlightOfHand"],"picked":"SKIP","floor":35},{"not_picked":["hubris:SlightOfHand","Backflip+1"],"picked":"Noxious Fumes","floor":40},{"not_picked":["ReplayTheSpireMod:Shiv Toss+1","Dagger Spray","Quick Slash+1"],"picked":"SKIP","floor":41},{"not_picked":["Slice","PiercingWail+1"],"picked":"Acrobatics+1","floor":42},{"not_picked":["Outmaneuver+1","Prepared"],"picked":"Burst","floor":46},{"not_picked":["Eviscerate+1","Distraction+1","Quick Slash"],"picked":"SKIP","floor":47},{"not_picked":["Predator","Poisoned Stab"],"picked":"Blade Dance+1","floor":48},{"not_picked":["ReplayTheSpireMod:Tripwire","ReplayTheSpireMod:Scrap Shanks"],"picked":"Cloak And Dagger+1","floor":54}],"player_experience":531792,"relics_obtained":[{"floor":2,"key":"Ring of Fury"},{"floor":2,"key":"Ring of Panic"},{"floor":7,"key":"Gambling Chip"},{"floor":9,"key":"Replay:WaspNest"},{"floor":11,"key":"Kunai"},{"floor":13,"key":"TheBean"},{"floor":24,"key":"Replay:Baseball"},{"floor":26,"key":"Onion Ring"},{"floor":28,"key":"ReplayTheSpireMod:Ninjato"},{"floor":31,"key":"Replay:PocketPolymizer"},{"floor":40,"key":"Ancient Tea Set"},{"floor":44,"key":"Paper Crane"},{"floor":46,"key":"Strawberry"},{"floor":48,"key":"Bottled Flame"},{"floor":54,"key":"Grinning Jar"}],"event_choices":[{"damage_healed":0,"gold_gain":0,"player_choice":"Invest 1","damage_taken":0,"max_hp_gain":0,"max_hp_loss":0,"event_name":"conspire:Investor","floor":12,"gold_loss":0},{"damage_healed":0,"gold_gain":0,"player_choice":"Got Potions","damage_taken":0,"max_hp_gain":0,"max_hp_loss":0,"event_name":"Lab","floor":38,"gold_loss":0}],"is_beta":false,"boss_relics":[{"not_picked":["Ring of the Serpent","HoveringKite"],"picked":"construct:ClawGrip"},{"not_picked":[]},{"not_picked":["hubris:TerracottaHorce","conspire:SeveredTorchhead"],"picked":"Sozu"},{"not_picked":[]}],"items_purged_floors":[4,36,37,53],"is_endless":false,"potions_floor_spawned":[3,5,8,10,21,22,31,33,35,48],"killed_by":"Delirium","ascension_level":9}}