{"host":"ggy1mjjy92c62u6a","time":1614254892,"event":{"mods":["10 clothes from DAL","ATMod(阿瑾Mod)","Act Like it!","BaseMod","Colored Powertips","GifTheSpireLib","Infinite Spire","Library of Ruina","Library of Ruina Extra","Lobotomy","LobotomyExtend","Marisa（F雨　魔理沙）","Minty Spire (QoL Compilation)","Quick Restart","Relic Filter Mod","Relic Stats","Reliquary","Remilia（蕾米莉亚）","Replay The Spire","RumiaBox-露米娅的神秘盒子","Shop Mod","Spicy Shops","StSLib","SuperFastMode","Youmu（魂魄妖梦）","[功能]功能增强和修复MOD","【功能Mod】混沌之环修复补丁","【遗物Mod】死灵法师NEW","【遗物卡牌】REMEMod"],"gold_per_floor":[119,2,20,20],"floor_reached":1,"language":"ZHS","playtime":79,"items_purged":[],"score":59,"play_id":"b12985f7-a2de-474b-b96c-39fdd82c7ee4","local_time":"20210225200812","is_ascension_mode":true,"campfire_choices":[],"circlet_count":0,"master_deck":["Strike_RM","Strike_RM","Strike_RM","Strike_RM","Defend_RM","Defend_RM","Defend_RM","Defend_RM","RedMoon","ScarletShoot","AT_EmpoweredMortalDraw","UnstableMagic"],"relics":["ScarletHat","REME_ComplimentaryCards","AT_ATBox","CogitoBucket","Baka","DALC_NINE","LetterFromLob","AddBug","SecretRecord"],"acts_visited":["Exordium"],"potions_floor_usage":[],"damage_taken":[{"damage":0.0,"enemies":"2 Louse","floor":1.0,"turns":2.0},{"damage":0.0,"enemies":"2 Louse","floor":1.0,"turns":1.0}],"seed_played":"4415485067473118413","potions_obtained":[],"is_trial":false,"path_per_floor":["M","$","?","M"],"character_chosen":"REMILIA","items_purchased":["DALC_NINE"],"campfire_rested":0,"item_purchase_floors":[2],"current_hp_per_floor":[75,75,75,75],"gold":20,"neow_bonus":"","is_daily":false,"chose_seed":false,"campfire_upgraded":0,"win_rate":0.0,"timestamp":1614254892,"path_taken":["M","$","?","M"],"items_purchased_type":["Relic"],"build_version":"2020-12-22","purchased_purges":0,"victory":false,"max_hp_per_floor":[75,75,105,105],"relic_stats":{"counters":[2,3],"obtain_stats":[{"CogitoBucket":0,"AT_ATBox":0,"AddBug":1,"SecretRecord":1,"Baka":1,"LetterFromLob":1,"DALC_NINE":2,"ScarletHat":0,"REME_ComplimentaryCards":0},{"CogitoBucket":0,"AT_ATBox":0,"AddBug":2,"SecretRecord":2,"Baka":1,"LetterFromLob":1,"DALC_NINE":1,"ScarletHat":0,"REME_ComplimentaryCards":0},{"CogitoBucket":0,"AT_ATBox":0,"AddBug":3,"SecretRecord":3,"Baka":2,"LetterFromLob":2,"DALC_NINE":2,"ScarletHat":0,"REME_ComplimentaryCards":0}]},"card_choices":[{"not_picked":["ScarletDevil","CharismaGuard","UnstableMagic"],"picked":"SKIP","floor":1.0},{"not_picked":["UnstableMagic","CharismaGuard","RedRainbow"],"picked":"SKIP","floor":1},{"not_picked":["CharismaGuard","RedRainbow"],"picked":"UnstableMagic","floor":1}],"player_experience":154450,"relics_obtained":[{"floor":1.0,"key":"Baka"},{"floor":1.0,"key":"LetterFromLob"},{"floor":1,"key":"Baka"},{"floor":1,"key":"LetterFromLob"},{"floor":1,"key":"AddBug"}],"event_choices":[],"is_beta":false,"boss_relics":[],"items_purged_floors":[],"is_endless":false,"potions_floor_spawned":[],"killed_by":"2 Louse","ascension_level":1}}