{"host":"Tylorde","time":1614230611,"event":{"mods":["BaseMod","Minty Spire (QoL Compilation)","Weighted Paths"],"gold_per_floor":[111,111,13,13,29,29,60,74,97,130,130,158,227,245,245,318,318,336,336,353,363,164,164,178,178,178,178,190,220,235,235,235,312,312,330,330,343,77,77,77],"floor_reached":39,"language":"ENG","playtime":2263,"items_purged":["Clumsy","Strike_B"],"score":821,"play_id":"08cbca44-6180-4e8c-b78a-1ab386c544e1","local_time":"20210224212331","is_ascension_mode":true,"campfire_choices":[{"floor":6,"key":"REST"},{"floor":11,"key":"REST"},{"floor":15,"key":"REST"},{"data":"Fission","floor":23,"key":"SMITH"},{"data":"Loop","floor":25,"key":"SMITH"},{"data":"Dualcast","floor":27,"key":"SMITH"},{"data":"Zap","floor":32,"key":"SMITH"}],"circlet_count":0,"master_deck":["AscendersBane","Strike_B+1","Strike_B+1","Defend_B","Defend_B","Defend_B","Defend_B","Zap+1","Dualcast+1","Rainbow","Loop+1","Sweeping Beam","Cold Snap","Genetic Algorithm","Go for the Eyes","Doom and Gloom","Buffer","Leap","Fission+1","Steam Power","Conserve Battery+1","Steam","Sweeping Beam","Go for the Eyes+1","Ball Lightning","Echo Form","Recycle","Reboot","Beam Cell","Recycle+1","Aggregate","Sweeping Beam"],"relics":["Cracked Core","Omamori","Lantern","Happy Flower","Oddly Smooth Stone","Darkstone Periapt","Blue Candle","Runic Pyramid","HornCleat","Pocketwatch","Inserter","Toy Ornithopter","Pen Nib"],"acts_visited":["Exordium","TheCity","TheBeyond"],"potions_floor_usage":[7,10,16,16,29],"damage_taken":[{"damage":9,"enemies":"Jaw Worm","floor":1,"turns":4},{"damage":0,"enemies":"2 Louse","floor":5,"turns":1},{"damage":6,"enemies":"3 Sentries","floor":7,"turns":7},{"damage":3,"enemies":"Small Slimes","floor":8,"turns":2},{"damage":31,"enemies":"Lagavulin","floor":10,"turns":9},{"damage":18,"enemies":"Gremlin Nob","floor":12,"turns":4},{"damage":12,"enemies":"Exordium Thugs","floor":14,"turns":2},{"damage":0,"enemies":"Slime Boss","floor":16,"turns":7},{"damage":4,"enemies":"2 Thieves","floor":18,"turns":4},{"damage":6,"enemies":"Shell Parasite","floor":20,"turns":6},{"damage":6,"enemies":"Sentry and Sphere","floor":21,"turns":5},{"damage":2,"enemies":"Centurion and Healer","floor":24,"turns":6},{"damage":4,"enemies":"Chosen and Byrds","floor":28,"turns":7},{"damage":1,"enemies":"Book of Stabbing","floor":29,"turns":7},{"damage":3,"enemies":"Snake Plant","floor":30,"turns":6},{"damage":6,"enemies":"Collector","floor":33,"turns":10},{"damage":0,"enemies":"3 Darklings","floor":35,"turns":4},{"damage":2,"enemies":"Orb Walker","floor":37,"turns":4},{"damage":62,"enemies":"2 Orb Walkers","floor":39,"turns":5}],"seed_played":"1897569771604610782","potions_obtained":[{"floor":1,"key":"SpeedPotion"},{"floor":7,"key":"Regen Potion"},{"floor":12,"key":"PotionOfCapacity"},{"floor":14,"key":"FocusPotion"},{"floor":20,"key":"GamblersBrew"},{"floor":29,"key":"PowerPotion"},{"floor":30,"key":"DuplicationPotion"}],"is_trial":false,"path_per_floor":["M","?","$","?","M","R","E","M","T","E","R","E","T","M","R","B",null,"M","?","M","M","$","R","M","R","T","R","M","E","M","?","R","B",null,"M","?","M","$","?"],"character_chosen":"DEFECT","items_purchased":["Sweeping Beam","Block Potion","Sweeping Beam","Aggregate","Pen Nib","Sweeping Beam"],"campfire_rested":3,"item_purchase_floors":[3,22,22,38,38,38],"current_hp_per_floor":[55,34,34,16,16,37,31,28,28,12,33,15,15,3,24,24,59,55,69,63,57,57,57,55,55,55,55,51,50,47,47,47,41,64,64,64,62,62,0,0],"gold":77,"neow_bonus":"THREE_RARE_CARDS","is_daily":false,"chose_seed":false,"campfire_upgraded":4,"win_rate":0.0,"timestamp":1614230611,"path_taken":["M","?","$","?","M","R","E","M","T","E","R","E","?","M","R","BOSS","M","?","M","M","$","R","M","R","T","R","M","E","M","?","R","BOSS","M","?","?","$","?"],"items_purchased_type":["Card","Potion","Card","Card","Relic","Card"],"build_version":"2020-12-18","purchased_purges":2,"victory":false,"max_hp_per_floor":[71,71,71,71,71,71,71,71,71,71,71,71,71,71,71,71,71,71,71,71,71,71,71,71,71,71,71,71,71,71,71,71,71,71,71,71,71,71,71,71],"card_choices":[{"not_picked":["Echo Form","Seek"],"picked":"Rainbow","floor":0},{"not_picked":["Auto Shields","Compile Driver"],"picked":"Loop","floor":1},{"not_picked":["Redo","Streamline"],"picked":"Cold Snap","floor":5},{"not_picked":["Consume","Sweeping Beam"],"picked":"Genetic Algorithm","floor":7},{"not_picked":["Consume","White Noise"],"picked":"Go for the Eyes","floor":8},{"not_picked":["Sweeping Beam","Beam Cell"],"picked":"Doom and Gloom","floor":10},{"not_picked":["Streamline","Reprogram"],"picked":"Buffer","floor":12},{"not_picked":["Gash","Ball Lightning"],"picked":"Leap","floor":14},{"not_picked":["Rainbow","Biased Cognition"],"picked":"Fission","floor":16},{"not_picked":["Glacier","Consume"],"picked":"Steam Power","floor":18},{"not_picked":["Rebound","Leap"],"picked":"Conserve Battery+1","floor":20},{"not_picked":["Blizzard","Static Discharge"],"picked":"Steam","floor":21},{"not_picked":["Stack","Beam Cell"],"picked":"Go for the Eyes+1","floor":24},{"not_picked":["Cold Snap","Undo"],"picked":"Ball Lightning","floor":28},{"not_picked":["Streamline","Gash"],"picked":"Echo Form","floor":29},{"not_picked":["Beam Cell","Rebound"],"picked":"Recycle","floor":30},{"not_picked":["Buffer","All For One"],"picked":"Reboot","floor":33},{"not_picked":["Go for the Eyes","Auto Shields"],"picked":"Beam Cell","floor":35},{"not_picked":["Beam Cell","Sweeping Beam"],"picked":"Recycle+1","floor":37}],"player_experience":928420,"relics_obtained":[{"floor":7,"key":"Lantern"},{"floor":9,"key":"Happy Flower"},{"floor":10,"key":"Oddly Smooth Stone"},{"floor":12,"key":"Darkstone Periapt"},{"floor":13,"key":"Blue Candle"},{"floor":26,"key":"HornCleat"},{"floor":29,"key":"Pocketwatch"}],"event_choices":[{"damage_healed":0,"gold_gain":0,"player_choice":"Entered Light","damage_taken":21,"max_hp_gain":0,"max_hp_loss":0,"event_name":"Shining Light","floor":2,"gold_loss":0,"cards_upgraded":["Strike_B","Strike_B"]},{"damage_healed":0,"gold_gain":0,"player_choice":"Success","damage_taken":18,"relics_obtained":["Omamori"],"max_hp_gain":0,"max_hp_loss":0,"event_name":"Scrap Ooze","floor":4,"gold_loss":0},{"damage_healed":14,"gold_gain":0,"player_choice":"Heal","damage_taken":0,"max_hp_gain":0,"max_hp_loss":0,"event_name":"The Library","floor":19,"gold_loss":0},{"cards_removed":["Strike_B"],"damage_healed":0,"gold_gain":0,"player_choice":"Elegance","damage_taken":0,"max_hp_gain":0,"max_hp_loss":0,"event_name":"Back to Basics","floor":31,"gold_loss":0},{"damage_healed":0,"gold_gain":0,"player_choice":"Gave Potion","damage_taken":0,"relics_obtained":["Toy Ornithopter"],"max_hp_gain":0,"max_hp_loss":0,"event_name":"WeMeetAgain","floor":36,"gold_loss":0},{"damage_healed":0,"gold_gain":0,"player_choice":"Fight","damage_taken":0,"max_hp_gain":0,"max_hp_loss":0,"event_name":"Mysterious Sphere","floor":39,"gold_loss":0}],"is_beta":true,"boss_relics":[{"not_picked":["Nuclear Battery","SlaversCollar"],"picked":"Runic Pyramid"},{"not_picked":["Busted Crown","SacredBark"],"picked":"Inserter"}],"items_purged_floors":[3,22],"is_endless":false,"potions_floor_spawned":[1,7,12,14,20,24,29,30,35],"killed_by":"2 Orb Walkers","ascension_level":15}}