{"host":"mr1ctipv0dcr6y8g","time":1614214409,"event":{"mods":["BaseMod","Beaked The Cultist","DeckTracker","Downfall","Energized Spire","Minty Spire (QoL Compilation)","READ ME - Guardian Mod","Shop Mod","StSLib","The Construct"],"gold_per_floor":[99,112,123,143,158,191,191,366,366,378,278,300,300,316,332,432,432,432,452,468,468,63,63,63,63,63,79,79,79,64,176,187,287,287,287,300,297,355,355,155,179,179,269,269,325,22,22,80,136,176,176,241,50,50,50,50,50,50],"floor_reached":56,"language":"ENG","playtime":15111,"items_purged":["Slimebound:Strike_Slimebound"],"score":892,"play_id":"a0986f1f-6668-4d2c-b394-a670bb4f4c17","local_time":"20210224175329","is_ascension_mode":false,"campfire_choices":[{"data":"Slimebound:Split","floor":1,"key":"SMITH"},{"data":"Slimebound:MassRepurpose","floor":11,"key":"SMITH"},{"data":"Slimebound:Equalize","floor":13,"key":"SMITH"},{"data":"Slimebound:SlimeSlap","floor":18,"key":"SMITH"},{"data":"Slimebound:HauntingLick","floor":23,"key":"SMITH"},{"floor":25,"key":"DIG"},{"data":"expansioncontent:DashGenerateEvil","floor":28,"key":"SMITH"},{"floor":35,"key":"RECALL"},{"floor":40,"key":"DIG"},{"floor":42,"key":"DIG"},{"floor":47,"key":"DIG"},{"floor":54,"key":"DIG"}],"circlet_count":0,"master_deck":["Slimebound:Strike_Slimebound","Slimebound:Strike_Slimebound","Slimebound:Tackle","Slimebound:Defend_Slimebound","Slimebound:Defend_Slimebound","Slimebound:Defend_Slimebound","Slimebound:Defend_Slimebound","Slimebound:Split+1","Slimebound:CorrosiveSpit","Slimebound:GoopSpray","Slimebound:SlimeSpikes","Slimebound:GoopSpray","Slimebound:MassRepurpose+1","Doubt","Slimebound:LeechEnergy","Slimebound:Equalize+1","Slimebound:SplitMire","Slimebound:SplitMire","Slimebound:SlimeSlap+1","Slimebound:SplitBruiser+1","Slimebound:LivingWall+1","Slimebound:SplitAcid+1","Slimebound:HauntingLick+1","expansioncontent:DashGenerateEvil+1","Slimebound:SplitBruiser+1","Slimebound:SplitBruiser+1","Slimebound:Prepare+1","Slimebound:Teamwork","Slimebound:LivingWall+1","Slimebound:PrepareCrush","Slimebound:LeechLife","Slimebound:SplitSpecialist+1","expansioncontent:DashGenerateEvil+1","Slimebound:Schlurp"],"relics":["Coffee Dripper","Oddly Smooth Stone","Pantograph","Shovel","downfall:HeartBlessingGreen","Odd Mushroom","Sozu","downfall:KnowingSkull","Blood Vial","Omamori","Matryoshka","Bottled Flame","CaptainsWheel","Lizard Tail","Fusion Hammer","Strawberry","Vajra","downfall:HeartBlessingRed","downfall:HeartBlessingBlue","Orichalcum","Lantern","Potion Belt","MealTicket","Thread and Needle","Medical Kit","Anchor","Juzu Bracelet","Mercury Hourglass","beaked:ShinyBauble"],"acts_visited":["Exordium","TheCity","TheBeyond","TheEnding"],"potions_floor_usage":[14,19],"damage_taken":[{"damage":1,"enemies":"Cultist","floor":2,"turns":3},{"damage":0,"enemies":"Small Slimes","floor":3,"turns":2},{"damage":0,"enemies":"Jaw Worm","floor":4,"turns":3},{"damage":0,"enemies":"2 Fungi Beasts","floor":5,"turns":3},{"damage":24,"enemies":"3 Sentries","floor":6,"turns":6},{"damage":0,"enemies":"downfall:LooterAlt","floor":10,"turns":3},{"damage":0,"enemies":"The Mushroom Lair","floor":12,"turns":4},{"damage":1,"enemies":"Exordium Thugs","floor":14,"turns":4},{"damage":0,"enemies":"2 Fungi Beasts","floor":15,"turns":3},{"damage":10,"enemies":"IC_STATUS_ARCHETYPE","floor":16,"turns":7},{"damage":8,"enemies":"3 Byrds","floor":19,"turns":4},{"damage":5,"enemies":"Shell Parasite","floor":20,"turns":3},{"damage":15,"enemies":"downfall:FleeingMerchant","floor":22,"turns":4},{"damage":15,"enemies":"Snake Plant","floor":27,"turns":4},{"damage":0,"enemies":"downfall:FleeingMerchant","floor":30,"turns":4},{"damage":6,"enemies":"Gremlin Leader","floor":31,"turns":5},{"damage":0,"enemies":"Shelled Parasite and Fungi","floor":32,"turns":4},{"damage":0,"enemies":"WA_ARCHETYPE_CALM","floor":33,"turns":5},{"damage":0,"enemies":"3 Shapes","floor":36,"turns":2},{"damage":3,"enemies":"downfall:FleeingMerchant","floor":37,"turns":3},{"damage":13,"enemies":"3 Darklings","floor":38,"turns":4},{"damage":29,"enemies":"3 Darklings","floor":43,"turns":4},{"damage":3,"enemies":"4 Shapes","floor":45,"turns":4},{"damage":3,"enemies":"Jaw Worm Horde","floor":48,"turns":3},{"damage":3,"enemies":"Transient","floor":49,"turns":5},{"damage":10,"enemies":"SI_POISON_ARCHETYPE","floor":50,"turns":12},{"damage":26,"enemies":"downfall:CharBossMerchant","floor":52,"turns":7},{"damage":13,"enemies":"downfall:NeowBoss","floor":55,"turns":28},{"damage":185,"enemies":"downfall:NeowBossFinal","floor":56,"turns":11}],"seed_played":"3818739264465360122","potions_obtained":[{"floor":3,"key":"Guardian:BlockOnCardUsePotion"},{"floor":12,"key":"SteroidPotion"},{"floor":14,"key":"BlessingOfTheForge"},{"floor":16,"key":"DistilledChaos"}],"is_trial":false,"path_per_floor":["R","M","M","M","M","E","T","?","T","M","R","?","R","M","M","B",null,"R","M","M","?","$","R","T","R","?","M","R","?","$","E","M","B",null,"R","M","$","M","?","R","T","R","?","?","M","$","R","M","M","B",null,"E","$","R","B","B"],"character_chosen":"SLIMEBOUND","items_purchased":["Slimebound:HauntingLick","Blood Vial","Omamori","expansioncontent:DashGenerateEvil","Strawberry","Slimebound:LeechLife","Medical Kit","Anchor","expansioncontent:DashGenerateEvil+1","Slimebound:Schlurp"],"campfire_rested":0,"item_purchase_floors":[22,22,22,22,37,37,46,46,53,53],"current_hp_per_floor":[65,64,64,64,64,40,40,40,40,40,40,40,40,45,51,57,65,65,63,65,59,56,56,56,56,45,38,38,38,52,54,56,70,70,70,70,77,76,76,86,86,86,77,77,82,87,87,84,83,86,87,73,87,87,83,0,0,0],"gold":50,"neow_bonus":"BOSS_RELIC","is_daily":false,"chose_seed":false,"campfire_upgraded":6,"win_rate":0.0,"timestamp":1614214409,"path_taken":["R","M","M","M","?","E","T","?","?","M","R","?","R","M","M","BOSS","R","M","M","?","?","R","T","R","?","M","R","?","?","E","M","BOSS","R","M","$","M","?","R","T","R","?","?","M","$","R","M","M","BOSS","E","$","R","BOSS","BOSS"],"items_purchased_type":["Card","Relic","Relic","Card","Relic","Card","Relic","Relic","Card","Card"],"build_version":"2020-12-22","purchased_purges":1,"victory":false,"max_hp_per_floor":[65,65,65,65,65,65,65,65,65,65,65,65,65,65,65,65,65,65,65,65,65,65,65,65,65,70,70,70,70,70,70,70,70,70,70,70,77,77,77,87,87,87,87,87,87,87,87,87,87,87,87,87,87,87,87,87,87,87],"card_choices":[{"not_picked":["Slimebound:SplitMire","Slimebound:HauntingLick"],"picked":"Slimebound:GoopSpray","floor":2},{"not_picked":["Slimebound:SlimeBarrage","Slimebound:Schlurp"],"picked":"Slimebound:SlimeSpikes","floor":3},{"not_picked":["Slimebound:FinishingTackle","Slimebound:SplitLeeching"],"picked":"Slimebound:Recycling","floor":4},{"not_picked":["Slimebound:SplitAcid","Slimebound:BestDefense"],"picked":"Slimebound:GoopSpray","floor":5},{"not_picked":["Slimebound:Replication","Slimebound:PressTheAttack"],"picked":"Slimebound:MassRepurpose","floor":6},{"not_picked":["Slimebound:BestDefense","Slimebound:TongueLash"],"picked":"Slimebound:LeechEnergy","floor":10},{"not_picked":["Slimebound:RainOfGoop","Slimebound:SplitMire"],"picked":"Slimebound:Equalize","floor":12},{"not_picked":["Slimebound:DouseInSlime","Slimebound:GoopSpray"],"picked":"Slimebound:SplitMire","floor":14},{"not_picked":["Slimebound:SlimeSpikes","Slimebound:LeechEnergy"],"picked":"Slimebound:SplitMire","floor":15},{"not_picked":["Slimebound:DuplicatedForm","Slimebound:FirmFortitude"],"picked":"Slimebound:SlimeSlap","floor":16},{"not_picked":["Slimebound:SplitLeeching","Slimebound:HungryTackle"],"picked":"Slimebound:SplitBruiser+1","floor":19},{"not_picked":["Slimebound:RejuvenatingLick","Slimebound:SplitLeeching"],"picked":"Slimebound:LivingWall+1","floor":20},{"not_picked":["Slimebound:TongueLash+1","Slimebound:SplitLeeching"],"picked":"Slimebound:SplitAcid+1","floor":22},{"not_picked":["Slimebound:Prepare","Slimebound:FinishingTackle+1"],"picked":"Slimebound:SplitBruiser+1","floor":27},{"not_picked":["Slimebound:Schlurp","Slimebound:LivingWall"],"picked":"Slimebound:SplitBruiser+1","floor":30},{"not_picked":["Slimebound:SamplingLick","Slimebound:Dissolve+1"],"picked":"Slimebound:Prepare+1","floor":31},{"not_picked":["Slimebound:RejuvenatingLick","Slimebound:HauntingLick","Slimebound:LivingWall"],"picked":"SKIP","floor":32},{"not_picked":["Slimebound:MassRepurpose","Slimebound:SlimeSlap"],"picked":"Slimebound:Teamwork","floor":33},{"not_picked":["Slimebound:ViciousTackle+1","Slimebound:LeechingTouch+1"],"picked":"Slimebound:LivingWall+1","floor":36},{"not_picked":["Slimebound:HauntingLick","Slimebound:LivingWall"],"picked":"Slimebound:PrepareCrush","floor":37},{"not_picked":["Slimebound:ItLooksTasty","Slimebound:LivingWall+1","Slimebound:Schlurp"],"picked":"SKIP","floor":38},{"not_picked":["Slimebound:SplitLeeching","Slimebound:ServeAndProtect+1","Slimebound:MassRepurpose"],"picked":"SKIP","floor":45},{"not_picked":["Slimebound:Recollect","Slimebound:Repurpose","Slimebound:SplitLeeching"],"picked":"SKIP","floor":48},{"not_picked":["Slimebound:PressTheAttack","Slimebound:Prepare","Slimebound:SplitBruiser+1"],"picked":"SKIP","floor":49},{"not_picked":["Slimebound:SplitBruiser","Slimebound:Nibble"],"picked":"Slimebound:SplitSpecialist+1","floor":52}],"player_experience":1818507,"relics_obtained":[{"floor":6,"key":"Oddly Smooth Stone"},{"floor":7,"key":"Pantograph"},{"floor":9,"key":"Shovel"},{"floor":12,"key":"Odd Mushroom"},{"floor":24,"key":"Matryoshka"},{"floor":25,"key":"Bottled Flame"},{"floor":31,"key":"Lizard Tail"},{"floor":39,"key":"Vajra"},{"floor":40,"key":"Orichalcum"},{"floor":41,"key":"Lantern"},{"floor":41,"key":"Potion Belt"},{"floor":42,"key":"MealTicket"},{"floor":43,"key":"Thread and Needle"},{"floor":47,"key":"Juzu Bracelet"},{"floor":52,"key":"Mercury Hourglass"},{"floor":54,"key":"beaked:ShinyBauble"}],"event_choices":[{"damage_healed":0,"gold_gain":0,"player_choice":"Fought Mushrooms","damage_taken":0,"max_hp_gain":0,"max_hp_loss":0,"event_name":"Mushrooms","floor":12,"gold_loss":0},{"damage_healed":0,"gold_gain":0,"player_choice":"Stole Relic","damage_taken":0,"relics_obtained":["CaptainsWheel"],"max_hp_gain":0,"max_hp_loss":0,"event_name":"Addict","floor":29,"gold_loss":0,"cards_obtained":["Pride"]},{"cards_removed":["Slimebound:Recycling"],"damage_healed":0,"gold_gain":0,"player_choice":"Removed Power","damage_taken":0,"max_hp_gain":0,"max_hp_loss":0,"event_name":"Falling","floor":44,"gold_loss":0}],"is_beta":false,"boss_relics":[{"not_picked":["Astrolabe","Runic Pyramid"],"picked":"Sozu"},{"not_picked":["Black Star","energizedSpire:NeverEndingSparkler"],"picked":"Fusion Hammer"}],"items_purged_floors":[37],"is_endless":false,"potions_floor_spawned":[3,12,14,16,20,33,38,43,49],"killed_by":"downfall:NeowBossFinal","ascension_level":0}}