{"host":"mydft8i2zzydgggw","time":1614247411,"event":{"mods":["AchievementEnabler","BaseMod","Colored Map","Colored Powertips","DeckTracker","Keyboard Shortcuts","Minty Spire (QoL Compilation)","Rare Cards Sparkle","Relic Stats","StSLib","SuperFastMode","Together in Spire","everything is the same but u backflip on backflip"],"gold_per_floor":[19,19,19,38,56,96,110,110,184,184,19,19,32,72,72,195,195,213,263,287,27,27,41,41,140,164,208,208,208],"floor_reached":28,"language":"KOR","playtime":556,"items_purged":[],"score":394,"play_id":"6fbf1757-7bf2-42be-a06e-1b820c4387d8","local_time":"20210225190331","is_ascension_mode":true,"campfire_choices":[{"data":"Bash","floor":8,"key":"SMITH"},{"data":"Apotheosis","floor":12,"key":"SMITH"},{"data":"Shrug It Off","floor":15,"key":"SMITH"},{"floor":24,"key":"REST"}],"circlet_count":0,"master_deck":["AscendersBane","Strike_R+1","Defend_R","Defend_R","Defend_R","Bash+1","Shrug It Off+1","Dropkick","Shrug It Off+1","Immolate","Apotheosis+1","Bludgeon","Evolve","Dark Embrace"],"relics":["Burning Blood","Golden Idol","TungstenRod","Mummified Hand","Nunchaku","Sundial","Nloth\u0027s Gift","Smiling Mask","Happy Flower"],"acts_visited":["Exordium","TheCity"],"potions_floor_usage":[14,14,16,27],"damage_taken":[{"damage":3,"enemies":"Jaw Worm","floor":1,"turns":4},{"damage":0,"enemies":"Small Slimes","floor":4,"turns":4},{"damage":0,"enemies":"2 Louse","floor":5,"turns":4},{"damage":40,"enemies":"Gremlin Nob","floor":6,"turns":5},{"damage":10,"enemies":"Lots of Slimes","floor":7,"turns":3},{"damage":0,"enemies":"Large Slime","floor":13,"turns":3},{"damage":11,"enemies":"Lagavulin","floor":14,"turns":5},{"damage":4,"enemies":"The Guardian","floor":16,"turns":9},{"damage":16,"enemies":"3 Byrds","floor":18,"turns":6},{"damage":35,"enemies":"Spheric Guardian","floor":20,"turns":8},{"damage":10,"enemies":"3 Cultists","floor":23,"turns":4},{"damage":33,"enemies":"Gremlin Leader","floor":27,"turns":5},{"damage":19,"enemies":"Cultist and Chosen","floor":28,"turns":4}],"seed_played":"-602565572363756912","potions_obtained":[{"floor":6,"key":"PowerPotion"},{"floor":7,"key":"SkillPotion"},{"floor":14,"key":"ColorlessPotion"},{"floor":18,"key":"GamblersBrew"},{"floor":20,"key":"Fire Potion"}],"is_trial":false,"path_per_floor":["M","?","?","M","M","E","M","R","T","?","$","R","M","E","R","B",null,"M","?","M","$","?","M","R","?","T","E","M"],"character_chosen":"IRONCLAD","items_purchased":["Apotheosis","Sundial"],"campfire_rested":1,"item_purchase_floors":[11,21],"current_hp_per_floor":[75,74,59,65,71,37,33,33,33,33,33,33,39,34,34,36,65,55,55,26,26,26,22,44,44,44,17,0,0],"gold":208,"neow_bonus":"REMOVE_TWO","is_daily":false,"chose_seed":false,"campfire_upgraded":3,"win_rate":0.0,"timestamp":1614247411,"path_taken":["M","?","?","M","M","E","M","R","T","?","$","R","M","E","R","BOSS","M","?","?","$","?","?","R","?","T","E","M"],"items_purchased_type":["Card","Relic"],"build_version":"2020-12-22","purchased_purges":0,"victory":false,"max_hp_per_floor":[80,74,74,74,74,74,74,74,74,74,74,74,74,74,74,74,74,74,74,74,74,74,74,74,74,74,74,74,74],"relic_stats":{"Nunchaku":[5],"Happy Flower":[1],"counters":[13,64],"Golden Idol":76,"Mummified Hand":[8],"Sundial":[2],"Nloth\u0027s Gift":0,"Smiling Mask":0,"obtain_stats":[{"Nunchaku":14,"Happy Flower":27,"Golden Idol":2,"Mummified Hand":9,"Sundial":21,"Nloth\u0027s Gift":22,"Empty Cage":17,"Smiling Mask":26,"Burning Blood":0,"TungstenRod":6},{"Nunchaku":7,"Happy Flower":12,"Golden Idol":1,"Mummified Hand":5,"Sundial":10,"Nloth\u0027s Gift":10,"Empty Cage":8,"Smiling Mask":11,"Burning Blood":0,"TungstenRod":4},{"Nunchaku":28,"Happy Flower":60,"Golden Idol":4,"Mummified Hand":20,"Sundial":51,"Nloth\u0027s Gift":51,"Empty Cage":37,"Smiling Mask":55,"Burning Blood":0,"TungstenRod":17}],"Burning Blood":72,"TungstenRod":55},"card_choices":[{"not_picked":["Body Slam","Second Wind"],"picked":"Shrug It Off","floor":1},{"not_picked":["Combust","Evolve"],"picked":"Dropkick","floor":4},{"not_picked":["Body Slam","Flex"],"picked":"Shrug It Off","floor":5},{"not_picked":["Searing Blow","Rampage"],"picked":"Immolate","floor":6},{"not_picked":["Clothesline","Inflame","Havoc"],"picked":"SKIP","floor":7},{"not_picked":["Cleave","Heavy Blade","Wild Strike"],"picked":"SKIP","floor":13},{"not_picked":["Limit Break","Uppercut","Body Slam"],"picked":"SKIP","floor":14},{"not_picked":["Limit Break","Brutality"],"picked":"Bludgeon","floor":16},{"not_picked":["Anger","Inflame"],"picked":"Evolve","floor":18},{"not_picked":["Reckless Charge","Anger","Spot Weakness"],"picked":"SKIP","floor":20},{"not_picked":["Entrench","Headbutt","Twin Strike"],"picked":"SKIP","floor":23},{"not_picked":["Flex","Clothesline"],"picked":"Dark Embrace","floor":27}],"player_experience":306397,"relics_obtained":[{"floor":6,"key":"TungstenRod"},{"floor":9,"key":"Mummified Hand"},{"floor":14,"key":"Nunchaku"},{"floor":26,"key":"Smiling Mask"},{"floor":27,"key":"Happy Flower"}],"event_choices":[{"damage_healed":0,"gold_gain":0,"player_choice":"Lose Max HP","damage_taken":0,"relics_obtained":["Golden Idol"],"max_hp_gain":0,"max_hp_loss":6,"event_name":"Golden Idol","floor":2,"gold_loss":0},{"damage_healed":0,"gold_gain":0,"player_choice":"Entered Light","damage_taken":15,"max_hp_gain":0,"max_hp_loss":0,"event_name":"Shining Light","floor":3,"gold_loss":0,"cards_upgraded":["Strike_R","Shrug It Off"]},{"cards_removed":["Strike_R"],"damage_healed":0,"gold_gain":0,"player_choice":"Forget","damage_taken":0,"max_hp_gain":0,"max_hp_loss":0,"event_name":"Living Wall","floor":10,"gold_loss":0},{"damage_healed":0,"gold_gain":100,"player_choice":"Bet on Murderer","damage_taken":0,"max_hp_gain":0,"max_hp_loss":0,"event_name":"The Joust","floor":19,"gold_loss":50},{"damage_healed":0,"gold_gain":0,"player_choice":"Traded Relic","damage_taken":0,"relics_obtained":["Nloth\u0027s Gift"],"max_hp_gain":0,"max_hp_loss":0,"event_name":"N\u0027loth","floor":22,"relics_lost":["Empty Cage"],"gold_loss":0},{"damage_healed":0,"gold_gain":99,"player_choice":"Stole From Cult","damage_taken":0,"max_hp_gain":0,"max_hp_loss":0,"event_name":"Nest","floor":25,"gold_loss":0}],"is_beta":false,"boss_relics":[{"not_picked":["Busted Crown","Ectoplasm"],"picked":"Empty Cage"}],"items_purged_floors":[],"is_endless":false,"potions_floor_spawned":[6,7,14,18,20],"killed_by":"Cultist and Chosen","ascension_level":12}}