{"host":"61r95uy0hn86b9iu","time":1614212102,"event":{"mods":["AchievementEnabler","BaseMod","Better Vampires","BetterRewards","Colored Powertips","Hubris","Minty Spire (QoL Compilation)","Shop Mod","StSLib"],"gold_per_floor":[115,115,131,281,281,281,293,39,39,58,76,89,89,89,89,166,166,186,106,106,106,131,131,147,147,147,147,162,162,174,191,191,265,265,277,21,21,37,37,37,55,55,133,178,178,51,51,51],"floor_reached":47,"language":"ENG","playtime":1233,"items_purged":["Doubt","Strike_B"],"score":1162,"play_id":"32793bc0-cc26-4dec-8dfa-6f463cfe0d3c","local_time":"20210224181502","is_ascension_mode":true,"campfire_choices":[{"floor":6.0,"key":"REST"},{"floor":13.0,"key":"REST"},{"data":"Streamline","floor":15.0,"key":"SMITH"},{"data":"Echo Form","floor":25.0,"key":"SMITH"},{"data":"Consume","floor":27.0,"key":"SMITH"},{"floor":29.0,"key":"REST"},{"floor":32.0,"key":"REST"},{"floor":40.0,"key":"REST"},{"data":"Defragment","floor":42.0,"key":"SMITH"}],"circlet_count":0,"master_deck":["AscendersBane","Strike_B","Defend_B","Defend_B","Defend_B","Defend_B","Zap","Dualcast","The Bomb","Coolheaded","Turbo","Chill","Leap","Rebound","Streamline+1","Echo Form+1","Consume+1","Conserve Battery","Seek","Melter","Capacitor","Defragment+1","Lockon+1","Madness","Madness","Sweeping Beam"],"relics":["Cracked Core","Bronze Scales","Tiny Chest","Sozu","hubris:Icosahedron","Dream Catcher","Singing Bowl","hubris:Potato","MerchantsRug","Cables","hubris:ToyBattleship"],"acts_visited":["Exordium","TheCity","TheBeyond"],"potions_floor_usage":[],"damage_taken":[{"damage":7.0,"enemies":"Jaw Worm","floor":1.0,"turns":4.0},{"damage":6.0,"enemies":"2 Louse","floor":3.0,"turns":3.0},{"damage":4.0,"enemies":"Cultist","floor":7.0,"turns":3.0},{"damage":0.0,"enemies":"Exordium Wildlife","floor":10.0,"turns":3.0},{"damage":0.0,"enemies":"3 Louse","floor":11.0,"turns":4.0},{"damage":6.0,"enemies":"Blue Slaver","floor":12.0,"turns":3.0},{"damage":36.0,"enemies":"Slime Boss","floor":16.0,"turns":8.0},{"damage":13.0,"enemies":"2 Thieves","floor":18.0,"turns":4.0},{"damage":0.0,"enemies":"Slavers","floor":23.0,"turns":1.0},{"damage":11.0,"enemies":"Spheric Guardian","floor":24.0,"turns":4.0},{"damage":25.0,"enemies":"Centurion and Healer","floor":28.0,"turns":7.0},{"damage":15.0,"enemies":"Snecko","floor":30.0,"turns":5.0},{"damage":4.0,"enemies":"Sentry and Sphere","floor":31.0,"turns":5.0},{"damage":29.0,"enemies":"hubris:MusketHawk","floor":33.0,"turns":11.0},{"damage":3.0,"enemies":"Orb Walker","floor":35.0,"turns":5.0},{"damage":21.0,"enemies":"3 Shapes","floor":38.0,"turns":4.0},{"damage":28.0,"enemies":"Maw","floor":41.0,"turns":7.0},{"damage":51,"enemies":"Reptomancer","floor":47,"turns":2}],"seed_played":"7972048833311868316","potions_obtained":[{"floor":1.0,"key":"SmokeBomb"},{"floor":12.0,"key":"LiquidBronze"}],"is_trial":false,"path_per_floor":["M","?","M","?","$","R","M","$","T","M","M","M","R","$","R","B",null,"M","$","?","?","T","E","M","R","T","R","M","R","M","M","R","B",null,"M","$","?","M","?","R","M","R","T","T","?","$","E"],"character_chosen":"DEFECT","items_purchased":["Lee\u0027s Waffle","The Bomb","Coolheaded","Bronze Scales","Tiny Chest","Strawberry","Leap","Rebound","Consume","Capacitor","MerchantsRug","Cables","Sweeping Beam"],"campfire_rested":5,"item_purchase_floors":[0,0,0,5,5,8,8,8,19,36,36,36,46],"current_hp_per_floor":[71,64,58,58,33,56,52,59,59,59,59,53,78,78,78,42,74,61,61,78,78,78,78,67,67,67,67,44,72,59,57,86,57,86,83,83,83,62,62,90,64,64,64,64,47,47,0,0],"gold":51,"neow_bonus":"","is_daily":false,"chose_seed":false,"campfire_upgraded":4,"win_rate":0.0,"timestamp":1614212102,"path_taken":["M","?","M","?","?","R","M","$","T","M","?","M","R","$","R","BOSS","M","$","?","?","?","E","?","R","T","R","M","R","M","M","R","BOSS","M","$","?","M","?","R","M","R","T","?","?","?","E"],"items_purchased_type":["Relic","Card","Card","Relic","Relic","Relic","Card","Card","Card","Card","Relic","Relic","Card"],"build_version":"2020-12-22","purchased_purges":2,"victory":false,"max_hp_per_floor":[78,78,78,78,78,78,78,85,85,85,85,85,85,85,85,85,85,85,85,85,85,85,85,85,85,85,85,87,89,91,93,95,95,95,95,95,95,95,95,95,97,97,97,97,97,97,97,97],"card_choices":[{"not_picked":["FTL","Capacitor","Heatsinks"],"picked":"SKIP","floor":1.0},{"not_picked":["Beam Cell","Tempest","Darkness"],"picked":"SKIP","floor":3.0},{"not_picked":["Redo","Steam"],"picked":"Chill","floor":7.0},{"not_picked":["Genetic Algorithm","Beam Cell"],"picked":"Streamline","floor":10.0},{"not_picked":["Redo","Sweeping Beam","Steam"],"picked":"SKIP","floor":11.0},{"not_picked":["Redo","Compile Driver","Force Field"],"picked":"SKIP","floor":12.0},{"not_picked":["Core Surge","Fission"],"picked":"Echo Form","floor":16.0},{"not_picked":["Coolheaded","Cold Snap","Auto Shields"],"picked":"SKIP","floor":18.0},{"not_picked":["Beam Cell","Ball Lightning"],"picked":"Conserve Battery","floor":24.0},{"not_picked":["Reinforced Body","Streamline","Compile Driver"],"picked":"Singing Bowl","floor":28.0},{"not_picked":["Skim","BootSequence+1","Rebound"],"picked":"Singing Bowl","floor":29.0},{"not_picked":["Turbo+1","Machine Learning","Streamline"],"picked":"Singing Bowl","floor":30.0},{"not_picked":["Redo","Ball Lightning","Cold Snap+1"],"picked":"Singing Bowl","floor":31.0},{"not_picked":["Gash+1","BootSequence","Streamline"],"picked":"Singing Bowl","floor":32.0},{"not_picked":["hubris:Prefetch","hubris:DoWhile"],"picked":"Seek","floor":33.0},{"not_picked":["Turbo","Force Field+1"],"picked":"Melter","floor":35.0},{"not_picked":["Gash","Auto Shields"],"picked":"Defragment","floor":38.0},{"not_picked":["Rebound","Coolheaded+1"],"picked":"Lockon+1","floor":40.0},{"not_picked":["Cold Snap","Undo","Sweeping Beam"],"picked":"Singing Bowl","floor":41.0}],"player_experience":3396976,"relics_obtained":[{"floor":9.0,"key":"Pocketwatch"},{"floor":22.0,"key":"Dream Catcher"},{"floor":26.0,"key":"Singing Bowl"},{"floor":44.0,"key":"hubris:ToyBattleship"}],"event_choices":[{"cards_removed":["Strike_B"],"damage_healed":0.0,"max_hp_gain":0.0,"max_hp_loss":0.0,"gold_gain":0.0,"event_name":"Golden Wing","player_choice":"Card Removal","floor":2.0,"gold_loss":0.0,"damage_taken":7.0},{"damage_healed":0.0,"max_hp_gain":0.0,"max_hp_loss":0.0,"gold_gain":150.0,"event_name":"Liars Game","player_choice":"AGREE","floor":4.0,"gold_loss":0.0,"damage_taken":0.0,"cards_obtained":["Doubt"]},{"damage_healed":17.0,"max_hp_gain":0.0,"max_hp_loss":0.0,"gold_gain":0.0,"event_name":"The Library","player_choice":"Heal","floor":20.0,"gold_loss":0.0,"damage_taken":0.0},{"damage_healed":0.0,"max_hp_gain":0.0,"max_hp_loss":0.0,"gold_gain":0.0,"event_name":"Mysterious Sphere","player_choice":"Ignored","floor":37.0,"gold_loss":0.0,"damage_taken":0.0},{"cards_removed":["Strike_B"],"damage_healed":0.0,"max_hp_gain":0.0,"max_hp_loss":0.0,"gold_gain":0.0,"event_name":"Bonfire Elementals","player_choice":"Offered Basic","floor":39.0,"gold_loss":0.0,"damage_taken":0.0},{"damage_healed":0.0,"max_hp_gain":0.0,"max_hp_loss":0.0,"gold_gain":0.0,"event_name":"Winding Halls","player_choice":"Embrace Madness","floor":45.0,"gold_loss":0.0,"damage_taken":17.0,"cards_obtained":["Madness","Madness"]}],"is_beta":false,"boss_relics":[{"not_picked":["hubris:BlackHole","Empty Cage"],"picked":"Sozu"},{"not_picked":["hubris:CrackedHourglass","Snecko Eye"],"picked":"hubris:Backtick"}],"items_purged_floors":[5,46],"is_endless":false,"potions_floor_spawned":[1,12,16,18,28,33],"killed_by":"Reptomancer","ascension_level":19}}