{"host":"Berg","time":1614267105,"event":{"mods":["AchievementEnabler","BaseMod","Better Third Choice","Colored Map","Gremlin Skip","Highlight Path","Minty Spire (QoL Compilation)","Relic Stats","StSLib"],"gold_per_floor":[119,119,119,134,46,46,78,95,95,130,162,174,199,228,240,252,252],"floor_reached":16,"language":"ENG","playtime":942,"items_purged":[],"score":274,"play_id":"acc8ec16-945b-4aff-aeb3-ab633cc0d6c2","local_time":"20210225103145","is_ascension_mode":true,"campfire_choices":[{"data":"Uppercut","floor":6,"key":"SMITH"},{"data":"True Grit","floor":12,"key":"SMITH"},{"data":"Disarm","floor":15,"key":"SMITH"}],"circlet_count":0,"master_deck":["AscendersBane","Strike_R","Strike_R","Strike_R","Strike_R","Defend_R","Defend_R","Defend_R","Defend_R","Bash","Cleave","Hemokinesis","Uppercut+1","Disarm+1","Cleave","True Grit+1","Headbutt"],"relics":["Burning Blood","NeowsBlessing","MealTicket","Bronze Scales","Meat on the Bone","MawBank"],"acts_visited":["Exordium"],"potions_floor_usage":[],"damage_taken":[{"damage":0,"enemies":"Small Slimes","floor":1,"turns":1},{"damage":0,"enemies":"2 Louse","floor":4,"turns":1},{"damage":0,"enemies":"Lagavulin","floor":7,"turns":1},{"damage":4,"enemies":"Jaw Worm","floor":8,"turns":3},{"damage":27,"enemies":"3 Sentries","floor":10,"turns":4},{"damage":15,"enemies":"Exordium Thugs","floor":11,"turns":4},{"damage":3,"enemies":"Blue Slaver","floor":13,"turns":4},{"damage":22,"enemies":"Red Slaver","floor":14,"turns":3},{"damage":44,"enemies":"The Guardian","floor":16,"turns":11}],"seed_played":"-3212099866701071157","potions_obtained":[{"floor":1,"key":"BlessingOfTheForge"},{"floor":11,"key":"SpeedPotion"}],"is_trial":false,"path_per_floor":["M","?","?","M","$","R","E","M","T","E","M","R","M","M","R","B"],"character_chosen":"IRONCLAD","items_purchased":["Uppercut"],"campfire_rested":0,"item_purchase_floors":[5],"current_hp_per_floor":[74,67,22,28,43,43,49,51,51,42,45,45,48,44,44,0,0],"gold":252,"neow_bonus":"THREE_ENEMY_KILL","is_daily":false,"chose_seed":false,"campfire_upgraded":3,"win_rate":0.0,"timestamp":1614267105,"path_taken":["M","?","?","M","?","R","E","M","T","E","M","R","?","M","R","BOSS"],"items_purchased_type":["Card"],"build_version":"2020-12-18","purchased_purges":0,"victory":false,"max_hp_per_floor":[75,75,75,75,75,75,75,75,75,75,75,75,75,75,75,75,75],"relic_stats":{"counters":[9,32],"Bronze Scales":[65],"MealTicket":15,"MawBank":72,"obtain_stats":[{"NeowsBlessing":0,"Bronze Scales":7,"MealTicket":3,"MawBank":10,"Burning Blood":0,"Meat on the Bone":9},{"NeowsBlessing":0,"Bronze Scales":3,"MealTicket":1,"MawBank":5,"Burning Blood":0,"Meat on the Bone":4},{"NeowsBlessing":0,"Bronze Scales":3,"MealTicket":1,"MawBank":10,"Burning Blood":0,"Meat on the Bone":6}],"Burning Blood":48,"Meat on the Bone":36},"card_choices":[{"not_picked":["Havoc","Perfected Strike"],"picked":"Cleave","floor":1},{"not_picked":["Sever Soul","Sword Boomerang"],"picked":"Hemokinesis","floor":4},{"not_picked":["Wild Strike","Clash"],"picked":"Disarm","floor":7},{"not_picked":["Dark Embrace","Warcry"],"picked":"Cleave","floor":8},{"not_picked":["Brutality","Warcry"],"picked":"True Grit","floor":10},{"not_picked":["Uppercut","Sword Boomerang"],"picked":"Headbutt","floor":11},{"not_picked":["Twin Strike","True Grit","Warcry"],"picked":"SKIP","floor":13},{"not_picked":["True Grit","Power Through","Heavy Blade"],"picked":"SKIP","floor":14}],"player_experience":1351476,"relics_obtained":[{"floor":7,"key":"Bronze Scales"},{"floor":9,"key":"Meat on the Bone"},{"floor":10,"key":"MawBank"}],"event_choices":[{"cards_removed":["Strike_R"],"damage_healed":0,"gold_gain":0,"player_choice":"Card Removal","damage_taken":7,"max_hp_gain":0,"max_hp_loss":0,"event_name":"Golden Wing","floor":2,"gold_loss":0},{"damage_healed":0,"gold_gain":0,"player_choice":"Relic ","damage_taken":45,"max_hp_gain":0,"max_hp_loss":0,"event_name":"betterThird:BetterScrap","floor":3,"gold_loss":0,"cards_obtained":["White Noise"]}],"is_beta":true,"boss_relics":[],"items_purged_floors":[],"is_endless":false,"potions_floor_spawned":[1,11,13,14],"killed_by":"The Guardian","ascension_level":20}}