{"host":"b6hf8n3pu8vqv2wi","time":1614266851,"event":{"mods":["BaseMod","Minty Spire (QoL Compilation)","StSLib","The Servant 0.9.4"],"gold_per_floor":[116,116,116,134,234,260,260,270,270,290,322,336,411,430,430,526,526,543,543,562,73,91,125,125,125,150,188,197,277,316,328,328,441,441,456,456,475,493,522,565,565,577,577,616,630,639,39,53,53,53,53,53,3,38,38],"floor_reached":56,"language":"ZHS","playtime":21065,"items_purged":[],"score":1485,"play_id":"fc8ff824-aa0b-4d9d-a7b4-f54fe8877a90","local_time":"20210225232731","is_ascension_mode":true,"campfire_choices":[{"floor":7.0,"key":"REST"},{"floor":15.0,"key":"RECALL"},{"data":"RitualDagger","floor":25.0,"key":"SMITH"},{"data":"Writhe","floor":32.0,"key":"PURGE"},{"data":"Parasite","floor":41.0,"key":"PURGE"},{"data":"Initiator","floor":49.0,"key":"SMITH"},{"data":"InstantArmor","floor":52.0,"key":"SMITH"}],"circlet_count":0,"master_deck":["Strike_S+1","Strike_S","Strike_S","Strike_S","Defend_S","Defend_S","Defend_S","Defend_S","KidneyShot+1","Exchange","Bandage Up","InstantArmor+1","BestPractice+1","Orbit","SurpressingFire+1","Initiator+1","BottledTime","Solidify","MoonPhase+1","RitualDagger+1","DancingSilver","Magnetism+1","InstantArmor+1","Shuttle","Luminosity+1","MurderousAura+1","Madness","Deadline","RealityMarble+1","WasteNot+1","Strike_R","Sadistic Nature+1","BottledTime+1"],"relics":["SplendidAttire","Frozen Egg 2","Centennial Puzzle","Torii","Thread and Needle","CeramicFish","MutagenicStrength","Oddly Smooth Stone","White Beast Statue","Peace Pipe","Mercury Hourglass","PreservedInsect","Runic Dome","Bronze Scales","InkBottle","Mango","Smiling Mask","FossilizedHelix","Potion Belt","Blood Vial"],"acts_visited":["Exordium","TheCity","TheBeyond","TheEnding"],"potions_floor_usage":[55,55,55,55,55],"damage_taken":[{"damage":7.0,"enemies":"Small Slimes","floor":1.0,"turns":4.0},{"damage":0.0,"enemies":"2 Louse","floor":4.0,"turns":2.0},{"damage":16.0,"enemies":"Gremlin Nob","floor":6.0,"turns":4.0},{"damage":0.0,"enemies":"Cultist","floor":8.0,"turns":4.0},{"damage":0.0,"enemies":"2 Fungi Beasts","floor":10.0,"turns":2.0},{"damage":13.0,"enemies":"Lagavulin","floor":11.0,"turns":7.0},{"damage":0.0,"enemies":"Large Slime","floor":12.0,"turns":4.0},{"damage":0.0,"enemies":"Looter","floor":14.0,"turns":3.0},{"damage":16.0,"enemies":"The Guardian","floor":16.0,"turns":11.0},{"damage":0.0,"enemies":"Chosen","floor":18.0,"turns":3.0},{"damage":0.0,"enemies":"3 Byrds","floor":20.0,"turns":4.0},{"damage":16.0,"enemies":"Snake Plant","floor":22.0,"turns":3.0},{"damage":0.0,"enemies":"Book of Stabbing","floor":23.0,"turns":3.0},{"damage":0.0,"enemies":"Slavers","floor":27.0,"turns":7.0},{"damage":0.0,"enemies":"Gremlin Leader","floor":30.0,"turns":5.0},{"damage":0.0,"enemies":"Snecko","floor":31.0,"turns":2.0},{"damage":0.0,"enemies":"Collector","floor":33.0,"turns":8.0},{"damage":0.0,"enemies":"3 Shapes","floor":35.0,"turns":2.0},{"damage":0.0,"enemies":"Orb Walker","floor":37.0,"turns":2.0},{"damage":0.0,"enemies":"Writhing Mass","floor":39.0,"turns":5.0},{"damage":0.0,"enemies":"Nemesis","floor":40.0,"turns":5.0},{"damage":0.0,"enemies":"Jaw Worm Horde","floor":42.0,"turns":3.0},{"damage":0.0,"enemies":"Giant Head","floor":44.0,"turns":5.0},{"damage":0.0,"enemies":"3 Darklings","floor":45.0,"turns":3.0},{"damage":7.0,"enemies":"Maw","floor":48.0,"turns":6.0},{"damage":38.0,"enemies":"Time Eater","floor":50.0,"turns":6.0},{"damage":7.0,"enemies":"Shield and Spear","floor":54.0,"turns":3.0},{"damage":73,"enemies":"The Heart","floor":55,"turns":7}],"seed_played":"-6660496326003402922","potions_obtained":[{"floor":4.0,"key":"Strength Potion"},{"floor":10.0,"key":"EssenceOfSteel"},{"floor":14.0,"key":"Strength Potion"},{"floor":16.0,"key":"PowerPotion"},{"floor":18.0,"key":"Ancient Potion"},{"floor":30.0,"key":"Explosive Potion"},{"floor":31.0,"key":"Regen Potion"},{"floor":33.0,"key":"PowerPotion"},{"floor":37.0,"key":"Block Potion"},{"floor":39.0,"key":"LiquidBronze"},{"floor":40.0,"key":"Fire Potion"},{"floor":42.0,"key":"Strength Potion"},{"floor":44.0,"key":"Block Potion"},{"floor":45.0,"key":"SteroidPotion"},{"floor":48.0,"key":"Fire Potion"},{"floor":54.0,"key":"Weak Potion"}],"is_trial":false,"path_per_floor":["M","?","?","M","?","E","R","M","T","M","E","M","?","M","R","B",null,"M","?","M","$","M","E","?","R","T","E","?","T","E","M","R","B",null,"M","?","M","?","M","E","R","M","T","E","M","?","$","M","R","B",null,"R","$","E","B",null],"character_chosen":"THE_SERVANT","items_purchased":["Thread and Needle","Magnetism+1","Sadistic Nature+1","FossilizedHelix","Potion Belt","AttackPotion"],"campfire_rested":1,"item_purchase_floors":[21,21,47,47,47,53],"current_hp_per_floor":[62,49,46,50,50,38,57,61,61,65,58,62,51,51,51,39,65,65,59,63,63,47,51,51,51,51,55,55,55,61,61,61,65,65,65,65,65,57,61,61,61,62,76,76,76,76,76,75,75,41,76,76,76,69,4],"gold":38,"neow_bonus":"RANDOM_COLORLESS","is_daily":false,"chose_seed":false,"campfire_upgraded":3,"win_rate":0.0,"timestamp":1614266851,"path_taken":["M","?","?","M","?","E","R","M","T","M","E","?","?","M","R","BOSS","M","?","M","$","M","E","?","R","T","E","?","?","E","M","R","BOSS","M","?","?","?","M","E","R","M","T","E","M","?","$","?","R","BOSS","R","$","E","BOSS"],"items_purchased_type":["Relic","Card","Card","Relic","Relic","Potion"],"build_version":"2020-12-22","purchased_purges":0,"victory":true,"max_hp_per_floor":[65,65,65,65,65,65,65,65,65,65,65,65,65,65,65,65,65,65,65,65,65,65,65,65,65,65,65,65,65,65,65,65,65,65,65,65,65,65,65,65,62,62,76,76,76,76,76,76,76,76,76,76,76,76,76],"card_choices":[{"not_picked":["Deep Breath","Panacea"],"picked":"Bandage Up","floor":0.0},{"not_picked":["Spin","MoonPhase"],"picked":"InstantArmor","floor":1.0},{"not_picked":["TimeWarp","Barrier"],"picked":"BestPractice+1","floor":4.0},{"not_picked":["Revamp","Potential"],"picked":"Orbit","floor":6.0},{"not_picked":["Alleviate","Revamp","Spin"],"picked":"SKIP","floor":8.0},{"not_picked":["FastForward","Advance"],"picked":"SurpressingFire+1","floor":10.0},{"not_picked":["Foresight+1","Manipulate"],"picked":"Initiator","floor":11.0},{"not_picked":["Potential","Reset","Advance"],"picked":"SKIP","floor":12.0},{"not_picked":["Comet","Unruled"],"picked":"BottledTime","floor":14.0},{"not_picked":["Dilation","KillingDoll"],"picked":"Solidify","floor":16.0},{"not_picked":["Unruled","FanOfKnives"],"picked":"MoonPhase+1","floor":18.0},{"not_picked":["DoubleEdge","Starlight"],"picked":"DancingSilver","floor":20.0},{"not_picked":["Unruled","Spin","Replace"],"picked":"SKIP","floor":22.0},{"not_picked":["TimeWarp","DoubleEdge"],"picked":"InstantArmor+1","floor":23.0},{"not_picked":["SurpressingFire+1","SpecialFormula"],"picked":"Shuttle","floor":27.0},{"not_picked":["BottledTime","Potential+1"],"picked":"Luminosity+1","floor":30.0},{"not_picked":["Reset","ShatteredReality","Spin"],"picked":"SKIP","floor":31.0},{"not_picked":["Dilation","Sunlight"],"picked":"MurderousAura+1","floor":33.0},{"not_picked":["Defy","Comet+1","Potential+1"],"picked":"SKIP","floor":35.0},{"not_picked":["Defy","Revamp+1","TimeWarp"],"picked":"SKIP","floor":37.0},{"not_picked":["Defy","ShiftingGears+1"],"picked":"Deadline","floor":39.0},{"not_picked":["TimeWarp","Ricochet+1"],"picked":"RealityMarble+1","floor":40.0},{"not_picked":["Replace+1","Starlight+1","Moonlight+1"],"picked":"SKIP","floor":42.0},{"not_picked":["Sunlight","SpecialFormula"],"picked":"WasteNot+1","floor":44.0},{"not_picked":["DancingSilver","FastForward","Moondial+1"],"picked":"SKIP","floor":45.0},{"not_picked":["Contraction","Revamp","Unruled"],"picked":"SKIP","floor":48.0},{"not_picked":["SoulSculpture","Unruled"],"picked":"BottledTime+1","floor":54.0}],"player_experience":263968,"relics_obtained":[{"floor":6.0,"key":"Centennial Puzzle"},{"floor":11.0,"key":"Torii"},{"floor":23.0,"key":"CeramicFish"},{"floor":26.0,"key":"Oddly Smooth Stone"},{"floor":27.0,"key":"White Beast Statue"},{"floor":29.0,"key":"Mercury Hourglass"},{"floor":30.0,"key":"PreservedInsect"},{"floor":40.0,"key":"InkBottle"},{"floor":43.0,"key":"Mango"},{"floor":44.0,"key":"Smiling Mask"},{"floor":54.0,"key":"Blood Vial"}],"event_choices":[{"damage_healed":0.0,"max_hp_gain":0.0,"max_hp_loss":0.0,"gold_gain":0.0,"event_name":"Shining Light","player_choice":"Entered Light","floor":2.0,"gold_loss":0.0,"damage_taken":13.0,"cards_upgraded":["Strike_S","KidneyShot"]},{"damage_healed":0.0,"max_hp_gain":0.0,"max_hp_loss":0.0,"gold_gain":0.0,"event_name":"Scrap Ooze","player_choice":"Success","floor":3.0,"gold_loss":0.0,"damage_taken":3.0,"relics_obtained":["Frozen Egg 2"]},{"damage_healed":0.0,"max_hp_gain":0.0,"max_hp_loss":0.0,"gold_gain":100.0,"event_name":"Golden Shrine","player_choice":"Pray","floor":5.0,"gold_loss":0.0,"damage_taken":0.0},{"damage_healed":0.0,"max_hp_gain":0.0,"max_hp_loss":0.0,"gold_gain":75.0,"event_name":"World of Goop","player_choice":"Gather Gold","floor":13.0,"gold_loss":0.0,"damage_taken":11.0},{"damage_healed":0.0,"max_hp_gain":0.0,"max_hp_loss":0.0,"gold_gain":0.0,"event_name":"Nest","player_choice":"Joined the Cult","floor":19.0,"gold_loss":0.0,"damage_taken":6.0,"cards_obtained":["RitualDagger"]},{"damage_healed":0.0,"max_hp_gain":0.0,"max_hp_loss":0.0,"gold_gain":0.0,"event_name":"Drug Dealer","player_choice":"Inject Mutagens","floor":24.0,"gold_loss":0.0,"damage_taken":0.0,"relics_obtained":["MutagenicStrength"]},{"damage_healed":0.0,"max_hp_gain":0.0,"max_hp_loss":0.0,"gold_gain":0.0,"event_name":"The Mausoleum","player_choice":"Opened","floor":28.0,"gold_loss":0.0,"damage_taken":0.0,"relics_obtained":["Peace Pipe"],"cards_obtained":["Writhe"]},{"damage_healed":0.0,"max_hp_gain":0.0,"max_hp_loss":0.0,"gold_gain":0.0,"event_name":"WeMeetAgain","player_choice":"Gave Potion","floor":36.0,"gold_loss":0.0,"damage_taken":0.0,"relics_obtained":["Bronze Scales"]},{"damage_healed":0.0,"max_hp_gain":0.0,"max_hp_loss":0.0,"gold_gain":0.0,"event_name":"Winding Halls","player_choice":"Embrace Madness","floor":38.0,"gold_loss":0.0,"damage_taken":8.0,"cards_obtained":["Madness","Madness"]},{"cards_removed":["Madness"],"damage_healed":0.0,"max_hp_gain":0.0,"max_hp_loss":0.0,"gold_gain":0.0,"event_name":"NoteForYourself","player_choice":"Took Card","floor":46.0,"gold_loss":0.0,"damage_taken":0.0,"cards_obtained":["Strike_R"]}],"is_beta":false,"boss_relics":[{"not_picked":["Philosopher\u0027s Stone","Pandora\u0027s Box"],"picked":"SplendidAttire"},{"not_picked":["MysterySword","Snecko Eye"],"picked":"Runic Dome"}],"items_purged_floors":[],"is_endless":false,"potions_floor_spawned":[4,10,14,16,18,30,31,33,35,37,39,40,42,44,45,48,54],"ascension_level":1}}