{"host":"r4aerl4ckfvw1dw3","time":1614238347,"event":{"mods":["BaseMod","BetterRewards","Minty Spire (QoL Compilation)","Quick Restart","StSLib"],"gold_per_floor":[114,125,4,4,16,48,48,92,115,115,115,87,114,143,143,255,255,277,22,39,62,102,102,102],"floor_reached":23,"language":"ENG","playtime":2058,"items_purged":["Strike_B","Strike_B"],"score":332,"play_id":"b8fc2d0d-0526-4f2c-ba9a-bfcfc64f95f6","local_time":"20210224233227","is_ascension_mode":true,"campfire_choices":[{"data":"Zap","floor":7.0,"key":"SMITH"},{"data":"Dualcast","floor":11.0,"key":"SMITH"},{"data":"Loop","floor":15.0,"key":"SMITH"}],"circlet_count":0,"master_deck":["AscendersBane","Strike_B","Defend_B","Defend_B","Defend_B","Zap+1","Dualcast+1","All For One","Turbo","Glacier+1","Compile Driver","Chill","Cold Snap","Core Surge","Loop+1","Barrage","Compile Driver","Electrodynamics","Recycle","Dark Shackles","Glacier","Steam","Undo"],"relics":["Cracked Core","Boot","CeramicFish","Bag of Preparation","SlaversCollar","Red Mask"],"acts_visited":["Exordium","TheCity"],"potions_floor_usage":[23],"damage_taken":[{"damage":5.0,"enemies":"Cultist","floor":1.0,"turns":4.0},{"damage":0.0,"enemies":"2 Louse","floor":2.0,"turns":1.0},{"damage":1.0,"enemies":"Jaw Worm","floor":5.0,"turns":3.0},{"damage":11.0,"enemies":"Lagavulin","floor":6.0,"turns":10.0},{"damage":10.0,"enemies":"3 Sentries","floor":8.0,"turns":9.0},{"damage":0.0,"enemies":"Blue Slaver","floor":13.0,"turns":3.0},{"damage":0.0,"enemies":"Gremlin Gang","floor":14.0,"turns":4.0},{"damage":11.0,"enemies":"Hexaghost","floor":16.0,"turns":9.0},{"damage":11.0,"enemies":"Shell Parasite","floor":18.0,"turns":5.0},{"damage":12.0,"enemies":"2 Thieves","floor":20.0,"turns":4.0},{"damage":25.0,"enemies":"Shelled Parasite and Fungi","floor":21.0,"turns":6.0},{"damage":6.0,"enemies":"Masked Bandits","floor":22.0,"turns":3.0},{"damage":1,"enemies":"Gremlin Leader","floor":23,"turns":5}],"seed_played":"8100020599380626391","potions_obtained":[{"floor":1.0,"key":"SkillPotion"},{"floor":6.0,"key":"SkillPotion"},{"floor":8.0,"key":"Regen Potion"},{"floor":18.0,"key":"PotionOfCapacity"}],"is_trial":false,"path_per_floor":["M","M","$","?","M","E","R","E","T","?","R","$","M","M","R","B",null,"M","$","M","M","?","E"],"character_chosen":"DEFECT","items_purchased":["Compile Driver","Loop","Dark Shackles","Glacier"],"campfire_rested":0,"item_purchase_floors":[3,12,19,19],"current_hp_per_floor":[63,63,63,56,55,44,44,34,34,34,34,34,34,34,34,38,66,55,55,43,18,12,11,11],"gold":102,"neow_bonus":"TRANSFORM_CARD","is_daily":false,"chose_seed":false,"campfire_upgraded":3,"win_rate":0.0,"timestamp":1614238347,"path_taken":["M","M","$","?","M","E","R","E","T","?","R","$","M","?","R","BOSS","M","$","M","M","?","E"],"items_purchased_type":["Card","Card","Card","Card"],"build_version":"2020-12-22","purchased_purges":2,"victory":false,"max_hp_per_floor":[75,75,75,75,75,75,75,75,75,75,75,75,75,75,75,75,75,75,75,75,75,75,75,75],"card_choices":[{"not_picked":["Loop","Barrage"],"picked":"Turbo","floor":1.0},{"not_picked":["Compile Driver","Coolheaded"],"picked":"Glacier","floor":2.0},{"not_picked":["Stack","Leap"],"picked":"Chill","floor":5.0},{"not_picked":["Hologram","Scrape"],"picked":"Cold Snap","floor":6.0},{"not_picked":["Steam","Turbo"],"picked":"Core Surge","floor":8.0},{"not_picked":["Sweeping Beam","White Noise"],"picked":"Barrage","floor":13.0},{"not_picked":["Streamline","Gash"],"picked":"Compile Driver","floor":14.0},{"not_picked":["Amplify","Core Surge"],"picked":"Electrodynamics","floor":16.0},{"not_picked":["Heatsinks","Gash"],"picked":"Recycle","floor":18.0},{"not_picked":["Double Energy","Steam","Gash"],"picked":"SKIP","floor":20.0},{"not_picked":["Force Field+1","Barrage"],"picked":"Steam","floor":21.0},{"not_picked":["Coolheaded","FTL+1"],"picked":"Undo","floor":22.0}],"player_experience":725866,"relics_obtained":[{"floor":6.0,"key":"Boot"},{"floor":8.0,"key":"CeramicFish"},{"floor":9.0,"key":"Bag of Preparation"},{"floor":22.0,"key":"Red Mask"}],"event_choices":[{"cards_removed":["Defend_B"],"damage_healed":0.0,"max_hp_gain":0.0,"max_hp_loss":0.0,"gold_gain":0.0,"event_name":"Golden Wing","player_choice":"Card Removal","floor":4.0,"gold_loss":0.0,"damage_taken":7.0},{"damage_healed":0.0,"max_hp_gain":0.0,"max_hp_loss":0.0,"gold_gain":0.0,"event_name":"Upgrade Shrine","player_choice":"Upgraded","floor":10.0,"gold_loss":0.0,"damage_taken":0.0,"cards_upgraded":["Glacier"]},{"damage_healed":0.0,"max_hp_gain":0.0,"max_hp_loss":0.0,"gold_gain":0.0,"event_name":"Masked Bandits","player_choice":"Fought Bandits","floor":22.0,"gold_loss":0.0,"damage_taken":0.0}],"is_beta":false,"boss_relics":[{"not_picked":["Calling Bell","SacredBark"],"picked":"SlaversCollar"}],"items_purged_floors":[3,19],"is_endless":false,"potions_floor_spawned":[1,6,8,18],"killed_by":"Gremlin Leader","ascension_level":10}}