{"host":"nihqlga4zpmrcpl9","time":1614269743,"event":{"mods":["BaseMod","LagranYue(拉格朗・月)","Marisa（F雨　魔理沙）","Minty Spire (QoL Compilation)","Replay The Spire","Shop Mod","StSLib","The Bug Knight","The Cursed","The Hierophant","The Servant 0.9.4"],"gold_per_floor":[118,137,137,150,150,165,200,221,303,327,361,361,142,157,157,288,288,304,329,329,248,264,307,307,328,328,363,363,404,404,418,418,418,418],"floor_reached":33,"language":"ZHS","playtime":2079,"items_purged":[],"score":595,"play_id":"80116f03-0814-46ea-ad27-ddd4553dc31d","local_time":"20210226001543","is_ascension_mode":true,"campfire_choices":[{"data":"Defragment","floor":12,"key":"SMITH"},{"data":"Defragment","floor":15,"key":"SMITH"},{"data":"Consume","floor":24,"key":"SMITH"},{"floor":30,"key":"REST"},{"data":"Loop","floor":32,"key":"SMITH"}],"circlet_count":0,"master_deck":["Strike_B","Strike_B","Strike_B","Defend_B","Defend_B","Defend_B","Defend_B","Zap","Dualcast+1","Defragment+1","Coolheaded","Leap","Hello World","Defragment+1","Undo","Loop+1","Genetic Algorithm","Defragment+1","Stack","Auto Shields","ReplayRNGCard","Aggregate","Conserve Battery+1","Pain","Consume+1","Electrodynamics","Leap","Chill","Machine Learning","Cold Snap","Ghostly","Ghostly","Ghostly","Ghostly","Ghostly","Conserve Battery","Darkness+1","Streamline"],"relics":["Cracked Core","LagranYue:RandomDrawCardRelic","Golden Idol","Snack Pack","Garlic","Thread and Needle","MerchantsRug","Inserter","PreservedInsect","Geode","Dream Catcher","Gremlin Horn"],"acts_visited":["Exordium","TheCity"],"potions_floor_usage":[],"damage_taken":[{"damage":2,"enemies":"Jaw Worm","floor":1,"turns":3},{"damage":4,"enemies":"2 Louse","floor":2,"turns":2},{"damage":0,"enemies":"Cultist","floor":4,"turns":5},{"damage":4,"enemies":"Blue Slaver","floor":6,"turns":4},{"damage":8,"enemies":"3 Sentries","floor":7,"turns":9},{"damage":7,"enemies":"Large Slime","floor":8,"turns":6},{"damage":1,"enemies":"2 Fungi Beasts","floor":10,"turns":3},{"damage":28,"enemies":"Gremlin Nob","floor":11,"turns":5},{"damage":1,"enemies":"Lots of Slimes","floor":14,"turns":4},{"damage":0,"enemies":"Hexaghost","floor":16,"turns":13},{"damage":13,"enemies":"3 Byrds","floor":18,"turns":8},{"damage":0,"enemies":"Spheric Guardian","floor":19,"turns":9},{"damage":3,"enemies":"Cultist and Chosen","floor":22,"turns":12},{"damage":1,"enemies":"HollowMod:Nosk","floor":23,"turns":7},{"damage":0,"enemies":"Snake Plant","floor":25,"turns":5},{"damage":44,"enemies":"Gremlin Leader","floor":27,"turns":10},{"damage":3,"enemies":"Replay:Snechameleon","floor":29,"turns":7},{"damage":2,"enemies":"Snecko","floor":31,"turns":7},{"damage":11,"enemies":"Pondfish","floor":33,"turns":7}],"seed_played":"5289516412520437808","potions_obtained":[{"floor":2,"key":"Weak Potion"},{"floor":4,"key":"LiquidBronze"},{"floor":7,"key":"Swift Potion"},{"floor":14,"key":"Block Potion"},{"floor":16,"key":"Explosive Potion"},{"floor":18,"key":"Reflective Coating"},{"floor":23,"key":"ColorlessPotion"},{"floor":25,"key":"PowerPotion"}],"is_trial":false,"path_per_floor":["M","M","?","M","?","M","E","M","T","M","E","R","$","M","R","B",null,"M","M","?","$","M","E","R","M","T","E","?","E","R","M","R","B"],"character_chosen":"DEFECT","items_purchased":["Defragment","MerchantsRug","Stack","Electrodynamics"],"campfire_rested":1,"item_purchase_floors":[13,13,13,21],"current_hp_per_floor":[66,62,62,62,62,58,50,43,43,44,16,16,16,15,15,15,60,49,53,53,53,50,49,49,49,49,5,5,2,13,11,11,0,0],"gold":418,"neow_bonus":"UPGRADE_CARD","is_daily":false,"chose_seed":false,"campfire_upgraded":4,"win_rate":0.0,"timestamp":1614269743,"path_taken":["M","M","?","M","?","M","E","M","T","?","E","R","$","M","R","BOSS","M","M","?","$","M","E","R","M","T","E","?","E","R","M","R","BOSS"],"items_purchased_type":["Card","Relic","Card","Card"],"build_version":"2020-12-22","purchased_purges":0,"victory":false,"max_hp_per_floor":[75,75,75,75,75,75,75,75,75,75,75,75,75,75,75,75,75,75,75,75,75,75,75,75,75,75,75,37,37,37,37,37,37,37],"card_choices":[{"not_picked":["BasicCrystalCard","ReplaySort"],"picked":"Defragment","floor":1},{"not_picked":["Turbo","Ball Lightning"],"picked":"Coolheaded","floor":2},{"not_picked":["Redo","Go for the Eyes"],"picked":"Leap","floor":4},{"not_picked":["BasicCrystalCard","Rebound"],"picked":"Hello World","floor":6},{"not_picked":["Steam","BasicCrystalCard"],"picked":"Defragment","floor":7},{"not_picked":["ReplayTheSpireMod:System Scan","Time Bomb"],"picked":"Undo","floor":8},{"not_picked":["Core Surge","Stack"],"picked":"Loop","floor":10},{"not_picked":["Skim","Panic Button"],"picked":"Genetic Algorithm","floor":11},{"not_picked":["Panic Button","Compile Driver"],"picked":"Auto Shields","floor":14},{"not_picked":["Hyperbeam","Reboot"],"picked":"ReplayRNGCard","floor":16},{"not_picked":["Turbo","ReplaySolidLightProjector"],"picked":"Aggregate","floor":18},{"not_picked":["Cold Snap+1","Blizzard"],"picked":"Conserve Battery+1","floor":19},{"not_picked":["Gash","Rebound+1"],"picked":"Leap","floor":22},{"not_picked":["Stack","Blizzard"],"picked":"Chill","floor":23},{"not_picked":["Hologram+1","Rebound+1"],"picked":"Machine Learning","floor":25},{"not_picked":["Go for the Eyes","Thunder Strike"],"picked":"Cold Snap","floor":27},{"not_picked":["Lockon","ReplayGash+1"],"picked":"Conserve Battery","floor":29},{"not_picked":["Gash","Lockon"],"picked":"Darkness+1","floor":30},{"not_picked":["Panic Button","Sweeping Beam"],"picked":"Streamline","floor":31}],"player_experience":831874,"relics_obtained":[{"floor":7,"key":"Snack Pack"},{"floor":9,"key":"Garlic"},{"floor":11,"key":"Thread and Needle"},{"floor":23,"key":"PreservedInsect"},{"floor":26,"key":"Geode"},{"floor":27,"key":"Dream Catcher"},{"floor":29,"key":"Gremlin Horn"}],"event_choices":[{"damage_healed":0,"gold_gain":0,"player_choice":"Take Wound","damage_taken":0,"relics_obtained":["Golden Idol"],"max_hp_gain":0,"max_hp_loss":0,"event_name":"Golden Idol","floor":3,"gold_loss":0,"cards_obtained":["Injury"]},{"damage_healed":0,"gold_gain":0,"player_choice":"Upgraded","damage_taken":0,"max_hp_gain":0,"max_hp_loss":0,"event_name":"Upgrade Shrine","floor":5,"gold_loss":0,"cards_upgraded":["Defragment"]},{"damage_healed":0,"gold_gain":0,"cards_transformed":["Injury","Strike_B"],"player_choice":"Became Test Subject","damage_taken":0,"max_hp_gain":0,"max_hp_loss":0,"event_name":"Drug Dealer","floor":20,"gold_loss":0,"cards_obtained":["Pain","Consume"]},{"damage_healed":0,"gold_gain":0,"player_choice":"Became a Ghost","damage_taken":0,"max_hp_gain":0,"max_hp_loss":38,"event_name":"Ghosts","floor":28,"gold_loss":0,"cards_obtained":["Ghostly","Ghostly","Ghostly","Ghostly","Ghostly"]}],"is_beta":false,"boss_relics":[{"not_picked":["Tiny House","SacredBark"],"picked":"Inserter"}],"items_purged_floors":[],"is_endless":false,"potions_floor_spawned":[2,4,7,14,16,18,19,23,25],"killed_by":"Pondfish","ascension_level":6}}