{"host":"lwys0gbp6t40j7jh","time":1614217382,"event":{"mods":["Act Like it!","BaseMod","CapriCore","Friendly Minions","GifTheSpireLib","Minty Spire (QoL Compilation)","StSLib","SuperFastMode","The Administrix","The Bug Knight","The Cursed","The Hierophant"],"gold_per_floor":[218,234,244,255,268,293,5,5,5,25,25,25,56,56,56,156,156,168,180,112,112,112,112,132,143,170,170,182,201,201,116,116,116,116],"floor_reached":33,"language":"ENG","playtime":1036,"items_purged":["AdministrixMod:Strike_Administrix"],"score":259,"play_id":"f33b8711-269d-4b1e-b28d-9f6304749a8e","local_time":"20210225024302","is_ascension_mode":false,"campfire_choices":[{"data":"AdministrixMod:WickedPunishment","floor":8,"key":"SMITH"},{"floor":11,"key":"REST"},{"floor":15,"key":"REST"},{"data":"AdministrixMod:ChooseYourEnd","floor":23,"key":"SMITH"},{"floor":27,"key":"REST"},{"floor":30,"key":"REST"},{"floor":32,"key":"REST"}],"circlet_count":0,"master_deck":["AdministrixMod:Strike_Administrix","AdministrixMod:RedCloak","AdministrixMod:Defend_Administrix","AdministrixMod:Defend_Administrix","AdministrixMod:Defend_Administrix","AdministrixMod:BlueCloak","AdministrixMod:CrackingPangu","AdministrixMod:ExtolVirtue","AdministrixMod:ShadowPlay","AdministrixMod:WickedPunishment+1","AdministrixMod:ImmortalGrace","AdministrixMod:ImmortalClarity","AdministrixMod:CenturiesAscent","AdministrixMod:PassageOfAges+1","AdministrixMod:WifeLightning","AdministrixMod:DiversionaryTactic+1","AdministrixMod:Transition","AdministrixMod:ChooseYourEnd+1","AdministrixMod:NoblePath+1","AdministrixMod:GuanyinBlessing","AdministrixMod:ArmillarySphere","AdministrixMod:BishamonBlessing"],"relics":["AdministrixMod:ConductorRitualBaton","Regal Pillow","Blue Candle","Calipers","Empty Cage","MutagenicStrength","Whetstone","Matryoshka"],"acts_visited":["Exordium","TheCity"],"potions_floor_usage":[13,13,19,33],"damage_taken":[{"damage":7,"enemies":"Jaw Worm","floor":1,"turns":5},{"damage":1,"enemies":"2 Louse","floor":2,"turns":3},{"damage":0,"enemies":"Small Slimes","floor":3,"turns":3},{"damage":0,"enemies":"Exordium Thugs","floor":4,"turns":3},{"damage":6,"enemies":"Large Slime","floor":5,"turns":6},{"damage":7,"enemies":"HollowMod:MossKnight","floor":6,"turns":11},{"damage":5,"enemies":"Looter","floor":10,"turns":3},{"damage":16,"enemies":"Lagavulin","floor":13,"turns":5},{"damage":58,"enemies":"Hexaghost","floor":16,"turns":11},{"damage":9,"enemies":"3 Byrds","floor":18,"turns":4},{"damage":4,"enemies":"Chosen","floor":19,"turns":4},{"damage":29,"enemies":"Snake Plant","floor":24,"turns":6},{"damage":3,"enemies":"Centurion and Healer","floor":25,"turns":5},{"damage":15,"enemies":"Snecko","floor":28,"turns":4},{"damage":34,"enemies":"Snake Plant","floor":29,"turns":5},{"damage":81,"enemies":"Collector","floor":33,"turns":8}],"seed_played":"-7444873821922311189","potions_obtained":[{"floor":3,"key":"GamblersBrew"},{"floor":6,"key":"SkillPotion"},{"floor":10,"key":"PowerPotion"},{"floor":13,"key":"Energy Potion"},{"floor":19,"key":"Fruit Juice"},{"floor":25,"key":"SpeedPotion"}],"is_trial":false,"path_per_floor":["M","M","M","M","M","E","$","R","T","M","R","?","E","$","R","B",null,"M","M","$","?","?","R","M","M","T","R","M","M","R","?","R","B"],"character_chosen":"TheAdministrix","items_purchased":["AdministrixMod:ImmortalGrace","AdministrixMod:ImmortalClarity","AdministrixMod:ChooseYourEnd"],"campfire_rested":5,"item_purchase_floors":[7,7,20],"current_hp_per_floor":[58,57,57,57,51,44,44,44,44,39,65,58,42,42,65,7,65,56,57,57,57,57,57,28,25,25,61,46,12,48,48,70,0,0],"gold":116,"neow_bonus":"HUNDRED_GOLD","is_daily":false,"chose_seed":false,"campfire_upgraded":2,"win_rate":0.0,"timestamp":1614217382,"path_taken":["M","M","M","M","M","E","$","R","T","M","R","?","E","$","R","BOSS","M","M","$","?","?","R","M","M","T","R","M","M","R","?","R","BOSS"],"items_purchased_type":["Card","Card","Card"],"build_version":"2020-12-22","purchased_purges":1,"victory":false,"max_hp_per_floor":[65,65,65,65,65,65,65,65,65,65,65,65,65,65,65,65,65,65,70,70,70,70,70,70,70,70,70,70,70,70,70,70,70,70],"card_choices":[{"not_picked":["AdministrixMod:TouchOfCinnabar","AdministrixMod:NewWardrobe"],"picked":"AdministrixMod:CrackingPangu","floor":1},{"not_picked":["AdministrixMod:ImmortalGrace","AdministrixMod:SeventeenArticleLaser"],"picked":"AdministrixMod:ExtolVirtue","floor":2},{"not_picked":["AdministrixMod:TouchOfCinnabar","AdministrixMod:Wuji"],"picked":"AdministrixMod:ShadowPlay","floor":3},{"not_picked":["AdministrixMod:Untouchable","AdministrixMod:LightOfYourLife","AdministrixMod:DiversionaryTactic"],"picked":"SKIP","floor":4},{"not_picked":["AdministrixMod:Untouchable","AdministrixMod:BegetEternity","AdministrixMod:ReachToHeaven"],"picked":"SKIP","floor":5},{"not_picked":["AdministrixMod:HarmonicReverence","AdministrixMod:BloodlessSapphire"],"picked":"AdministrixMod:WickedPunishment","floor":6},{"not_picked":["AdministrixMod:ImmortalClarity","AdministrixMod:CastOffRegrets"],"picked":"AdministrixMod:CenturiesAscent","floor":10},{"not_picked":["AdministrixMod:UnstableVigor","AdministrixMod:LightOfYourLife"],"picked":"AdministrixMod:PassageOfAges","floor":13},{"not_picked":["AdministrixMod:AmassedMasks","AdministrixMod:HaveItAll"],"picked":"AdministrixMod:WifeLightning","floor":16},{"not_picked":["AdministrixMod:ShadowPlay+1","AdministrixMod:Transcension"],"picked":"AdministrixMod:DiversionaryTactic+1","floor":18},{"not_picked":["AdministrixMod:BegetEternity+1","AdministrixMod:TrickOfTheLight"],"picked":"AdministrixMod:Transition","floor":19},{"not_picked":["AdministrixMod:ExtolVirtue","AdministrixMod:WifeLightning"],"picked":"AdministrixMod:NoblePath","floor":24},{"not_picked":["AdministrixMod:ExtolVirtue","AdministrixMod:DiversionaryTactic+1"],"picked":"AdministrixMod:GuanyinBlessing","floor":25},{"not_picked":["AdministrixMod:DiversionaryTactic","AdministrixMod:SyncreticSurge"],"picked":"AdministrixMod:ArmillarySphere","floor":28},{"not_picked":["AdministrixMod:SipOfSparks","AdministrixMod:NoblePath"],"picked":"AdministrixMod:BishamonBlessing","floor":29}],"player_experience":1358240,"relics_obtained":[{"floor":6,"key":"Regal Pillow"},{"floor":9,"key":"Blue Candle"},{"floor":13,"key":"Calipers"},{"floor":26,"key":"Whetstone"}],"event_choices":[{"cards_removed":["AdministrixMod:Strike_Administrix"],"damage_healed":0,"gold_gain":0,"player_choice":"Card Removal","damage_taken":7,"max_hp_gain":0,"max_hp_loss":0,"event_name":"Golden Wing","floor":12,"gold_loss":0},{"damage_healed":0,"gold_gain":0,"player_choice":"Inject Mutagens","damage_taken":0,"relics_obtained":["MutagenicStrength"],"max_hp_gain":0,"max_hp_loss":0,"event_name":"Drug Dealer","floor":21,"gold_loss":0},{"damage_healed":0,"gold_gain":0,"player_choice":"Ignored","damage_taken":0,"max_hp_gain":0,"max_hp_loss":0,"event_name":"Cursed Tome","floor":22,"gold_loss":0},{"damage_healed":0,"gold_gain":0,"player_choice":"Obtained Relic","damage_taken":0,"relics_obtained":["Matryoshka"],"max_hp_gain":0,"max_hp_loss":0,"event_name":"Addict","floor":31,"gold_loss":85}],"is_beta":false,"boss_relics":[{"not_picked":["Runic Pyramid","Calling Bell"],"picked":"Empty Cage"}],"items_purged_floors":[7],"is_endless":false,"potions_floor_spawned":[3,6,10,13,19,25],"killed_by":"Collector","ascension_level":0}}