{"host":"00f1p9ihhzi7hxfk","time":1614258264,"event":{"mods":["AchievementEnabler","BaseMod","Colored Map","Colored Powertips","Minty Spire (QoL Compilation)","Rare Cards Sparkle","Relic Stats"],"gold_per_floor":[112,131,147,165,179,179,195,370,370,370,360,360,391,77,77,177,177,194,208,220,220,29,59,59,76,76,76,88,120,120,134,134,134,134],"floor_reached":33,"language":"DEU","playtime":2109,"items_purged":[],"score":291,"play_id":"7af35d2b-36aa-4bb5-8d5f-0c252e794ee1","local_time":"20210225140424","is_ascension_mode":false,"campfire_choices":[{"floor":6.0,"key":"REST"},{"floor":12.0,"key":"REST"},{"floor":15.0,"key":"REST"},{"floor":24,"key":"REST"},{"floor":27,"key":"REST"},{"floor":32,"key":"REST"}],"circlet_count":0,"master_deck":["Strike_G","Strike_G","Strike_G","Strike_G","Strike_G","Defend_G","Defend_G","Defend_G","Defend_G","Defend_G","Survivor","Neutralize","Noxious Fumes","Poisoned Stab","Dagger Spray","Bane","Dash","Deadly Poison","Doubt","Parasite","Dodge and Roll","Catalyst","Catalyst+1","Adrenaline+1","Outmaneuver+1","Noxious Fumes","Distraction+1","Deflect+1","Dash+1"],"relics":["Ring of the Snake","Meat on the Bone","Dream Catcher","Toxic Egg 2","Runic Pyramid","Blood Vial","Lizard Tail","Tiny Chest","Matryoshka"],"acts_visited":["Exordium","TheCity"],"potions_floor_usage":[23],"damage_taken":[{"damage":0.0,"enemies":"Jaw Worm","floor":1.0,"turns":6.0},{"damage":3.0,"enemies":"2 Louse","floor":2.0,"turns":6.0},{"damage":1.0,"enemies":"Cultist","floor":3.0,"turns":5.0},{"damage":6.0,"enemies":"Blue Slaver","floor":4.0,"turns":5.0},{"damage":2.0,"enemies":"Looter","floor":5.0,"turns":3.0},{"damage":13.0,"enemies":"Gremlin Gang","floor":7.0,"turns":6.0},{"damage":12.0,"enemies":"Exordium Thugs","floor":11.0,"turns":5.0},{"damage":17.0,"enemies":"Lagavulin","floor":13.0,"turns":7.0},{"damage":16.0,"enemies":"The Guardian","floor":16.0,"turns":7.0},{"damage":9.0,"enemies":"Spheric Guardian","floor":18.0,"turns":5.0},{"damage":0.0,"enemies":"Chosen","floor":19.0,"turns":5.0},{"damage":1.0,"enemies":"Snake Plant","floor":20.0,"turns":4.0},{"damage":50,"enemies":"Slavers","floor":23,"turns":6},{"damage":9,"enemies":"3 Cultists","floor":25,"turns":5},{"damage":15,"enemies":"Chosen and Byrds","floor":28,"turns":6},{"damage":46,"enemies":"Gremlin Leader","floor":29,"turns":6},{"damage":35,"enemies":"Snake Plant","floor":31,"turns":5},{"damage":72,"enemies":"Collector","floor":33,"turns":5}],"seed_played":"-359196586664457795","potions_obtained":[{"floor":1.0,"key":"SpeedPotion"},{"floor":3.0,"key":"Swift Potion"},{"floor":11.0,"key":"SteroidPotion"},{"floor":25,"key":"Strength Potion"},{"floor":29,"key":"Strength Potion"}],"is_trial":false,"path_per_floor":["M","M","M","M","M","R","M","?","T","?","M","R","E","$","R","B",null,"M","M","M","?","$","E","R","M","T","R","M","E","?","M","R","B"],"character_chosen":"THE_SILENT","items_purchased":["Toxic Egg 2","Catalyst+1","Blood Vial","Noxious Fumes"],"campfire_rested":6,"item_purchase_floors":[14,14,22,22],"current_hp_per_floor":[77,74,73,67,65,77,64,64,64,77,65,77,60,60,77,61,77,68,68,67,67,67,31,54,47,47,70,57,25,25,43,66,0,0],"gold":134,"neow_bonus":"TEN_PERCENT_HP_BONUS","is_daily":false,"chose_seed":false,"campfire_upgraded":0,"win_rate":0.0,"timestamp":1614258264,"path_taken":["M","M","M","M","M","R","M","?","T","?","M","R","E","$","R","BOSS","M","M","M","?","$","E","R","M","T","R","M","E","?","M","R","BOSS"],"items_purchased_type":["Relic","Card","Relic","Card"],"build_version":"2020-12-22","purchased_purges":0,"victory":false,"max_hp_per_floor":[77,77,77,77,77,77,77,77,77,77,77,77,77,77,77,77,77,77,77,77,77,77,77,77,77,77,77,77,77,77,77,77,77,77],"relic_stats":{"Blood Vial":12,"Dream Catcher":4,"Lizard Tail":38,"counters":[18,97],"Tiny Chest":0,"obtain_stats":[{"Blood Vial":22,"Dream Catcher":13,"Lizard Tail":23,"Matryoshka":29,"Tiny Chest":26,"Toxic Egg 2":14,"Ring of the Snake":0,"Meat on the Bone":9,"Runic Pyramid":17},{"Blood Vial":12,"Dream Catcher":8,"Lizard Tail":13,"Matryoshka":16,"Tiny Chest":14,"Toxic Egg 2":8,"Ring of the Snake":0,"Meat on the Bone":6,"Runic Pyramid":9},{"Blood Vial":64,"Dream Catcher":43,"Lizard Tail":70,"Matryoshka":87,"Tiny Chest":75,"Toxic Egg 2":43,"Ring of the Snake":0,"Meat on the Bone":31,"Runic Pyramid":50}],"Ring of the Snake":[36],"Meat on the Bone":36},"card_choices":[{"not_picked":["Choke","Outmaneuver"],"picked":"Noxious Fumes","floor":1.0},{"not_picked":["Quick Slash","Backflip"],"picked":"Poisoned Stab","floor":2.0},{"not_picked":["Slice","Outmaneuver"],"picked":"Dagger Spray","floor":3.0},{"not_picked":["Slice","Quick Slash"],"picked":"Bane","floor":4.0},{"not_picked":["Bane","Deflect"],"picked":"Dash","floor":5.0},{"not_picked":["After Image","Riddle With Holes"],"picked":"Deadly Poison","floor":7.0},{"not_picked":["Blade Dance","Underhanded Strike"],"picked":"Dodge and Roll","floor":11.0},{"not_picked":["Dash","Eviscerate"],"picked":"Catalyst","floor":13.0},{"not_picked":["After Image","A Thousand Cuts"],"picked":"Adrenaline+1","floor":16.0},{"not_picked":["Acrobatics+1","Slice"],"picked":"Outmaneuver+1","floor":18.0},{"not_picked":["Dagger Spray","Flying Knee","Quick Slash"],"picked":"SKIP","floor":19.0},{"not_picked":["Underhanded Strike","Prepared+1","Phantasmal Killer+1"],"picked":"SKIP","floor":20.0},{"not_picked":["Riddle With Holes","Noxious Fumes","Quick Slash"],"picked":"SKIP","floor":23},{"not_picked":["Quick Slash","Sucker Punch"],"picked":"Distraction+1","floor":24},{"not_picked":["Dagger Spray","Backflip+1","Prepared+1"],"picked":"SKIP","floor":25},{"not_picked":["Choke+1","Dagger Spray"],"picked":"Deflect+1","floor":28},{"not_picked":["Blade Dance+1","Die Die Die"],"picked":"Dash+1","floor":29},{"not_picked":["Slice","Dash","Acrobatics+1"],"picked":"SKIP","floor":31}],"player_experience":122799,"relics_obtained":[{"floor":9.0,"key":"Meat on the Bone"},{"floor":13.0,"key":"Dream Catcher"},{"floor":23,"key":"Lizard Tail"},{"floor":26,"key":"Tiny Chest"},{"floor":29,"key":"Matryoshka"}],"event_choices":[{"damage_healed":0.0,"max_hp_gain":0.0,"max_hp_loss":0.0,"gold_gain":175.0,"event_name":"Liars Game","player_choice":"AGREE","floor":8.0,"gold_loss":0.0,"damage_taken":0.0,"cards_obtained":["Doubt"]},{"damage_healed":19.0,"max_hp_gain":0.0,"max_hp_loss":0.0,"gold_gain":0.0,"event_name":"Mushrooms","player_choice":"Healed and dodged fight","floor":10.0,"gold_loss":0.0,"damage_taken":0.0,"cards_obtained":["Parasite"]},{"damage_healed":0,"gold_gain":0,"player_choice":"Ignored","damage_taken":0,"max_hp_gain":0,"max_hp_loss":0,"event_name":"Cursed Tome","floor":21,"gold_loss":0},{"damage_healed":0,"gold_gain":0,"player_choice":"Ignored","damage_taken":0,"max_hp_gain":0,"max_hp_loss":0,"event_name":"The Mausoleum","floor":30,"gold_loss":0}],"is_beta":false,"boss_relics":[{"not_picked":["Calling Bell","Ring of the Serpent"],"picked":"Runic Pyramid"}],"items_purged_floors":[],"is_endless":false,"potions_floor_spawned":[1,3,11,16,18,25,29,31],"killed_by":"Collector","ascension_level":0}}