{"host":"87w2793jpavfbt1o","time":1614242422,"event":{"mods":["AchievementEnabler","Aspiration","BaseMod","Better Altar","Better Match","Better Note","Better Sensory Stone","Better Skull","Better Third Choice","Better Vampires","BetterRewards","Conspire","Displayed Cursed Tome","Downfall","Energized Spire","Filter the Spire","Halation","Highlight Path","Hubris","Infinite Spire","Marked Mod","Minty Spire (QoL Compilation)","Practice Mode","Relic Filter","Relic Sorter","Replay The Spire","Shop Mod","StSLib","TestMod","??????REMEMod"],"gold_per_floor":[116,132,132,144,144,144,179,179,249,249,259,286,304,335,335,430,430,641,676,676,74,83,112,40,68,68,68,79,88,88,100,100,201,250,265,13,30,30,30,61,75,75,75,75,86,118,118,317,317,317,317,317,69,96,96,96],"floor_reached":55,"language":"ENG","playtime":5652,"items_purged":["ReplayTheSpireMod:Doomed"],"score":1095,"play_id":"ebe97e1e-5a12-46d3-abfb-05b6b36a813d","local_time":"20210225004022","is_ascension_mode":true,"campfire_choices":[{"floor":6,"key":"RECALL"},{"floor":8,"key":"REST"},{"data":"Blasphemy","floor":10,"key":"SMITH"},{"data":"Draining Mist","floor":15,"key":"SMITH"},{"data":"Replay:Dark Deal","floor":27,"key":"SMITH"},{"data":"Burst","floor":32,"key":"SMITH"},{"floor":42,"key":"REST"},{"floor":44,"key":"REST"},{"floor":47,"key":"REST"},{"data":"hubris:Fate","floor":49,"key":"SMITH"},{"data":"conspire:DoublingDagger","floor":52,"key":"SMITH"}],"circlet_count":0,"master_deck":["Strike_G","Strike_G","Strike_G","Strike_G","Strike_G","Defend_G","Defend_G","Defend_G+1","Defend_G","Defend_G","Survivor","Neutralize","Blasphemy+1","Acrobatics","Replay:Poison Smokescreen","Dagger Spray+1","Atom Bomb","REME_ShadowStrike","Draining Mist+1","Draining Mist+1","Fluid Movement","Burst+1","downfall:Aged","Outmaneuver","Replay:Dark Deal+1","ReplayTheSpireMod:Scrap Shanks","Escape Plan","Caltrops+1","Replay:Poison Smokescreen","Poisoned Stab+1","conspire:DoublingDagger+1","Poison Darts","Outmaneuver","Crippling Poison+1","Backflip+1","Cloak And Dagger","ReplayTheSpireMod:Trickstab","Bouncing Flask+1","hubris:Fate+1","hubris:Counter+1","Leg Sweep+1","PiercingWail+1","Infinite Blades+1","Doubt","hubris:Envy","Languid","conspire:PoisonWeapons","Well Laid Plans","ReplayTheSpireMod:Speed Training","Blur+1"],"relics":["Ring of the Snake","REME_ComplimentaryCards","testmod-TestBox","testmod-GiftOfSatan","testmod-FatalChain","infinitespire:Bottled Soul","Meat on the Bone","Letter Opener","conspire:Dentures","REME_DemonsWealth","Red Mask","testmod-Charity","aspiration:FetidBarrel","Sundial","testmod-OneHitWonder","Pantograph","Counterbalance","conspire:TopHat","Tiny House","halation:PapillonHeart","halation:WeightlessCrab","Gremlin Food","Ring of Peace","testmod-Laevatain","Chemical X","Bronze Scales","Turnip"],"acts_visited":["Exordium","TheCity","TheBeyond","TheEnding"],"potions_floor_usage":[19,19,29,31,31,37,40,46,46,50],"damage_taken":[{"damage":0,"enemies":"2 Louse","floor":1,"turns":2},{"damage":0,"enemies":"Small Slimes","floor":2,"turns":2},{"damage":0,"enemies":"Cultist","floor":4,"turns":2},{"damage":35,"enemies":"Lagavulin","floor":7,"turns":3},{"damage":0,"enemies":"Blue Slaver","floor":11,"turns":4},{"damage":0,"enemies":"3 Sentries","floor":12,"turns":1},{"damage":0,"enemies":"Large Slime","floor":13,"turns":2},{"damage":4,"enemies":"Replay:BlueRogue","floor":14,"turns":4},{"damage":0,"enemies":"Slime Boss","floor":16,"turns":3},{"damage":0,"enemies":"2 Thieves","floor":18,"turns":1},{"damage":4,"enemies":"Masked Bandits","floor":19,"turns":2},{"damage":5,"enemies":"3 Byrds","floor":22,"turns":3},{"damage":17,"enemies":"Slavers","floor":23,"turns":2},{"damage":0,"enemies":"conspire:Head Lice","floor":25,"turns":1},{"damage":0,"enemies":"Centurion and Healer","floor":28,"turns":1},{"damage":3,"enemies":"Snake Plant","floor":29,"turns":3},{"damage":10,"enemies":"3 Cultists","floor":31,"turns":3},{"damage":26,"enemies":"Automaton","floor":33,"turns":5},{"damage":12,"enemies":"3 Shapes","floor":35,"turns":3},{"damage":16,"enemies":"Orb Walker","floor":37,"turns":4},{"damage":78,"enemies":"Nemesis","floor":40,"turns":5},{"damage":30,"enemies":"Jaw Worm Horde","floor":41,"turns":3},{"damage":27,"enemies":"Spire Growth","floor":45,"turns":5},{"damage":44,"enemies":"Giant Head","floor":46,"turns":7},{"damage":74,"enemies":"Replay:Hell Engine","floor":50,"turns":5},{"damage":33,"enemies":"Shield and Spear","floor":54,"turns":3},{"damage":100097,"enemies":"The Heart","floor":55,"turns":6}],"seed_played":"6774369880782003527","potions_obtained":[{"floor":11,"key":"DistilledChaos"},{"floor":12,"key":"CunningPotion"},{"floor":13,"key":"Toxic Potion"},{"floor":22,"key":"LiquidMemories"},{"floor":28,"key":"Venom Potion"},{"floor":34,"key":"FairyPotion"},{"floor":37,"key":"Weak Potion"},{"floor":40,"key":"hexamod:SoulburnPotion"},{"floor":41,"key":"SpeedPotion"},{"floor":46,"key":"Death Potion"}],"is_trial":false,"path_per_floor":["M","M","?","M","?","R","E","R","T","R","M","E","M","E","R","B",null,"M","?","?","$","M","E","?","E","T","R","M","M","AVR","M","R","B",null,"M","$","M","AVR","?","E","M","R","T","R","M","E","R","?","R","B",null,"R","$","E","B"],"character_chosen":"THE_SILENT","items_purchased":["testmod-Charity","Replay:Dark Deal","aspiration:FetidBarrel","ReplayTheSpireMod:Scrap Shanks","testmod-SpacePotion","Backflip+1","Cloak And Dagger","ReplayTheSpireMod:Trickstab","testmod-Laevatain","Chemical X","Bronze Scales","conspire:PoisonWeapons","Well Laid Plans","ReplayTheSpireMod:Speed Training"],"campfire_rested":4,"item_purchase_floors":[21,21,21,21,36,36,36,36,53,53,53,53,53,53],"current_hp_per_floor":[73,80,80,80,80,80,45,69,69,69,69,69,69,65,65,65,76,76,72,72,72,71,55,55,56,56,56,57,55,55,61,61,61,87,76,76,79,79,79,25,20,49,49,78,64,44,73,74,74,43,86,86,89,75,0,0],"gold":96,"neow_bonus":"","is_daily":false,"chose_seed":false,"campfire_upgraded":6,"win_rate":0.0,"timestamp":1614242422,"path_taken":["M","M","?","M","?","R","E","R","T","R","?","E","M","E","R","BOSS","M","?","?","$","M","E","?","E","T","R","?","M","AVR","M","R","BOSS","M","?","M","AVR","?","E","M","R","T","R","M","E","R","?","R","BOSS","R","$","E","BOSS"],"items_purchased_type":["Relic","Card","Relic","Card","Potion","Card","Card","Card","Relic","Relic","Relic","Card","Card","Card"],"build_version":"2020-12-22","purchased_purges":1,"victory":false,"max_hp_per_floor":[75,80,80,80,80,80,80,80,80,80,80,80,80,80,80,80,80,80,80,80,80,81,82,82,83,83,83,84,85,85,86,86,87,93,94,94,100,100,95,96,97,97,97,97,98,99,99,100,100,100,100,100,103,104,104,104],"card_choices":[{"not_picked":["Dodge and Roll","Deflect"],"picked":"Acrobatics","floor":1},{"not_picked":["Dagger Throw","Bane"],"picked":"Replay:Poison Smokescreen","floor":2},{"not_picked":["Tactician","hubris:TrickCloak"],"picked":"Dagger Spray","floor":4},{"not_picked":["Prepared","Predator"],"picked":"Atom Bomb","floor":7},{"not_picked":["Blade Dance","Dodge and Roll"],"picked":"REME_ShadowStrike","floor":11},{"not_picked":["ReplayTheSpireMod:Shiv Toss","Acrobatics"],"picked":"Draining Mist","floor":12},{"not_picked":["Quick Slash","Backflip"],"picked":"Draining Mist","floor":13},{"not_picked":["Poisoned Stab","Predator"],"picked":"Fluid Movement","floor":14},{"not_picked":["Die Die Die","Wraith Form v2"],"picked":"Burst","floor":16},{"not_picked":["PiercingWail","Underhanded Strike","Backflip"],"picked":"downfall:Aged","floor":18},{"not_picked":["Sucker Punch","Dodge and Roll","hubris:Compulsion"],"picked":"Outmaneuver","floor":19},{"not_picked":["Deadly Poison+1","hubris:SlightOfHand","Skewer","hubris:Greed"],"picked":"SKIP","floor":22},{"not_picked":["Deadly Poison","Sucker Punch+1","hubris:Compulsion"],"picked":"Escape Plan","floor":23},{"not_picked":["Flying Knee","Hidden Blade","downfall:Haunted"],"picked":"Caltrops+1","floor":25},{"not_picked":["Phantasmal Killer","Backflip","Injury"],"picked":"Replay:Poison Smokescreen","floor":28},{"not_picked":["Deflect","Prepared","hubris:Greed"],"picked":"Poisoned Stab+1","floor":29},{"not_picked":["Cloak And Dagger","Backflip","hubris:Compulsion"],"picked":"conspire:DoublingDagger","floor":31},{"not_picked":["aspiration:Lunge","Die Die Die","Normality"],"picked":"Poison Darts","floor":33},{"not_picked":["PiercingWail","Underhanded Strike","Doubt"],"picked":"Outmaneuver","floor":34},{"not_picked":["ReplayTheSpireMod:The Works+1","Sucker Punch+1","downfall:Bewildered"],"picked":"Crippling Poison+1","floor":35},{"not_picked":["Underhanded Strike+1","Deflect+1","downfall:Aged"],"picked":"Bouncing Flask+1","floor":37},{"not_picked":["Cloak And Dagger+1","Backstab+1","Overencumbered"],"picked":"hubris:Counter+1","floor":40},{"not_picked":["Cloak And Dagger","Toxin Wave+1","hubris:Disease"],"picked":"Leg Sweep+1","floor":41},{"not_picked":["Backflip+1","Quick Slash","hubris:Despair"],"picked":"PiercingWail+1","floor":45},{"not_picked":["Fluid Movement","Outmaneuver+1","Clumsy"],"picked":"Infinite Blades+1","floor":46},{"not_picked":["Cloak And Dagger","Hidden Blade+1","Doubt"],"picked":"Blur+1","floor":54}],"player_experience":617751,"relics_obtained":[{"floor":5,"key":"testmod-FatalChain"},{"floor":7,"key":"infinitespire:Bottled Soul"},{"floor":9,"key":"Meat on the Bone"},{"floor":12,"key":"Letter Opener"},{"floor":14,"key":"conspire:Dentures"},{"floor":19,"key":"Red Mask"},{"floor":23,"key":"Sundial"},{"floor":25,"key":"Pantograph"},{"floor":26,"key":"Counterbalance"},{"floor":40,"key":"halation:WeightlessCrab"},{"floor":46,"key":"Gremlin Food"},{"floor":48,"key":"Ring of Peace"},{"floor":54,"key":"Turnip"}],"event_choices":[{"damage_healed":0,"gold_gain":0,"player_choice":"Relic","damage_taken":0,"max_hp_gain":0,"max_hp_loss":0,"event_name":"Wheel of Change","floor":5,"gold_loss":0},{"damage_healed":0,"gold_gain":0,"player_choice":"Fought Bandits","damage_taken":0,"max_hp_gain":0,"max_hp_loss":0,"event_name":"Masked Bandits","floor":19,"gold_loss":0},{"damage_healed":0,"gold_gain":0,"player_choice":"Paid Gold","damage_taken":0,"relics_obtained":["testmod-OneHitWonder"],"max_hp_gain":0,"max_hp_loss":0,"event_name":"WeMeetAgain","floor":24,"gold_loss":72}],"is_beta":false,"boss_relics":[{"not_picked":["hubris:RunicObelisk","halation:PlatinumPhoenix"],"picked":"REME_DemonsWealth"},{"not_picked":["hubris:TerracottaHorce","Fusion Hammer"],"picked":"Tiny House"}],"items_purged_floors":[53],"is_endless":false,"potions_floor_spawned":[11,12,13,16,18,22,28,37,40,41,46],"killed_by":"The Heart","ascension_level":6}}