{"host":"50per11302020","time":1614233786,"event":{"mods":["AchievementEnabler","BaseMod","Colored Map","Minty Spire (QoL Compilation)","Relic Stats","StSLib"],"gold_per_floor":[119,119,134,153,84,84,98,173,173,173,198,198,218,218,218,218,218],"floor_reached":16,"language":"ENG","playtime":507,"items_purged":[],"score":97,"play_id":"72a82956-b4cd-4021-b555-a27a66121cba","local_time":"20210224221626","is_ascension_mode":true,"campfire_choices":[{"data":"Loop","floor":10,"key":"SMITH"},{"data":"Streamline","floor":12,"key":"SMITH"},{"data":"Thunder Strike","floor":15,"key":"SMITH"}],"circlet_count":0,"master_deck":["Strike_B","Strike_B","Strike_B","Strike_B","Defend_B","Defend_B","Defend_B","Defend_B","Zap","Dualcast","Streamline+1","Fusion","Leap","Loop+1","Tempest","FTL","Thunder Strike+1"],"relics":["Coffee Dripper","Golden Idol"],"acts_visited":["Exordium"],"potions_floor_usage":[11,11],"damage_taken":[{"damage":1,"enemies":"Cultist","floor":1,"turns":4},{"damage":2,"enemies":"Small Slimes","floor":3,"turns":3},{"damage":1,"enemies":"Jaw Worm","floor":4,"turns":2},{"damage":1,"enemies":"Looter","floor":7,"turns":3},{"damage":0,"enemies":"Blue Slaver","floor":11,"turns":2},{"damage":8,"enemies":"Red Slaver","floor":13,"turns":3},{"damage":53,"enemies":"The Guardian","floor":16,"turns":4}],"seed_played":"-9020888558613692384","potions_obtained":[{"floor":1,"key":"Explosive Potion"},{"floor":3,"key":"PowerPotion"},{"floor":7,"key":"LiquidMemories"}],"is_trial":false,"path_per_floor":["M","$","M","M","$","?","M","?","T","R","M","R","M","?","R","B"],"character_chosen":"DEFECT","items_purchased":["Loop"],"campfire_rested":0,"item_purchase_floors":[5],"current_hp_per_floor":[74,74,72,71,71,69,68,57,57,57,57,57,49,49,49,0,0],"gold":218,"neow_bonus":"BOSS_RELIC","is_daily":false,"chose_seed":false,"campfire_upgraded":3,"win_rate":0.0,"timestamp":1614233786,"path_taken":["M","$","M","M","$","?","M","?","T","R","M","R","?","?","R","BOSS"],"items_purchased_type":["Card"],"build_version":"2020-12-18","purchased_purges":0,"victory":false,"max_hp_per_floor":[75,75,75,75,75,69,69,69,69,69,69,69,69,69,69,69,69],"relic_stats":{"counters":[7,21],"Golden Idol":12,"obtain_stats":[{"Golden Idol":6,"Coffee Dripper":0,"Cracked Core":0},{"Golden Idol":3,"Coffee Dripper":0,"Cracked Core":0},{"Golden Idol":9,"Coffee Dripper":0,"Cracked Core":0}]},"card_choices":[{"not_picked":["Scrape","Lockon"],"picked":"Streamline","floor":1},{"not_picked":["Cold Snap","Storm"],"picked":"Fusion","floor":3},{"not_picked":["Double Energy","Rebound"],"picked":"Leap","floor":4},{"not_picked":["Rebound","Beam Cell"],"picked":"Tempest","floor":7},{"not_picked":["Conserve Battery","Steam"],"picked":"FTL","floor":11},{"not_picked":["Compile Driver","Fusion"],"picked":"Thunder Strike","floor":13}],"player_experience":456357,"relics_obtained":[],"event_choices":[{"damage_healed":0,"gold_gain":0,"player_choice":"Lose Max HP","damage_taken":0,"relics_obtained":["Golden Idol"],"max_hp_gain":0,"max_hp_loss":6,"event_name":"Golden Idol","floor":6,"gold_loss":0},{"damage_healed":0,"gold_gain":75,"player_choice":"Gather Gold","damage_taken":11,"max_hp_gain":0,"max_hp_loss":0,"event_name":"World of Goop","floor":8,"gold_loss":0},{"damage_healed":0,"gold_gain":0,"player_choice":"Searched \u00270\u0027 times","damage_taken":0,"max_hp_gain":0,"max_hp_loss":0,"event_name":"Dead Adventurer","floor":14,"gold_loss":0}],"is_beta":true,"boss_relics":[],"items_purged_floors":[],"is_endless":false,"potions_floor_spawned":[1,3,7],"killed_by":"The Guardian","ascension_level":1}}