{"host":"y0i0tbisecj7yjyn","time":1614218735,"event":{"mods":["2.2 Compatiblity","AchievementEnabler","AlwaysNeverKeys","BaseMod","Better Third Choice","BetterRewards","Colored Map","Colored Powertips","Curses Come First","Disable Question Mark Monsters","Displayed Cursed Tome","Highlight Path","Keyboard Shortcuts","Minty Spire (QoL Compilation)","Quick Restart","Random Character Button","Rare Cards Sparkle","Relic Stats","Reliquary","Smile Girya","StSLib","SuperFastMode","Transform Curses","Weighted Paths"],"gold_per_floor":[116,131,131,61,72,85,85,85],"floor_reached":7,"language":"ENG","playtime":412,"items_purged":[],"score":43,"play_id":"0eb1c061-85a8-40ae-9187-76453ebcd3e9","local_time":"20210224200535","is_ascension_mode":false,"campfire_choices":[],"circlet_count":0,"master_deck":["Strike_R","Strike_R","Strike_R","Strike_R","Strike_R","Defend_R","Defend_R","Defend_R","Defend_R","Bash","Demon Form","Perfected Strike","Armaments+1","Rage","Flex","Iron Wave"],"relics":["Burning Blood"],"acts_visited":["Exordium"],"potions_floor_usage":[],"damage_taken":[{"damage":12.0,"enemies":"Cultist","floor":1.0,"turns":5.0},{"damage":2.0,"enemies":"Small Slimes","floor":2.0,"turns":3.0},{"damage":0.0,"enemies":"Jaw Worm","floor":5.0,"turns":3.0},{"damage":23.0,"enemies":"Red Slaver","floor":6.0,"turns":4.0},{"damage":48,"enemies":"Gremlin Nob","floor":7,"turns":4}],"seed_played":"-3061253943628750028","potions_obtained":[{"floor":2.0,"key":"Ancient Potion"},{"floor":6.0,"key":"Fire Potion"}],"is_trial":false,"path_per_floor":["M","M","?","$","M","M","E"],"character_chosen":"IRONCLAD","items_purchased":["Rage"],"campfire_rested":0,"item_purchase_floors":[4],"current_hp_per_floor":[50,54,54,54,60,43,0,0],"gold":85,"neow_bonus":"THREE_RARE_CARDS","is_daily":false,"chose_seed":false,"campfire_upgraded":0,"win_rate":0.0,"timestamp":1614218735,"path_taken":["M","?","?","$","?","M","E"],"items_purchased_type":["Card"],"build_version":"2020-12-22","purchased_purges":0,"victory":false,"max_hp_per_floor":[80,80,80,80,80,80,80,80],"relic_stats":{"counters":[62,271],"obtain_stats":[{"Lantern":29,"Gremlin Horn":11,"Singing Bowl":26,"reliquary:PartyBalloon":9,"Black Blood":34,"Vajra":46,"reliquary:BigHammer":17,"Mango":42,"reliquary:RedCape":17,"Bottled Tornado":13,"Ancient Tea Set":8,"reliquary:QuartzCube":10,"Burning Blood":0,"Blood Vial":30,"Sundial":31,"WingedGreaves":28,"reliquary:Vitrine":47,"InkBottle":26,"Potion Belt":21,"Girya":7,"NeowsBlessing":0,"Golden Idol":5,"Dead Branch":0,"The Courier":43,"War Paint":46,"MawBank":9,"reliquary:IridiumChain":41,"WarpedTongs":2,"reliquary:KinkedSpring":17,"reliquary:ExpiredCoupon":12,"Bottled Flame":22,"Anchor":6,"Bloody Idol":19,"Bronze Scales":24,"reliquary:TuningFork":6,"Toy Ornithopter":24},{"Lantern":15,"Gremlin Horn":25,"Singing Bowl":31,"reliquary:PartyBalloon":3,"Black Blood":34,"Vajra":41,"reliquary:BigHammer":28,"Mango":40,"reliquary:RedCape":7,"Bottled Tornado":26,"Ancient Tea Set":23,"reliquary:QuartzCube":23,"Burning Blood":0,"Blood Vial":32,"Sundial":33,"WingedGreaves":32,"reliquary:Vitrine":42,"InkBottle":12,"Potion Belt":30,"Girya":3,"NeowsBlessing":0,"Golden Idol":2,"Dead Branch":43,"The Courier":40,"War Paint":41,"MawBank":48,"reliquary:IridiumChain":39,"WarpedTongs":18,"reliquary:KinkedSpring":53,"reliquary:ExpiredCoupon":51,"Bottled Flame":10,"Anchor":21,"Bloody Idol":8,"Bronze Scales":31,"reliquary:TuningFork":47,"Toy Ornithopter":11},{"Lantern":43,"Gremlin Horn":97,"Singing Bowl":137,"reliquary:PartyBalloon":3,"Black Blood":157,"Vajra":192,"reliquary:BigHammer":119,"Mango":188,"reliquary:RedCape":15,"Bottled Tornado":104,"Ancient Tea Set":85,"reliquary:QuartzCube":85,"Burning Blood":0,"Blood Vial":142,"Sundial":148,"WingedGreaves":142,"reliquary:Vitrine":200,"InkBottle":32,"Potion Belt":131,"Girya":3,"NeowsBlessing":0,"Golden Idol":2,"Dead Branch":206,"The Courier":188,"War Paint":192,"MawBank":221,"reliquary:IridiumChain":181,"WarpedTongs":57,"reliquary:KinkedSpring":240,"reliquary:ExpiredCoupon":230,"Bottled Flame":25,"Anchor":77,"Bloody Idol":18,"Bronze Scales":137,"reliquary:TuningFork":218,"Toy Ornithopter":30}],"Burning Blood":378},"card_choices":[{"not_picked":["Bludgeon","Immolate"],"picked":"Demon Form","floor":0.0},{"not_picked":["True Grit","Entrench"],"picked":"Perfected Strike","floor":1.0},{"not_picked":["Warcry","Rampage"],"picked":"Armaments","floor":2.0},{"not_picked":["Shrug It Off","Clothesline"],"picked":"Flex","floor":5.0},{"not_picked":["Dual Wield","Warcry"],"picked":"Iron Wave","floor":6.0}],"player_experience":554206,"relics_obtained":[],"event_choices":[{"damage_healed":0.0,"max_hp_gain":0.0,"max_hp_loss":0.0,"gold_gain":0.0,"event_name":"Upgrade Shrine","player_choice":"Upgraded","floor":3.0,"gold_loss":0.0,"damage_taken":0.0,"cards_upgraded":["Armaments"]}],"is_beta":false,"boss_relics":[],"items_purged_floors":[],"is_endless":false,"potions_floor_spawned":[2,6],"killed_by":"Gremlin Nob","ascension_level":0}}