{"host":"2l5k2wp87eek7qja","time":1614282740,"event":{"mods":["BaseMod","Colored Map","Minty Spire (QoL Compilation)","Relic Stats"],"gold_per_floor":[12,23,23,23,38,38,48,61,61,61,76,92,120,140,140,217,217,233,158,189,16,16,16,16,44,68,80,93,93,93,109,109,109,109],"floor_reached":33,"language":"ENG","playtime":1337,"items_purged":[],"score":538,"play_id":"03b7e9d6-33e4-439b-bdb2-6668140ed4dd","local_time":"20210225215220","is_ascension_mode":true,"campfire_choices":[{"data":"A Thousand Cuts","floor":6,"key":"SMITH"},{"data":"Blade Dance","floor":10,"key":"SMITH"},{"data":"Wraith Form v2","floor":15,"key":"SMITH"},{"data":"RitualDagger","floor":23,"key":"SMITH"},{"floor":29,"key":"REST"},{"floor":32,"key":"REST"}],"circlet_count":0,"master_deck":["AscendersBane","Strike_G","Strike_G","Strike_G","Defend_G","Defend_G","Defend_G","Defend_G","Defend_G","Survivor","Neutralize","Wraith Form v2+1","Dagger Spray","A Thousand Cuts+1","Dash","Blade Dance+1","Blade Dance","Adrenaline","Adrenaline","Blade Dance","Caltrops","RitualDagger+1","Noxious Fumes+1"],"relics":["Ring of the Snake","Potion Belt","Ancient Tea Set","SacredBark","Red Mask","ClockworkSouvenir","Gremlin Horn"],"acts_visited":["Exordium","TheCity"],"potions_floor_usage":[12,18,20,20,25,28,31],"damage_taken":[{"damage":0,"enemies":"Cultist","floor":1,"turns":4},{"damage":1,"enemies":"Small Slimes","floor":2,"turns":4},{"damage":4,"enemies":"Jaw Worm","floor":5,"turns":6},{"damage":4,"enemies":"Blue Slaver","floor":7,"turns":6},{"damage":1,"enemies":"Large Slime","floor":8,"turns":6},{"damage":6,"enemies":"2 Fungi Beasts","floor":11,"turns":3},{"damage":0,"enemies":"Lots of Slimes","floor":12,"turns":1},{"damage":7,"enemies":"Lagavulin","floor":13,"turns":7},{"damage":0,"enemies":"3 Louse","floor":14,"turns":3},{"damage":52,"enemies":"Hexaghost","floor":16,"turns":13},{"damage":1,"enemies":"Shell Parasite","floor":18,"turns":4},{"damage":12,"enemies":"Masked Bandits","floor":20,"turns":6},{"damage":26,"enemies":"Book of Stabbing","floor":25,"turns":5},{"damage":0,"enemies":"Spheric Guardian","floor":27,"turns":4},{"damage":0,"enemies":"Centurion and Healer","floor":28,"turns":12},{"damage":0,"enemies":"Shelled Parasite and Fungi","floor":31,"turns":4},{"damage":62,"enemies":"Automaton","floor":33,"turns":6}],"seed_played":"3827926636196621164","potions_obtained":[{"floor":1,"key":"Poison Potion"},{"floor":8,"key":"LiquidMemories"},{"floor":11,"key":"FairyPotion"},{"floor":16,"key":"Fire Potion"},{"floor":18,"key":"SpeedPotion"},{"floor":20,"key":"Swift Potion"},{"floor":25,"key":"SteroidPotion"},{"floor":27,"key":"SneckoOil"}],"is_trial":false,"path_per_floor":["M","M","$","?","M","R","M","M","T","R","M","M","E","M","R","B",null,"M","?","?","$","?","R","$","E","T","M","M","R","?","M","R","B"],"character_chosen":"THE_SILENT","items_purchased":["ClockworkSouvenir"],"campfire_rested":2,"item_purchase_floors":[21],"current_hp_per_floor":[59,58,58,58,54,54,50,49,49,49,43,43,36,36,36,4,51,50,50,38,38,32,32,32,6,6,6,6,25,6,6,25,0,0],"gold":109,"neow_bonus":"THREE_RARE_CARDS","is_daily":false,"chose_seed":false,"campfire_upgraded":4,"win_rate":0.0,"timestamp":1614282740,"path_taken":["M","M","?","?","M","R","M","M","T","R","M","?","E","M","R","BOSS","M","?","?","$","?","R","$","E","T","M","M","R","?","?","R","BOSS"],"items_purchased_type":["Relic"],"build_version":"2020-12-22","purchased_purges":0,"victory":false,"max_hp_per_floor":[66,66,66,66,66,66,66,66,66,66,66,66,66,66,66,66,66,66,66,66,66,66,66,66,66,66,66,66,66,66,66,66,66,66],"relic_stats":{"Gremlin Horn":[4,4],"counters":[17,94],"obtain_stats":[{"Potion Belt":9,"Gremlin Horn":25,"SacredBark":17,"Red Mask":20,"Ancient Tea Set":13,"Ring of the Snake":0,"ClockworkSouvenir":21},{"Potion Belt":5,"Gremlin Horn":13,"SacredBark":10,"Red Mask":12,"Ancient Tea Set":8,"Ring of the Snake":0,"ClockworkSouvenir":12},{"Potion Belt":26,"Gremlin Horn":68,"SacredBark":53,"Red Mask":63,"Ancient Tea Set":37,"Ring of the Snake":0,"ClockworkSouvenir":63}],"Ring of the Snake":[34]},"card_choices":[{"not_picked":["Malaise","Phantasmal Killer"],"picked":"Wraith Form v2","floor":0},{"not_picked":["Calculated Gamble","Dodge and Roll","Prepared"],"picked":"SKIP","floor":1},{"not_picked":["PiercingWail","Infinite Blades"],"picked":"Dagger Spray","floor":2},{"not_picked":["Backflip","Distraction"],"picked":"Dash","floor":5},{"not_picked":["Reflex","Crippling Poison"],"picked":"Blade Dance","floor":7},{"not_picked":["Acrobatics","Reflex"],"picked":"Blade Dance","floor":8},{"not_picked":["Dodge and Roll","Outmaneuver"],"picked":"Adrenaline","floor":11},{"not_picked":["Sucker Punch","Heel Hook","Eviscerate"],"picked":"SKIP","floor":12},{"not_picked":["Bullet Time","Dodge and Roll","Underhanded Strike"],"picked":"SKIP","floor":13},{"not_picked":["Reflex","Deadly Poison","Terror"],"picked":"SKIP","floor":14},{"not_picked":["Bullet Time","Doppelganger"],"picked":"Adrenaline","floor":16},{"not_picked":["Deadly Poison","PiercingWail"],"picked":"Blade Dance","floor":18},{"not_picked":["Backflip","Deadly Poison"],"picked":"Caltrops","floor":20},{"not_picked":["Slice","Backflip","Poisoned Stab"],"picked":"SKIP","floor":25},{"not_picked":["Acrobatics","Poisoned Stab","Tools of the Trade"],"picked":"SKIP","floor":27},{"not_picked":["Crippling Poison+1","Cloak And Dagger"],"picked":"Noxious Fumes+1","floor":28},{"not_picked":["Dagger Spray","Dash","All Out Attack"],"picked":"SKIP","floor":31}],"player_experience":903748,"relics_obtained":[{"floor":9,"key":"Potion Belt"},{"floor":13,"key":"Ancient Tea Set"},{"floor":20,"key":"Red Mask"},{"floor":25,"key":"Gremlin Horn"}],"event_choices":[{"damage_healed":0,"gold_gain":0,"cards_transformed":["Strike_G"],"player_choice":"Change","damage_taken":0,"max_hp_gain":0,"max_hp_loss":0,"event_name":"Living Wall","floor":4,"gold_loss":0,"cards_obtained":["A Thousand Cuts"]},{"cards_removed":["Strike_G"],"damage_healed":0,"gold_gain":0,"player_choice":"Gave Gold","damage_taken":0,"max_hp_gain":0,"max_hp_loss":0,"event_name":"Beggar","floor":19,"gold_loss":75},{"damage_healed":0,"gold_gain":0,"player_choice":"Fought Bandits","damage_taken":0,"max_hp_gain":0,"max_hp_loss":0,"event_name":"Masked Bandits","floor":20,"gold_loss":0},{"damage_healed":0,"gold_gain":0,"player_choice":"Joined the Cult","damage_taken":6,"max_hp_gain":0,"max_hp_loss":0,"event_name":"Nest","floor":22,"gold_loss":0,"cards_obtained":["RitualDagger"]},{"damage_healed":0,"gold_gain":0,"player_choice":"POTION POTION ","damage_taken":19,"max_hp_gain":0,"max_hp_loss":0,"event_name":"Knowing Skull","floor":30,"potions_obtained":["Ancient Potion","DuplicationPotion"],"gold_loss":0,"cards_obtained":[]}],"is_beta":false,"boss_relics":[{"not_picked":["Sozu","Ring of the Serpent"],"picked":"SacredBark"}],"items_purged_floors":[],"is_endless":false,"potions_floor_spawned":[1,8,11,16,18,20,25,27],"killed_by":"Automaton","ascension_level":20}}