{"host":"h4zw6jwkrt9pzyby","time":1614286691,"event":{"mods":["BaseMod","Colored Map","Curses Come First","Minty Spire (QoL Compilation)","StSLib","SuperFastMode"],"gold_per_floor":[115,115,16,16,30,30,61,61,88,113,128,128,148,148,148,250,250,262,262,279,279,279,310,310,330,354,354,389,389,399,299,299,395,395,410,410,285,305,324,356,370,404,451,451,66,77,77,127,127,127],"floor_reached":51,"language":"ENG","playtime":2409,"items_purged":["Regret","Strike_R+1","Defend_R+1","Defend_R+1"],"score":1051,"play_id":"41c58efc-c90a-4103-a7c5-4c5be86e0233","local_time":"20210225225811","is_ascension_mode":true,"campfire_choices":[{"data":"Sword Boomerang","floor":6,"key":"SMITH"},{"data":"Twin Strike","floor":12,"key":"SMITH"},{"data":"Body Slam","floor":15,"key":"SMITH"},{"floor":24,"key":"REST"},{"data":"Fiend Fire","floor":27,"key":"SMITH"},{"data":"Barricade","floor":32,"key":"SMITH"},{"data":"Fiend Fire","floor":44,"key":"SMITH"},{"data":"Shrug It Off","floor":49,"key":"SMITH"}],"circlet_count":0,"master_deck":["Strike_R+1","Strike_R+1","Defend_R+1","Bash","Twin Strike+1","Sword Boomerang+1","Intimidate","Shrug It Off+1","Body Slam+1","Thunderclap","Battle Trance","Barricade+1","Headbutt","Shrug It Off+1","Fiend Fire+1","Armaments","Rage+1","Inflame","Fiend Fire+1","Sword Boomerang+1","Metallicize","Havoc+1","Shrug It Off+1","Battle Trance+1","Trip","Bloodletting+1","Flex+1"],"relics":["Burning Blood","NeowsBlessing","Oddly Smooth Stone","White Beast Statue","Orichalcum","Akabeko","Red Skull","Empty Cage","Magic Flower","Dead Branch","Omamori","Nunchaku","Coffee Dripper","Darkstone Periapt","Centennial Puzzle","Bag of Marbles","TungstenRod"],"acts_visited":["Exordium","TheCity","TheBeyond"],"potions_floor_usage":[5,16,16,20,23,23,28,28,33,33,33,39,40,42,48,50],"damage_taken":[{"damage":0,"enemies":"Jaw Worm","floor":1,"turns":1},{"damage":0,"enemies":"2 Louse","floor":5,"turns":1},{"damage":0,"enemies":"Gremlin Nob","floor":7,"turns":1},{"damage":13,"enemies":"3 Sentries","floor":10,"turns":8},{"damage":2,"enemies":"Small Slimes","floor":11,"turns":3},{"damage":0,"enemies":"2 Fungi Beasts","floor":13,"turns":3},{"damage":14,"enemies":"Hexaghost","floor":16,"turns":7},{"damage":11,"enemies":"Spheric Guardian","floor":18,"turns":4},{"damage":16,"enemies":"Shell Parasite","floor":20,"turns":5},{"damage":24,"enemies":"Slavers","floor":23,"turns":3},{"damage":24,"enemies":"Centurion and Healer","floor":25,"turns":5},{"damage":8,"enemies":"Book of Stabbing","floor":28,"turns":3},{"damage":3,"enemies":"Chosen and Byrds","floor":30,"turns":3},{"damage":52,"enemies":"Champ","floor":33,"turns":10},{"damage":0,"enemies":"Orb Walker","floor":35,"turns":2},{"damage":9,"enemies":"3 Darklings","floor":38,"turns":3},{"damage":51,"enemies":"Sphere and 2 Shapes","floor":39,"turns":4},{"damage":3,"enemies":"Giant Head","floor":40,"turns":4},{"damage":6,"enemies":"Writhing Mass","floor":41,"turns":5},{"damage":3,"enemies":"Reptomancer","floor":42,"turns":6},{"damage":2,"enemies":"Jaw Worm Horde","floor":46,"turns":4},{"damage":0,"enemies":"Mind Bloom Boss Battle","floor":48,"turns":3},{"damage":50,"enemies":"Time Eater","floor":50,"turns":14}],"seed_played":"7767758567642845957","potions_obtained":[{"floor":5,"key":"Fruit Juice"},{"floor":7,"key":"Weak Potion"},{"floor":10,"key":"Fire Potion"},{"floor":11,"key":"PowerPotion"},{"floor":16,"key":"LiquidMemories"},{"floor":18,"key":"GamblersBrew"},{"floor":20,"key":"ColorlessPotion"},{"floor":23,"key":"FearPotion"},{"floor":25,"key":"SkillPotion"},{"floor":28,"key":"SteroidPotion"},{"floor":30,"key":"Regen Potion"},{"floor":33,"key":"Block Potion"},{"floor":35,"key":"Dexterity Potion"},{"floor":36,"key":"AttackPotion"},{"floor":39,"key":"ElixirPotion"},{"floor":40,"key":"Energy Potion"},{"floor":42,"key":"CultistPotion"},{"floor":46,"key":"Weak Potion"},{"floor":48,"key":"SpeedPotion"}],"is_trial":false,"path_per_floor":["M","?","$","?","M","R","E","?","T","E","M","R","M","?","R","B",null,"M","?","M","?","?","E","R","M","T","R","E","?","M","$","R","B",null,"M","?","$","M","M","E","M","E","T","R","$","M","$","?","R","B",null],"character_chosen":"IRONCLAD","items_purchased":["Sword Boomerang","Bag of Marbles","Trip"],"campfire_rested":1,"item_purchase_floors":[3,45,45],"current_hp_per_floor":[80,80,80,55,66,66,72,65,65,58,62,62,68,68,68,60,79,74,74,67,51,42,27,54,39,39,39,40,40,46,46,46,27,74,83,83,83,83,41,47,50,56,56,56,56,63,63,72,72,31],"gold":127,"neow_bonus":"THREE_ENEMY_KILL","is_daily":false,"chose_seed":false,"campfire_upgraded":7,"win_rate":0.0,"timestamp":1614286691,"path_taken":["M","?","$","?","M","R","E","?","T","E","M","R","M","?","R","BOSS","M","?","M","?","?","E","R","M","T","R","E","?","M","$","R","BOSS","M","?","$","M","M","E","M","E","T","R","$","?","?","?","R","BOSS"],"items_purchased_type":["Card","Relic","Card"],"build_version":"2020-12-22","purchased_purges":4,"victory":true,"max_hp_per_floor":[80,80,80,80,85,85,85,85,85,85,85,85,85,85,85,85,85,85,85,85,90,90,90,90,90,90,90,90,90,90,90,90,90,90,90,90,90,90,90,90,90,90,90,90,90,90,90,90,90,90],"card_choices":[{"not_picked":["Iron Wave","Rupture"],"picked":"Twin Strike","floor":1},{"not_picked":["Anger","Rupture"],"picked":"Intimidate","floor":5},{"not_picked":["Sword Boomerang","Burning Pact"],"picked":"Shrug It Off","floor":7},{"not_picked":["True Grit","Anger"],"picked":"Body Slam","floor":10},{"not_picked":["Reckless Charge","Clash"],"picked":"Thunderclap","floor":11},{"not_picked":["Blood for Blood","Iron Wave"],"picked":"Battle Trance","floor":13},{"not_picked":["Berserk","Bludgeon"],"picked":"Barricade","floor":16},{"not_picked":["Anger","Combust+1"],"picked":"Headbutt","floor":18},{"not_picked":["Anger","True Grit+1"],"picked":"Shrug It Off+1","floor":20},{"not_picked":["Heavy Blade","Twin Strike"],"picked":"Fiend Fire","floor":23},{"not_picked":["Infernal Blade","True Grit"],"picked":"Armaments","floor":25},{"not_picked":["Armaments","Shrug It Off"],"picked":"Rage+1","floor":28},{"not_picked":["True Grit+1","Headbutt"],"picked":"Inflame","floor":30},{"not_picked":["Immolate","Bludgeon"],"picked":"Fiend Fire","floor":33},{"not_picked":["Warcry+1","Iron Wave+1"],"picked":"Sword Boomerang+1","floor":35},{"not_picked":["Pommel Strike+1","Iron Wave"],"picked":"Metallicize","floor":38},{"not_picked":["Feed","Reckless Charge"],"picked":"Havoc+1","floor":39},{"not_picked":["True Grit+1","Searing Blow+1"],"picked":"Shrug It Off+1","floor":40},{"not_picked":["Whirlwind+1","Wild Strike+1","Anger+1"],"picked":"SKIP","floor":41},{"not_picked":["Brutality","Burning Pact+1"],"picked":"Battle Trance+1","floor":42},{"not_picked":["Flex","Sword Boomerang+1"],"picked":"Bloodletting+1","floor":46},{"not_picked":["Perfected Strike+1","Bloodletting"],"picked":"Flex+1","floor":48}],"player_experience":212634,"relics_obtained":[{"floor":7,"key":"Orichalcum"},{"floor":9,"key":"Akabeko"},{"floor":10,"key":"Red Skull"},{"floor":23,"key":"Dead Branch"},{"floor":26,"key":"Omamori"},{"floor":28,"key":"Nunchaku"},{"floor":40,"key":"Darkstone Periapt"},{"floor":42,"key":"Centennial Puzzle"},{"floor":48,"key":"TungstenRod"}],"event_choices":[{"damage_healed":0,"gold_gain":0,"player_choice":"Box","damage_taken":0,"relics_obtained":["Oddly Smooth Stone"],"max_hp_gain":0,"max_hp_loss":0,"event_name":"Big Fish","floor":2,"gold_loss":0,"cards_obtained":["Regret"]},{"damage_healed":0,"gold_gain":0,"player_choice":"Success","damage_taken":25,"relics_obtained":["White Beast Statue"],"max_hp_gain":0,"max_hp_loss":0,"event_name":"Scrap Ooze","floor":4,"gold_loss":0},{"cards_removed":["Strike_R"],"damage_healed":0,"gold_gain":0,"player_choice":"Card Removal","damage_taken":7,"max_hp_gain":0,"max_hp_loss":0,"event_name":"Golden Wing","floor":8,"gold_loss":0},{"damage_healed":0,"gold_gain":0,"player_choice":"Ignored","damage_taken":0,"max_hp_gain":0,"max_hp_loss":0,"event_name":"Liars Game","floor":14,"gold_loss":0},{"damage_healed":0,"gold_gain":0,"player_choice":"Opened","damage_taken":0,"relics_obtained":["Magic Flower"],"max_hp_gain":0,"max_hp_loss":0,"event_name":"The Mausoleum","floor":19,"gold_loss":0},{"damage_healed":0,"gold_gain":0,"player_choice":"Shed Blood","damage_taken":21,"max_hp_gain":5,"max_hp_loss":0,"event_name":"Forgotten Altar","floor":21,"gold_loss":0},{"damage_healed":0,"gold_gain":0,"player_choice":"Stopped","damage_taken":9,"max_hp_gain":0,"max_hp_loss":0,"event_name":"Cursed Tome","floor":22,"gold_loss":0},{"damage_healed":0,"gold_gain":0,"player_choice":"Simplicity","damage_taken":0,"max_hp_gain":0,"max_hp_loss":0,"event_name":"Back to Basics","floor":29,"gold_loss":0,"cards_upgraded":["Strike_R","Strike_R","Strike_R","Defend_R","Defend_R","Defend_R"]},{"damage_healed":0,"gold_gain":0,"player_choice":"Got Potions","damage_taken":0,"max_hp_gain":0,"max_hp_loss":0,"event_name":"Lab","floor":36,"gold_loss":0},{"damage_healed":0,"gold_gain":0,"player_choice":"Fight","damage_taken":0,"max_hp_gain":0,"max_hp_loss":0,"event_name":"MindBloom","floor":48,"gold_loss":0}],"is_beta":false,"boss_relics":[{"not_picked":["Philosopher\u0027s Stone","Tiny House"],"picked":"Empty Cage"},{"not_picked":["Runic Cube","Snecko Eye"],"picked":"Coffee Dripper"}],"items_purged_floors":[3,31,37,45],"is_endless":false,"potions_floor_spawned":[5,7,10,11,13,16,18,20,23,25,28,30,33,35,38,39,40,41,42,46,48],"ascension_level":5}}