{"host":"22njw49i2r7r2wa8","time":1614234462,"event":{"mods":["2.2 Compatiblity","BaseMod","Colored Map","Minty Spire (QoL Compilation)"],"gold_per_floor":[115,135,135,60,75,104,104,133,202,123,136,168,168,196,196,300,300,313,313,313,327,337,372,372,391,469,501,501,528,552,576,588,600,600],"floor_reached":33,"language":"ENG","playtime":4165,"items_purged":["Strike_R"],"score":486,"play_id":"3e601b5c-4b5a-4b03-bd1c-3db84b5979b1","local_time":"20210224222742","is_ascension_mode":true,"campfire_choices":[{"data":"True Grit","floor":7,"key":"SMITH"},{"data":"Armaments","floor":15,"key":"SMITH"},{"floor":24,"key":"REST"},{"floor":28,"key":"REST"},{"floor":32,"key":"RECALL"}],"circlet_count":0,"master_deck":["Strike_R","Strike_R","Strike_R","Strike_R","Defend_R","Defend_R","Defend_R","Bash","Metallicize","Whirlwind","True Grit+1","Feel No Pain","Reckless Charge","Armaments+1","Shrug It Off","Disarm","Armaments+1","Demon Form","Bludgeon","Heavy Blade","Twin Strike+1","Spot Weakness","Wild Strike"],"relics":["Burning Blood","NeowsBlessing","FossilizedHelix","Bag of Preparation","Bottled Flame","Gremlin Horn","Ancient Tea Set","Fusion Hammer","Potion Belt","Blood Vial","Centennial Puzzle","MawBank"],"acts_visited":["Exordium","TheCity"],"potions_floor_usage":[6,6,8,8,12,23,33,33,33],"damage_taken":[{"damage":0,"enemies":"Cultist","floor":1,"turns":1},{"damage":0,"enemies":"2 Louse","floor":2,"turns":1},{"damage":0,"enemies":"Small Slimes","floor":5,"turns":1},{"damage":10,"enemies":"3 Sentries","floor":6,"turns":2},{"damage":38,"enemies":"Lagavulin","floor":8,"turns":9},{"damage":17,"enemies":"Exordium Thugs","floor":11,"turns":6},{"damage":8,"enemies":"Gremlin Nob","floor":12,"turns":5},{"damage":10,"enemies":"3 Sentries","floor":14,"turns":8},{"damage":22,"enemies":"The Guardian","floor":16,"turns":10},{"damage":0,"enemies":"3 Byrds","floor":18,"turns":5},{"damage":0,"enemies":"Shell Parasite","floor":21,"turns":7},{"damage":3,"enemies":"Shelled Parasite and Fungi","floor":22,"turns":8},{"damage":39,"enemies":"Gremlin Leader","floor":23,"turns":6},{"damage":2,"enemies":"Chosen and Byrds","floor":25,"turns":6},{"damage":39,"enemies":"Book of Stabbing","floor":27,"turns":7},{"damage":0,"enemies":"Slavers","floor":29,"turns":4},{"damage":15,"enemies":"Snecko","floor":30,"turns":5},{"damage":21,"enemies":"Sentry and Sphere","floor":31,"turns":7},{"damage":65,"enemies":"Collector","floor":33,"turns":7}],"seed_played":"6582036719306157284","potions_obtained":[{"floor":1,"key":"SteroidPotion"},{"floor":3,"key":"Explosive Potion"},{"floor":3,"key":"LiquidMemories"},{"floor":5,"key":"SkillPotion"},{"floor":6,"key":"Regen Potion"},{"floor":8,"key":"LiquidMemories"},{"floor":16,"key":"HeartOfIron"},{"floor":22,"key":"SpeedPotion"},{"floor":27,"key":"SpeedPotion"},{"floor":30,"key":"HeartOfIron"}],"is_trial":false,"path_per_floor":["M","M","?","$","M","E","R","E","T","$","M","E","?","E","R","B",null,"M","?","?","M","M","E","R","M","T","E","R","E","M","M","R","B"],"character_chosen":"IRONCLAD","items_purchased":["Armaments","Shrug It Off"],"campfire_rested":2,"item_purchase_floors":[10,10],"current_hp_per_floor":[78,80,80,80,80,76,76,51,51,51,40,38,38,34,34,18,65,71,71,71,77,80,47,71,77,77,46,70,78,71,58,58,0,0],"gold":600,"neow_bonus":"THREE_ENEMY_KILL","is_daily":false,"chose_seed":false,"campfire_upgraded":2,"win_rate":0.0,"timestamp":1614234462,"path_taken":["M","?","?","?","?","E","R","E","T","$","M","E","?","E","R","BOSS","M","?","?","M","M","E","R","M","T","E","R","E","?","M","R","BOSS"],"items_purchased_type":["Card","Card"],"build_version":"2020-12-22","purchased_purges":1,"victory":false,"max_hp_per_floor":[80,80,80,80,80,80,80,80,80,80,80,80,80,80,80,80,80,80,80,80,80,80,80,80,80,80,80,80,80,80,80,80,80,80],"card_choices":[{"not_picked":["Feel No Pain","Thunderclap"],"picked":"Metallicize","floor":1},{"not_picked":["Shockwave","Power Through"],"picked":"Whirlwind","floor":2},{"not_picked":["Uppercut","Feel No Pain"],"picked":"True Grit","floor":5},{"not_picked":["Heavy Blade","Rampage"],"picked":"Feel No Pain","floor":6},{"not_picked":["Iron Wave","Rage"],"picked":"Reckless Charge","floor":8},{"not_picked":["Intimidate","Headbutt"],"picked":"Disarm","floor":11},{"not_picked":["Clothesline","Combust"],"picked":"Armaments","floor":12},{"not_picked":["Armaments","Warcry"],"picked":"Demon Form","floor":14},{"not_picked":["Sword Boomerang+1","Clash","Dropkick+1"],"picked":"SKIP","floor":18},{"not_picked":["Anger","Cleave","Pommel Strike"],"picked":"SKIP","floor":21},{"not_picked":["Clothesline+1","Iron Wave","Ghostly Armor"],"picked":"SKIP","floor":22},{"not_picked":["Second Wind","Flex+1","Clothesline+1"],"picked":"SKIP","floor":23},{"not_picked":["Iron Wave","Reaper"],"picked":"Heavy Blade","floor":25},{"not_picked":["Shrug It Off+1","Flex","Uppercut"],"picked":"SKIP","floor":27},{"not_picked":["Flame Barrier","Fiend Fire"],"picked":"Twin Strike+1","floor":29},{"not_picked":["Anger+1","Twin Strike"],"picked":"Spot Weakness","floor":30},{"not_picked":["Armaments","Dark Embrace"],"picked":"Wild Strike","floor":31}],"player_experience":543305,"relics_obtained":[{"floor":6,"key":"FossilizedHelix"},{"floor":8,"key":"Bag of Preparation"},{"floor":9,"key":"Bottled Flame"},{"floor":12,"key":"Gremlin Horn"},{"floor":14,"key":"Ancient Tea Set"},{"floor":23,"key":"Blood Vial"},{"floor":27,"key":"Centennial Puzzle"},{"floor":29,"key":"MawBank"}],"event_choices":[{"damage_healed":0,"gold_gain":0,"player_choice":"Got Potions","damage_taken":0,"max_hp_gain":0,"max_hp_loss":0,"event_name":"Lab","floor":3,"gold_loss":0},{"damage_healed":0,"gold_gain":0,"player_choice":"Forge","damage_taken":0,"max_hp_gain":0,"max_hp_loss":0,"event_name":"Accursed Blacksmith","floor":13,"gold_loss":0,"cards_upgraded":["Armaments"]},{"damage_healed":0,"gold_gain":0,"player_choice":"Opened","damage_taken":0,"relics_obtained":["Potion Belt"],"max_hp_gain":0,"max_hp_loss":0,"event_name":"The Mausoleum","floor":19,"gold_loss":0},{"damage_healed":0,"gold_gain":0,"cards_transformed":["Defend_R"],"player_choice":"Transformed","damage_taken":0,"max_hp_gain":0,"max_hp_loss":0,"event_name":"Transmorgrifier","floor":20,"gold_loss":0,"cards_obtained":["Bludgeon"]}],"is_beta":false,"boss_relics":[{"not_picked":["Coffee Dripper","SacredBark"],"picked":"Fusion Hammer"}],"items_purged_floors":[4],"is_endless":false,"potions_floor_spawned":[1,5,6,8,16,22,27,30],"killed_by":"Collector","ascension_level":7}}