{"host":"19r1ww88x2tc73i0","time":1614231074,"event":{"mods":["BaseMod","BetterRewards","Colored Map","Minty Spire (QoL Compilation)","Relic Stats","StSLib","SuperFastMode","slay the spire mod where everything is the same but ironclad has a cowboy hat"],"gold_per_floor":[116,129,139,139,156,156,176,176,176,196,226,276,30,56,56,56,56],"floor_reached":16,"language":"ENG","playtime":427,"items_purged":[],"score":274,"play_id":"1523c6e2-1ebe-42bc-a620-fb8da867e096","local_time":"25640225123114","is_ascension_mode":true,"campfire_choices":[{"data":"Dagger Spray","floor":6.0,"key":"SMITH"},{"data":"Envenom","floor":8.0,"key":"SMITH"},{"data":"Deadly Poison","floor":15.0,"key":"SMITH"}],"circlet_count":0,"master_deck":["AscendersBane","Strike_G","Strike_G","Strike_G","Strike_G","Strike_G","Defend_G","Defend_G","Defend_G","Defend_G","Defend_G","Survivor","Neutralize","PiercingWail","Dagger Spray+1","Dagger Throw","Cloak And Dagger","Envenom+1","Deadly Poison+1","Slice","Die Die Die","Glass Knife"],"relics":["Ring of the Snake","Omamori","Akabeko","Bag of Marbles","PreservedInsect","InkBottle"],"acts_visited":["Exordium"],"potions_floor_usage":[16],"damage_taken":[{"damage":3.0,"enemies":"Jaw Worm","floor":1.0,"turns":10.0},{"damage":1.0,"enemies":"2 Louse","floor":2.0,"turns":4.0},{"damage":0.0,"enemies":"Small Slimes","floor":3.0,"turns":5.0},{"damage":5.0,"enemies":"Blue Slaver","floor":5.0,"turns":7.0},{"damage":27.0,"enemies":"Large Slime","floor":7.0,"turns":9.0},{"damage":0.0,"enemies":"Looter","floor":10.0,"turns":4.0},{"damage":14.0,"enemies":"3 Sentries","floor":11.0,"turns":3.0},{"damage":0.0,"enemies":"Gremlin Nob","floor":14.0,"turns":2.0},{"damage":14,"enemies":"The Guardian","floor":16,"turns":6}],"seed_played":"-5441989695259035303","potions_obtained":[{"floor":1.0,"key":"Poison Potion"},{"floor":5.0,"key":"SteroidPotion"},{"floor":10.0,"key":"AttackPotion"},{"floor":11.0,"key":"FearPotion"}],"is_trial":false,"path_per_floor":["M","M","M","?","M","R","M","R","T","M","E","T","$","E","R","B"],"character_chosen":"THE_SILENT","items_purchased":["PreservedInsect","Die Die Die"],"campfire_rested":0,"item_purchase_floors":[13,13],"current_hp_per_floor":[56,55,55,60,55,55,28,28,28,28,14,14,14,14,14,0,0],"gold":56,"neow_bonus":"RANDOM_COMMON_RELIC","is_daily":false,"chose_seed":false,"campfire_upgraded":3,"win_rate":0.0,"timestamp":1614231074,"path_taken":["M","M","M","?","M","R","M","R","T","M","E","?","$","E","R","BOSS"],"items_purchased_type":["Relic","Card"],"build_version":"2020-12-22","purchased_purges":0,"victory":false,"max_hp_per_floor":[66,66,66,71,71,71,71,71,71,71,71,71,71,71,71,71,71],"relic_stats":{"counters":[9,50],"PreservedInsect":22,"obtain_stats":[{"PreservedInsect":13,"Omamori":0,"Bag of Marbles":12,"Akabeko":11,"InkBottle":14,"Ring of the Snake":0},{"PreservedInsect":7,"Omamori":0,"Bag of Marbles":7,"Akabeko":7,"InkBottle":8,"Ring of the Snake":0},{"PreservedInsect":42,"Omamori":0,"Bag of Marbles":42,"Akabeko":42,"InkBottle":44,"Ring of the Snake":0}],"InkBottle":[2],"Ring of the Snake":[18]},"card_choices":[{"not_picked":["Concentrate","Underhanded Strike"],"picked":"PiercingWail","floor":1.0},{"not_picked":["Quick Slash","Masterful Stab"],"picked":"Dagger Spray","floor":2.0},{"not_picked":["All Out Attack","Acrobatics"],"picked":"Dagger Throw","floor":3.0},{"not_picked":["Dodge and Roll","Reflex"],"picked":"Cloak And Dagger","floor":5.0},{"not_picked":["Prepared","Sucker Punch"],"picked":"Envenom","floor":7.0},{"not_picked":["Acrobatics","Cloak And Dagger"],"picked":"Deadly Poison","floor":10.0},{"not_picked":["Skewer","Dagger Spray"],"picked":"Slice","floor":11.0},{"not_picked":["Doppelganger","Flying Knee"],"picked":"Glass Knife","floor":14.0}],"player_experience":1167752,"relics_obtained":[{"floor":11.0,"key":"Akabeko"},{"floor":12.0,"key":"Bag of Marbles"},{"floor":14.0,"key":"InkBottle"}],"event_choices":[{"damage_healed":0.0,"max_hp_gain":5.0,"max_hp_loss":0.0,"gold_gain":0.0,"event_name":"Big Fish","player_choice":"Donut","floor":4.0,"gold_loss":0.0,"damage_taken":0.0}],"is_beta":false,"boss_relics":[],"items_purged_floors":[],"is_endless":false,"potions_floor_spawned":[1,5,10,11],"killed_by":"The Guardian","ascension_level":20}}