{"host":"gc8yb33y1dm65mio","time":1614217459,"event":{"mods":["BaseMod","Bestiary","Colored Map","Colored Powertips","Curses Come First","Highlight Path","Minty Spire (QoL Compilation)","Quick Restart","Relic Stats","StSLib"],"gold_per_floor":[114,264,264,283,110,145,45,45,113,145,160,190,190,216,216,216,216],"floor_reached":16,"language":"ENG","playtime":517,"items_purged":["Doubt","Strike_G"],"score":275,"play_id":"a72eda21-9b15-4464-baa1-02bbeb2fd92d","local_time":"20210224174419","is_ascension_mode":true,"campfire_choices":[{"data":"Dagger Spray","floor":8,"key":"SMITH"},{"floor":13,"key":"REST"},{"data":"Leg Sweep","floor":15,"key":"SMITH"}],"circlet_count":0,"master_deck":["AscendersBane","Strike_G","Strike_G","Strike_G","Strike_G","Defend_G","Defend_G","Defend_G","Defend_G","Defend_G","Survivor","Neutralize","Flying Knee","Sucker Punch","Dagger Spray+1","Leg Sweep+1","Slice","Caltrops","Deflect"],"relics":["Ring of the Snake","NeowsBlessing","Orichalcum","InkBottle","Kunai","White Beast Statue","Bottled Flame","Odd Mushroom"],"acts_visited":["Exordium"],"potions_floor_usage":[12,14],"damage_taken":[{"damage":0,"enemies":"Small Slimes","floor":1,"turns":1},{"damage":0,"enemies":"2 Louse","floor":4,"turns":1},{"damage":0,"enemies":"Lagavulin","floor":6,"turns":1},{"damage":23,"enemies":"Gremlin Nob","floor":10,"turns":5},{"damage":3,"enemies":"Jaw Worm","floor":11,"turns":4},{"damage":12,"enemies":"Lagavulin","floor":12,"turns":9},{"damage":12,"enemies":"The Mushroom Lair","floor":14,"turns":3},{"damage":0,"enemies":"Hexaghost","floor":16,"turns":6}],"seed_played":"-6355289642558635145","potions_obtained":[{"floor":11,"key":"Energy Potion"},{"floor":12,"key":"SkillPotion"},{"floor":14,"key":"Ancient Potion"}],"is_trial":false,"path_per_floor":["M","?","?","M","$","E","$","R","T","E","M","E","R","?","R","B"],"character_chosen":"THE_SILENT","items_purchased":["Dagger Spray","Leg Sweep"],"campfire_rested":1,"item_purchase_floors":[5,5],"current_hp_per_floor":[59,59,41,41,41,41,41,41,41,18,15,3,22,10,10,10,10],"gold":216,"neow_bonus":"THREE_ENEMY_KILL","is_daily":false,"chose_seed":false,"campfire_upgraded":2,"win_rate":0.0,"timestamp":1614217459,"path_taken":["M","?","?","M","?","E","$","R","T","E","M","E","R","?","R","BOSS"],"items_purchased_type":["Card","Card"],"build_version":"2020-12-22","purchased_purges":2,"victory":false,"max_hp_per_floor":[66,66,66,66,66,66,66,66,66,66,66,66,66,66,66,66,66],"relic_stats":{"counters":[8,30],"Kunai":[13],"Orichalcum":[60],"obtain_stats":[{"Bottled Flame":12,"NeowsBlessing":0,"Kunai":9,"Orichalcum":3,"Odd Mushroom":14,"InkBottle":6,"White Beast Statue":10,"Ring of the Snake":0},{"Bottled Flame":6,"NeowsBlessing":0,"Kunai":3,"Orichalcum":1,"Odd Mushroom":7,"InkBottle":3,"White Beast Statue":4,"Ring of the Snake":0},{"Bottled Flame":21,"NeowsBlessing":0,"Kunai":3,"Orichalcum":1,"Odd Mushroom":24,"InkBottle":3,"White Beast Statue":8,"Ring of the Snake":0}],"InkBottle":[8],"Ring of the Snake":[16]},"card_choices":[{"not_picked":["Outmaneuver","Deflect"],"picked":"Flying Knee","floor":1},{"not_picked":["Backstab","Noxious Fumes"],"picked":"Sucker Punch","floor":4},{"not_picked":["Setup","PiercingWail","Choke"],"picked":"SKIP","floor":6},{"not_picked":["PiercingWail","Calculated Gamble"],"picked":"Slice","floor":10},{"not_picked":["Reflex","All Out Attack","Bouncing Flask"],"picked":"SKIP","floor":11},{"not_picked":["Night Terror","Poisoned Stab"],"picked":"Caltrops","floor":12},{"not_picked":["Underhanded Strike","Quick Slash"],"picked":"Deflect","floor":14}],"player_experience":1097608,"relics_obtained":[{"floor":6,"key":"InkBottle"},{"floor":9,"key":"Kunai"},{"floor":10,"key":"White Beast Statue"},{"floor":12,"key":"Bottled Flame"},{"floor":14,"key":"Odd Mushroom"}],"event_choices":[{"damage_healed":0,"gold_gain":150,"player_choice":"AGREE","damage_taken":0,"max_hp_gain":0,"max_hp_loss":0,"event_name":"Liars Game","floor":2,"gold_loss":0,"cards_obtained":["Doubt"]},{"damage_healed":0,"gold_gain":0,"player_choice":"Success","damage_taken":18,"relics_obtained":["Orichalcum"],"max_hp_gain":0,"max_hp_loss":0,"event_name":"Scrap Ooze","floor":3,"gold_loss":0},{"damage_healed":0,"gold_gain":0,"player_choice":"Fought Mushrooms","damage_taken":0,"max_hp_gain":0,"max_hp_loss":0,"event_name":"Mushrooms","floor":14,"gold_loss":0}],"is_beta":false,"boss_relics":[],"items_purged_floors":[5,7],"is_endless":false,"potions_floor_spawned":[11,12,14],"killed_by":"Hexaghost","ascension_level":19}}