{"host":"jsd6g3c2vo13e69c","time":1614262839,"event":{"mods":["2.2 Compatiblity","Act Like it!","BaseMod","Better Altar","Better Match","Better Note","Better Sensory Stone","Better Third Choice","BetterRewards","Colored Map","Colored Powertips","Downfall","Friendly Minions","GifTheSpireLib","Googly Eyes","Gremlin Mod","Hermit","Hubris","Infinite Spire","Melee Mod","Minty Spire (QoL Compilation)","Permanent Neow","Quick Restart","Random Character Button","Replay The Spire","Shop Mod","Spire Arcade","StSLib","The Cursed","The Disciple","The Forsaken","thorton"],"gold_per_floor":[99,118,293,149,165,194,218,231,243,254,270,289,323,323,337,337,337,337],"floor_reached":16,"language":"ENG","playtime":1738,"items_purged":["Doubt"],"score":116,"play_id":"dfa73832-4777-4188-9ae9-4135b8de8a47","local_time":"20210225092039","is_ascension_mode":false,"campfire_choices":[{"data":"Guardian:TwinSlam","floor":1,"key":"SMITH"}],"circlet_count":0,"master_deck":["Guardian:Strike_Guardian","Guardian:Strike_Guardian","Guardian:Strike_Guardian","Guardian:Strike_Guardian","Guardian:Defend_Guardian","Guardian:Defend_Guardian","Guardian:Defend_Guardian+1","Guardian:Defend_Guardian","Guardian:CurlUp+1","Guardian:TwinSlam+1","Guardian:RefractedBeam","Guardian:VentSteam","Guardian:Gem_Red","Guardian:BodySlam","Guardian:PolyBeam","Guardian:Gem_Red","Guardian:Gem_White","hubris:DuctTapeCard","Guardian:PolyBeam"],"relics":["Guardian:ModeShifter","Blood Vial","War Paint","Lantern","hubris:DuctTape"],"acts_visited":["Exordium"],"potions_floor_usage":[9,15,16,16],"damage_taken":[{"damage":1,"enemies":"Jaw Worm","floor":2,"turns":4},{"damage":5,"enemies":"downfall:FleeingMerchant","floor":4,"turns":4},{"damage":15,"enemies":"Small Slimes","floor":5,"turns":3},{"damage":12,"enemies":"Gremlin Nob","floor":6,"turns":4},{"damage":0,"enemies":"Cultist","floor":8,"turns":2},{"damage":10,"enemies":"downfall:LooterAlt","floor":9,"turns":2},{"damage":12,"enemies":"Blue Slaver","floor":10,"turns":2},{"damage":16,"enemies":"Large Slime","floor":11,"turns":3},{"damage":0,"enemies":"3 Louse","floor":12,"turns":1},{"damage":23,"enemies":"Lagavulin","floor":13,"turns":6},{"damage":2,"enemies":"Blue Slaver","floor":15,"turns":2},{"damage":7,"enemies":"IC_STATUS_ARCHETYPE","floor":16,"turns":2}],"seed_played":"2487591508826061494","potions_obtained":[{"floor":5,"key":"DuplicationPotion"},{"floor":6,"key":"SkillPotion"},{"floor":11,"key":"Strength Potion"},{"floor":12,"key":"Swift Potion"}],"is_trial":false,"path_per_floor":["R","M","?","$","M","E","T","M","M","M","M","M","E","?","M","B"],"character_chosen":"GUARDIAN","items_purchased":["Guardian:VentSteam"],"campfire_rested":0,"item_purchase_floors":[4],"current_hp_per_floor":[80,79,79,75,62,52,52,54,46,36,22,24,3,3,3,0,0,0],"gold":337,"neow_bonus":"RANDOM_COMMON_RELIC","is_daily":false,"chose_seed":false,"campfire_upgraded":1,"win_rate":0.0,"timestamp":1614262839,"path_taken":["R","M","?","$","M","E","T","M","M","M","M","M","E","?","M","BOSS"],"items_purchased_type":["Card"],"build_version":"2020-12-22","purchased_purges":1,"victory":false,"max_hp_per_floor":[80,80,80,80,80,80,80,80,80,80,80,80,80,80,80,80,80,80],"card_choices":[{"not_picked":["Guardian:Harden","Guardian:Recover"],"picked":"Guardian:MultiBeam","floor":2},{"not_picked":["Guardian:TimeCapacitor","Guardian:PiercingHide"],"picked":"Guardian:RefractedBeam","floor":4},{"not_picked":["Guardian:Clone","Guardian:ShieldSpikes"],"picked":"Guardian:Gem_Red","floor":5},{"not_picked":["Guardian:RollAttack","Guardian:Gem_Lightblue"],"picked":"Guardian:BodySlam","floor":6},{"not_picked":["Guardian:ShieldSpikes","Guardian:Gem_Green"],"picked":"Guardian:HyperBeam_Guardian","floor":8},{"not_picked":["Guardian:Reroute","Guardian:Gem_Blue"],"picked":"Guardian:PolyBeam","floor":9},{"not_picked":["Guardian:Preprogram","Guardian:PrimingBeam","Guardian:Clone"],"picked":"SKIP","floor":10},{"not_picked":["Guardian:BronzeArmor","Guardian:Incinerate"],"picked":"Guardian:Gem_Red","floor":11},{"not_picked":["Guardian:PiercingHide","Guardian:Gem_Cyan"],"picked":"Guardian:Gem_White","floor":12},{"not_picked":["Guardian:FastForward","Guardian:Incinerate","Guardian:Recover"],"picked":"SKIP","floor":13},{"not_picked":["Guardian:Reroute","Guardian:Gem_Green"],"picked":"Guardian:PolyBeam","floor":15}],"player_experience":462515,"relics_obtained":[{"floor":6,"key":"War Paint"},{"floor":13,"key":"Lantern"},{"floor":14,"key":"hubris:DuctTape"}],"event_choices":[],"is_beta":false,"boss_relics":[],"items_purged_floors":[4],"is_endless":false,"potions_floor_spawned":[5,6,11,12,13],"killed_by":"IC_STATUS_ARCHETYPE","ascension_level":0}}