{"host":"yassvrowvc2yfwp2","time":1614225231,"event":{"mods":["2.2 Compatiblity","Act Like it!","BaseMod","Better Note","Curses Come First","Dota2Spire","Downfall","HololiveMod","Jorbs\u0027s Wanderer Trilogy","Minty Spire (QoL Compilation)","Prisma Mod","Rare Cards Sparkle","Reimu£®≤©¿ˆ¡È√Œ£©","Replay The Spire","Say the Spire","Spicy Shops","StSLib","The Bug Knight","The Cursed","The Servant 0.9.4"],"gold_per_floor":[83,83,97,116,116,116,150,150,150,150,150,174,215,263,263,391,391,404,419,452,452,473,507,534,555,555,592,292,325,325,364,364,494,494,512,512,532,595,277,334,373,417,417,417,437,494,88,101,101,101],"floor_reached":51,"language":"ZHS","playtime":2228,"items_purged":[],"score":1178,"play_id":"b84ab7ff-18df-4fc0-a0ba-b98630e6eb61","local_time":"20210225115351","is_ascension_mode":true,"campfire_choices":[{"floor":6,"key":"REST"},{"floor":8,"key":"REST"},{"data":"Hololive_CallHoshimachiSuisei","floor":10,"key":"SMITH"},{"data":"Hololive_CallHimemoriLuna","floor":15,"key":"SMITH"},{"data":"ReplayTheSpireMod:Trickstab","floor":30,"key":"SMITH"},{"floor":49,"key":"REST"}],"circlet_count":0,"master_deck":["Hololive_CallHoshimachiSuisei+1","Hololive_CallTokinoSora","Hololive_CallFriendA","Hololive_Strike","Hololive_Defend","Hololive_Defend","Hololive_Defend","Hololive_ManjiGathering","Hololive_AWSL","Hololive_CallTokoyamiTowa","Hololive_CallHimemoriLuna+1","Hololive_DiamondStrike","Hololive_Trident","ReplayTheSpireMod:Trickstab+1","SignatureMove","PrismaMod:IllyaInstallRider","PrismaMod:ChloeAnyPowerTrace","PrismaMod:IllyaMinorReinForce+1","PrismaMod:MiyuDefenseRemoval","Hololive_CallYukihanaLamy+1","Uppercut","Hololive_CocoNews","Mayhem","ReplayUltimateDefense","Hololive_CallShiroganeNoel+1","stsjorbsmod:WastingForm+1"],"relics":["Hololive_TheStar","Hololive_Chaos","PrismaticShard","HollowMod:PaleOreRelic","Kunai","Golden Idol","Anchor","Centennial Puzzle","Runic Dome","Dota2Spire:Dagon","Mirror","Red Mask","Replay:Rubber Ducky","Lee\u0027s Waffle","Regal Pillow","Pondfish Scales","Replay:Grab Bag","Busted Crown","Sozu","expansioncontent:StudyCardRelic","Dota2Spire:DivineRapier","Incense Burner","Shovel","Toxic Egg 2","Golden Egg","Blue Candle","CeramicFish","Dota2Spire:Vanguard","Dota2Spire:MonkeyKingBar"],"acts_visited":["Exordium","TheCity","TheBeyond"],"potions_floor_usage":[50],"damage_taken":[{"damage":0,"enemies":"Jaw Worm","floor":1,"turns":3},{"damage":0,"enemies":"Small Slimes","floor":3,"turns":2},{"damage":9,"enemies":"2 Louse","floor":4,"turns":3},{"damage":9,"enemies":"3 Sentries","floor":7,"turns":7},{"damage":9,"enemies":"Red Slaver","floor":12,"turns":3},{"damage":0,"enemies":"Gremlin Nob","floor":13,"turns":3},{"damage":5,"enemies":"The Guardian","floor":16,"turns":6},{"damage":0,"enemies":"3 Byrds","floor":18,"turns":2},{"damage":5,"enemies":"Shell Parasite","floor":19,"turns":3},{"damage":0,"enemies":"Snecko","floor":20,"turns":4},{"damage":4,"enemies":"Snake Plant","floor":22,"turns":4},{"damage":11,"enemies":"Book of Stabbing","floor":23,"turns":4},{"damage":0,"enemies":"Cultist and Chosen","floor":24,"turns":3},{"damage":0,"enemies":"Sentry and Sphere","floor":25,"turns":2},{"damage":0,"enemies":"Masked Bandits","floor":27,"turns":4},{"damage":0,"enemies":"Replay:Snechameleon","floor":29,"turns":6},{"damage":0,"enemies":"Book of Stabbing","floor":31,"turns":3},{"damage":0,"enemies":"Automaton","floor":33,"turns":6},{"damage":2,"enemies":"3 Shapes","floor":35,"turns":3},{"damage":0,"enemies":"Orb Walker","floor":37,"turns":3},{"damage":0,"enemies":"2 Orb Walkers","floor":38,"turns":2},{"damage":0,"enemies":"Reptomancer","floor":40,"turns":4},{"damage":0,"enemies":"Transient","floor":41,"turns":5},{"damage":0,"enemies":"Giant Head","floor":42,"turns":3},{"damage":0,"enemies":"Jaw Worm Horde","floor":45,"turns":3},{"damage":2,"enemies":"R_Hoarder","floor":46,"turns":4},{"damage":10,"enemies":"4 Shapes","floor":48,"turns":2},{"damage":2,"enemies":"Awakened One","floor":50,"turns":7}],"seed_played":"3539753456452892240","potions_obtained":[{"floor":4,"key":"Block Potion"},{"floor":7,"key":"SpeedPotion"},{"floor":13,"key":"LiquidBronze"},{"floor":20,"key":"Venom Potion"}],"is_trial":false,"path_per_floor":["M","?","M","M","?","R","E","R","T","R","?","M","E","T","R","B",null,"M","M","M","?","M","E","M","M","T","?","$","E","R","E","R","B",null,"M","?","M","?","$","E","M","E","T","?","M","E","$","M","R","B",null],"character_chosen":"Hololive_HololiveCharacter","items_purchased":["Replay:Rubber Ducky","Lee\u0027s Waffle","Incense Burner","ReplayUltimateDefense","Hololive_CallShiroganeNoel+1","Dota2Spire:Vanguard","Dota2Spire:MonkeyKingBar"],"campfire_rested":3,"item_purchase_floors":[28,28,39,39,39,47,47],"current_hp_per_floor":[36,29,30,22,22,33,25,36,36,36,36,28,29,29,29,25,39,40,36,37,37,34,24,25,26,26,27,54,55,55,56,56,57,57,56,56,57,58,58,59,60,61,61,56,57,56,56,47,66,65],"gold":101,"neow_bonus":"THREE_RARE_CARDS","is_daily":false,"chose_seed":false,"campfire_upgraded":3,"win_rate":0.0,"timestamp":1614225231,"path_taken":["M","?","M","M","?","R","E","R","T","R","?","M","E","?","R","BOSS","M","M","?","?","M","E","M","M","T","?","$","E","R","E","R","BOSS","M","?","M","?","?","E","M","E","T","?","?","E","$","M","R","BOSS"],"items_purchased_type":["Relic","Relic","Relic","Card","Card","Relic","Relic"],"build_version":"2020-12-22","purchased_purges":0,"victory":true,"max_hp_per_floor":[36,36,37,38,38,38,39,39,39,39,36,37,38,38,38,39,39,40,41,42,42,43,44,45,46,46,47,54,55,55,56,56,57,57,58,58,59,60,60,61,62,63,63,63,64,65,65,66,66,67],"card_choices":[{"not_picked":["Hololive_IdolExercise","Hololive_OpenUp"],"picked":"Hololive_AWSL","floor":0},{"not_picked":["Hololive_SoulCatcher","Hololive_LuckPotion","Hololive_CallOkamiMio"],"picked":"Hololive_CallTokoyamiTowa","floor":1},{"not_picked":["Hololive_Sequa","Hololive_Drill","Hololive_CallFriendA"],"picked":"Hololive_CallHimemoriLuna","floor":3},{"not_picked":["Hololive_HuntDinosaur","Hololive_CallMinatoAqua","Hololive_ILoveYou"],"picked":"Hololive_DiamondStrike","floor":4},{"not_picked":["Purity","HollowMod:NewJinnsSoul","stsjorbsmod:Channel"],"picked":"Hololive_Trident","floor":7},{"not_picked":["Blind","stsjorbsmod:Index","sneckomod:UnknownClassGUARDIAN"],"picked":"ReplayTheSpireMod:Trickstab","floor":12},{"not_picked":["stsjorbsmod:WastingStrike","Double Energy","TheCursedMod:ReleasedKnowledge"],"picked":"SignatureMove","floor":13},{"not_picked":["CardOfSanctity:ReiMu","PrismaMod:MiyuUberDefend","Slimebound:DuplicatedForm"],"picked":"PrismaMod:IllyaInstallRider","floor":16},{"not_picked":["Underhanded Strike","CutThroughFate","stsjorbsmod:Pollute","Rage+1"],"picked":"SKIP","floor":18},{"not_picked":["Havoc","Redo","stsjorbsmod:Prepare","ForeignInfluence"],"picked":"SKIP","floor":19},{"not_picked":["sneckomod:QuickMove","HollowMod:GoodIntentions","bronze:Separator"],"picked":"PrismaMod:ChloeAnyPowerTrace","floor":20},{"not_picked":["PrismaMod:IllyaCommonEvoke","CareerPray:ReiMu","SpreadBorder2:ReiMu+1"],"picked":"PrismaMod:IllyaMinorReinForce+1","floor":22},{"not_picked":["Caltrops","Hololive_CocoNews","Cleave"],"picked":"PrismaMod:MiyuDefenseRemoval","floor":23},{"not_picked":["stsjorbsmod:Mania","Enchanting:ReiMu","Dual Wield","champ:Backstep"],"picked":"SKIP","floor":24},{"not_picked":["PrismaMod:IllyaUberDefendChannel","PrismaMod:IllyaRussianRoulette+1","stsjorbsmod:BlackTentacles","stsjorbsmod:BlackTentacles_Cull"],"picked":"SKIP","floor":25},{"not_picked":["PrismaMod:IllyaPartialInstallAssassin+1","Hololive_Teleport","Guardian:CrystalBeam"],"picked":"Hololive_CallYukihanaLamy+1","floor":27},{"not_picked":["sneckomod:IronFang","Skim","bronze:Philosophize+1","ReplayTheSpireMod:Corrosion Curse"],"picked":"SKIP","floor":29},{"not_picked":["sneckomod:Rotation+1","PrismaMod:ChloeCheapAttackTwo+1","PrismaMod:IllyaAOECommonAttack"],"picked":"Uppercut","floor":31},{"not_picked":["Establishment","Fission","TheCursedMod:ShockAndAwe"],"picked":"Mayhem","floor":33},{"not_picked":["Hololive_CocoNews+1","stsjorbsmod:Cyclone"],"picked":"SKIP","floor":35},{"not_picked":["Skim","Replay:Poison Smokescreen"],"picked":"SKIP","floor":37},{"not_picked":["Bane+1","FollowUp"],"picked":"SKIP","floor":40},{"not_picked":["CareerPray:ReiMu","sneckomod:UnknownClassHEXA_GHOST_PURPLE"],"picked":"SKIP","floor":41},{"not_picked":["hexamod:GhostOfSpireFuture","Slimebound:Repurpose+1"],"picked":"SKIP","floor":42},{"not_picked":["champ:Circumvent+1","Slimebound:RainOfGoop+1"],"picked":"SKIP","floor":45},{"not_picked":["Catalyst+1"],"picked":"stsjorbsmod:WastingForm","floor":46},{"not_picked":["Havoc+1","Guardian:Incinerate"],"picked":"SKIP","floor":48}],"player_experience":2205143,"relics_obtained":[{"floor":7,"key":"HollowMod:PaleOreRelic"},{"floor":9,"key":"Kunai"},{"floor":13,"key":"Anchor"},{"floor":14,"key":"Centennial Puzzle"},{"floor":23,"key":"Dota2Spire:Dagon"},{"floor":26,"key":"Mirror"},{"floor":27,"key":"Red Mask"},{"floor":29,"key":"Regal Pillow"},{"floor":31,"key":"Pondfish Scales"},{"floor":38,"key":"Dota2Spire:DivineRapier"},{"floor":40,"key":"Shovel"},{"floor":42,"key":"Toxic Egg 2"},{"floor":43,"key":"Golden Egg"},{"floor":46,"key":"CeramicFish"}],"event_choices":[{"cards_removed":["Delirium"],"damage_healed":0,"gold_gain":0,"player_choice":"Card Removal","damage_taken":7,"max_hp_gain":0,"max_hp_loss":0,"event_name":"Golden Wing","floor":2,"gold_loss":0},{"damage_healed":0,"gold_gain":0,"player_choice":"Lose Max HP","damage_taken":0,"relics_obtained":["Golden Idol"],"max_hp_gain":0,"max_hp_loss":3,"event_name":"Golden Idol","floor":11,"gold_loss":0},{"damage_healed":0,"gold_gain":0,"player_choice":"Ignored","damage_taken":0,"max_hp_gain":0,"max_hp_loss":0,"event_name":"betterNote:BetterNote","floor":21,"gold_loss":0,"cards_obtained":["Injury"]},{"damage_healed":0,"gold_gain":0,"player_choice":"Fought Bandits","damage_taken":0,"max_hp_gain":0,"max_hp_loss":0,"event_name":"Masked Bandits","floor":27,"gold_loss":0},{"cards_removed":["Hololive_Strike"],"damage_healed":0,"gold_gain":0,"player_choice":"Removed Attack","damage_taken":0,"max_hp_gain":0,"max_hp_loss":0,"event_name":"Falling","floor":36,"gold_loss":0},{"damage_healed":0,"gold_gain":0,"player_choice":"Fight","damage_taken":0,"max_hp_gain":0,"max_hp_loss":0,"event_name":"Mysterious Sphere","floor":38,"gold_loss":0}],"is_beta":false,"boss_relics":[{"not_picked":["SacredBark","ReplayTheSpireMod:DimensionalGlitch"],"picked":"Runic Dome"},{"not_picked":["Hololive_Finger","bronze:MakeshiftBattery"],"picked":"Replay:Grab Bag"},{"not_picked":["Coffee Dripper","Cursed Key"],"picked":"Busted Crown"},{"not_picked":["Velvet Choker","ChewingGum"],"picked":"Sozu"},{"not_picked":["RedLine:ReiMu","Honey Jar"],"picked":"expansioncontent:StudyCardRelic"}],"items_purged_floors":[],"is_endless":false,"potions_floor_spawned":[4,7,13,16,18,20,22,27,31,40,41,42,48],"ascension_level":1}}