{"host":"hszimsrtxxc2k25w","time":1614281609,"event":{"mods":["AchievementEnabler","BaseMod","Colored Map","DeckTracker","Minty Spire (QoL Compilation)","Rare Cards Sparkle","SuperFastMode"],"gold_per_floor":[114,114,133,150,169,169,179,198,225,236,236,252,252,268,268,268,268],"floor_reached":16,"language":"KOR","playtime":329,"items_purged":[],"score":196,"play_id":"ffa80ecb-b86a-46af-ad70-628b2fda2a0a","local_time":"20210226043329","is_ascension_mode":true,"campfire_choices":[{"data":"Perfected Strike","floor":6,"key":"SMITH"},{"data":"Bash","floor":15,"key":"SMITH"}],"circlet_count":0,"master_deck":["AscendersBane","Strike_R","Strike_R","Strike_R","Strike_R","Strike_R","Defend_R","Defend_R","Defend_R","Defend_R","Bash+1","Perfected Strike+1","Shrug It Off","Battle Trance","Pommel Strike","Shrug It Off"],"relics":["Burning Blood","Champion Belt","Bag of Marbles","Mercury Hourglass"],"acts_visited":["Exordium"],"potions_floor_usage":[5,16,16],"damage_taken":[{"damage":0,"enemies":"Small Slimes","floor":1,"turns":5},{"damage":4,"enemies":"2 Louse","floor":3,"turns":3},{"damage":6,"enemies":"Jaw Worm","floor":4,"turns":4},{"damage":22,"enemies":"Lots of Slimes","floor":5,"turns":5},{"damage":9,"enemies":"Large Slime","floor":7,"turns":5},{"damage":4,"enemies":"Blue Slaver","floor":8,"turns":2},{"damage":15,"enemies":"Gremlin Gang","floor":10,"turns":5},{"damage":7,"enemies":"3 Louse","floor":12,"turns":3},{"damage":0,"enemies":"Exordium Wildlife","floor":14,"turns":2},{"damage":36,"enemies":"The Guardian","floor":16,"turns":6}],"seed_played":"2231803779719615345","potions_obtained":[{"floor":1,"key":"Fire Potion"},{"floor":7,"key":"AttackPotion"},{"floor":12,"key":"Dexterity Potion"},{"floor":14,"key":"AttackPotion"}],"is_trial":false,"path_per_floor":["M","?","M","M","M","R","M","M","T","M","?","M","$","M","R","B"],"character_chosen":"IRONCLAD","items_purchased":[],"campfire_rested":0,"item_purchase_floors":[],"current_hp_per_floor":[68,68,68,68,52,52,49,51,51,42,31,30,30,36,36,0,0],"gold":268,"neow_bonus":"ONE_RARE_RELIC","is_daily":false,"chose_seed":false,"campfire_upgraded":2,"win_rate":0.0,"timestamp":1614281609,"path_taken":["M","?","M","M","M","R","M","M","T","M","?","M","?","?","R","BOSS"],"items_purchased_type":[],"build_version":"2020-12-22","purchased_purges":0,"victory":false,"max_hp_per_floor":[68,68,68,68,68,68,68,68,68,68,68,68,68,68,68,68,68],"card_choices":[{"not_picked":["Whirlwind","Shrug It Off"],"picked":"Perfected Strike","floor":1},{"not_picked":["Armaments","Cleave","Rage"],"picked":"SKIP","floor":3},{"not_picked":["Sentinel","Rage","Rampage"],"picked":"SKIP","floor":4},{"not_picked":["Reaper","True Grit"],"picked":"Shrug It Off","floor":5},{"not_picked":["Heavy Blade","Clothesline","Shrug It Off"],"picked":"SKIP","floor":7},{"not_picked":["Spot Weakness","Clash"],"picked":"Battle Trance","floor":8},{"not_picked":["Wild Strike","Clothesline"],"picked":"Pommel Strike","floor":10},{"not_picked":["Heavy Blade","Cleave","Fiend Fire"],"picked":"SKIP","floor":12},{"not_picked":["Headbutt","Flex"],"picked":"Shrug It Off","floor":14}],"player_experience":708193,"relics_obtained":[{"floor":9,"key":"Bag of Marbles"}],"event_choices":[{"damage_healed":0,"gold_gain":0,"player_choice":"Leave","damage_taken":0,"max_hp_gain":0,"max_hp_loss":0,"event_name":"The Cleric","floor":2,"gold_loss":0},{"damage_healed":0,"gold_gain":0,"player_choice":"Success","damage_taken":11,"relics_obtained":["Mercury Hourglass"],"max_hp_gain":0,"max_hp_loss":0,"event_name":"Scrap Ooze","floor":11,"gold_loss":0}],"is_beta":false,"boss_relics":[],"items_purged_floors":[],"is_endless":false,"potions_floor_spawned":[1,7,12,14],"killed_by":"The Guardian","ascension_level":20}}