{"host":"qrfkyfrpo74atslb","time":1614296733,"event":{"mods":["Astrologer","Bartender","BaseMod","Beaked The Cultist","Better Note","Better Third Choice","CapriCore","Colored Map","Colored Powertips","Conspire","DeckTracker","Downfall","GungeonMod","Hermit","Hero for Fun","Hubris","Koishi","LagranYue(???·?)","Mad Scientist","Marisa????????","Minty Spire (QoL Compilation)","Prisma Mod","Reimu??????","Remilia??????","StSLib","The Administrix","The Alterego","The Bladedancer","The Cursed","The Gatherer","The Immortal","The Mystic","The Necromancer","The Runesmith","The Servant 0.9.4","The Wild Card","TheSwordswoman","WarShipGirlsR/????R mod","Yakumo Yukari mod","Yuyuko"],"gold_per_floor":[110,385,397,410,429,456,474,474,498,498,524,524,524,33,33,130,130,143,143,0,0,0,0,78,78,78,89,89,38,54,19,19,115,115,135,135,185,0,18,48,48,62,86,116,132,32,32,47,47,44,44],"floor_reached":50,"language":"ENG","playtime":2534,"items_purged":["Poor:ReiMu","Regret"],"score":631,"play_id":"4ab97711-b819-4e44-92d3-e1911e4d159c","local_time":"20210226124533","is_ascension_mode":false,"campfire_choices":[{"data":"beaked:RitualOfBody","floor":8.0,"key":"SMITH"},{"data":"beaked:WarriorEssence","floor":10.0,"key":"SMITH"},{"data":"beaked:Insight","floor":12.0,"key":"SMITH"},{"data":"beaked:DarkTribute","floor":15.0,"key":"SMITH"},{"data":"beaked:Ceremony","floor":23.0,"key":"SMITH"},{"data":"beaked:Evade","floor":25.0,"key":"SMITH"},{"data":"beaked:Ceremony","floor":28.0,"key":"SMITH"},{"data":"beaked:MimicMachine","floor":32.0,"key":"SMITH"},{"data":"beaked:Redirect","floor":41.0,"key":"SMITH"},{"data":"beaked:StunningBlow","floor":47,"key":"SMITH"}],"circlet_count":0,"master_deck":["beaked:Strike_Y","beaked:Strike_Y","beaked:Strike_Y","beaked:Strike_Y","beaked:Strike_Y","beaked:Strike_Y","beaked:Defend_Y","beaked:Ceremony+1","beaked:Ceremony","beaked:Ceremony+1","beaked:BraceForImpact+1","beaked:Overpower","beaked:WarriorEssence+1","beaked:RitualOfBody+1","beaked:DarkTribute+1","beaked:Molting","beaked:Insight+1","beaked:Evade+1","beaked:DarkPact","beaked:StickSmack+1","beaked:AwakenedForm+1","beaked:Windmill+1","beaked:Flinch","beaked:Foresight+1","beaked:Redirect+1","beaked:MimicMachine+1","beaked:StunningBlow+1","beaked:DarkPact","beaked:MachineEssence+1","CurseOfTheBell","beaked:BloodRitual+1","Madness","Madness","beaked:LiftOff+1","beaked:Evade+1","beaked:DigDeep+1","beaked:VigorBurst+1"],"relics":["beaked:MendingPlumage","LagranYue:RandomDrawCardRelic","DemoMod:MonsterBlood","LagranYue:RareGoldArmorRelic","DemoMod:PoisonVial","Mango","YidongShenshe:ReiMu","conspire:TreasureMap","DemoMod:GnawedKey","DemoMod:WhiteGuonStone","Astrolabe","LagranYue:MagicReflectiveArmorRelic","hubris:PeanutButter","Frozen Egg 2","Calling Bell","Nunchaku","Kunai","conspire:Boomerang","DemoMod:VorpalBullet","Red Mask","hubris:TenFootPole","CrazyTorch:ReiMu","Lantern"],"acts_visited":["Exordium","TheCity","TheBeyond"],"potions_floor_usage":[],"damage_taken":[{"damage":15.0,"enemies":"Jaw Worm","floor":1.0,"turns":4.0},{"damage":12.0,"enemies":"Cultist","floor":3.0,"turns":4.0},{"damage":8.0,"enemies":"2 Louse","floor":4.0,"turns":3.0},{"damage":21.0,"enemies":"Large Slime","floor":5.0,"turns":6.0},{"damage":39.0,"enemies":"Gremlin Nob","floor":6.0,"turns":5.0},{"damage":64.0,"enemies":"Exordium Thugs","floor":7.0,"turns":6.0},{"damage":23.0,"enemies":"Lagavulin","floor":11.0,"turns":8.0},{"damage":28.0,"enemies":"Slime Boss","floor":16.0,"turns":11.0},{"damage":73.0,"enemies":"conspire:FuzzyDice","floor":18.0,"turns":7.0},{"damage":8.0,"enemies":"Shell Parasite","floor":27.0,"turns":6.0},{"damage":15.0,"enemies":"Centurion and Healer","floor":30.0,"turns":11.0},{"damage":1.0,"enemies":"Champ","floor":33.0,"turns":16.0},{"damage":26.0,"enemies":"Orb Walker","floor":35.0,"turns":6.0},{"damage":20.0,"enemies":"Mind Bloom Boss Battle","floor":37.0,"turns":11.0},{"damage":34.0,"enemies":"3 Shapes","floor":39.0,"turns":5.0},{"damage":27.0,"enemies":"Nemesis","floor":40.0,"turns":9.0},{"damage":23.0,"enemies":"Maw","floor":42.0,"turns":7.0},{"damage":97.0,"enemies":"beaked:SuperParasite","floor":44.0,"turns":13.0},{"damage":0.0,"enemies":"Transient","floor":45.0,"turns":5.0},{"damage":49,"enemies":"4 Shapes","floor":48,"turns":8},{"damage":83,"enemies":"Donu and Deca","floor":50,"turns":5}],"seed_played":"6434755512639426616","potions_obtained":[{"floor":3.0,"key":"ZuzhouPotion:ReiMu"},{"floor":4.0,"key":"AttackPotion"},{"floor":6.0,"key":"EssenceOfSteel"},{"floor":11.0,"key":"Regen Potion"},{"floor":18.0,"key":"ColorlessPotion"},{"floor":27.0,"key":"Weak Potion"},{"floor":35.0,"key":"DemoMod:LeadSkinPotion"},{"floor":37.0,"key":"Weak Potion"}],"is_trial":false,"path_per_floor":["M","?","M","M","M","E","M","R","T","R","E","R","?","$","R","B",null,"M","?","$","?","$","R","T","R","T","M","R","$","M","$","R","B",null,"M","?","?","?","M","E","R","M","T","E","M","$","R","M","R","B"],"character_chosen":"BEAKED_THE_CULTIST","items_purchased":["conspire:TreasureMap","DemoMod:GnawedKey","DemoMod:WhiteGuonStone","LagranYue:MagicReflectiveArmorRelic","beaked:Redirect","beaked:StunningBlow"],"campfire_rested":0,"item_purchase_floors":[14,14,14,20,29,31],"current_hp_per_floor":[49,49,46,45,43,19,42,42,42,42,56,56,56,56,56,53,71,51,51,51,51,51,51,51,51,51,71,71,71,71,71,71,71,71,62,53,71,71,50,58,58,62,62,56,76,76,76,42,42,0,0],"gold":44,"neow_bonus":"RANDOM_COMMON_RELIC","is_daily":false,"chose_seed":false,"campfire_upgraded":10,"win_rate":0.0,"timestamp":1614296733,"path_taken":["M","?","M","?","M","E","M","R","T","R","E","R","?","$","R","BOSS","M","?","?","?","?","R","?","R","T","M","R","?","M","$","R","BOSS","M","?","?","?","M","E","R","M","T","E","M","$","R","M","R","BOSS"],"items_purchased_type":["Relic","Relic","Relic","Relic","Card","Card"],"build_version":"2020-12-22","purchased_purges":2,"victory":false,"max_hp_per_floor":[57,57,57,57,57,57,57,57,57,57,71,71,71,71,71,71,71,71,71,71,71,71,71,71,71,71,71,71,71,71,71,71,71,71,71,71,71,71,71,71,71,71,71,71,76,76,76,76,76,76,76],"card_choices":[{"not_picked":["beaked:Resilience","beaked:Roost"],"picked":"beaked:BraceForImpact","floor":1.0},{"not_picked":["beaked:WarriorEssence","beaked:Redirect"],"picked":"beaked:Overpower","floor":3.0},{"not_picked":["beaked:RuinSticks","beaked:Daydream"],"picked":"beaked:WarriorEssence","floor":4.0},{"not_picked":["beaked:CursingBlood","beaked:WarriorEssence"],"picked":"beaked:RitualOfBody","floor":5.0},{"not_picked":["beaked:Evade","beaked:Pecker"],"picked":"beaked:DarkTribute","floor":6.0},{"not_picked":["beaked:BloodRitual","beaked:SurvivalInstinct"],"picked":"beaked:Molting","floor":7.0},{"not_picked":["beaked:HuntressSpirit","beaked:HuntressEssence"],"picked":"beaked:Insight","floor":11.0},{"not_picked":["beaked:WindBringer","beaked:Evade","beaked:Roost"],"picked":"SKIP","floor":11.0},{"not_picked":["beaked:FakeOut","beaked:Cower"],"picked":"beaked:Evade","floor":16.0},{"not_picked":["beaked:VolatileMisfortune","beaked:DarkTribute"],"picked":"beaked:DarkPact","floor":16.0},{"not_picked":["beaked:Brace","beaked:DigDeep"],"picked":"beaked:Flinch","floor":18.0},{"not_picked":["beaked:Flinch","beaked:CursingBlood"],"picked":"beaked:Foresight+1","floor":27.0},{"not_picked":["beaked:Evade+1","beaked:Flinch"],"picked":"beaked:MimicMachine","floor":30.0},{"not_picked":["beaked:Daydream+1","beaked:Cower+1","beaked:CursingBlood"],"picked":"SKIP","floor":30.0},{"not_picked":["beaked:WarriorEssence","beaked:Tweet"],"picked":"beaked:DarkPact","floor":33.0},{"not_picked":["beaked:CheekyTricks+1","beaked:WildInstinct"],"picked":"beaked:MachineEssence+1","floor":33.0},{"not_picked":["beaked:Daydream","beaked:Flinch+1"],"picked":"beaked:BloodRitual+1","floor":35.0},{"not_picked":["beaked:CursingBlood","beaked:DesperateSwing"],"picked":"beaked:LiftOff","floor":39.0},{"not_picked":["beaked:FeelMyPain","beaked:Tweet+1","beaked:DesperateSwing+1"],"picked":"SKIP","floor":39.0},{"not_picked":["beaked:FeelMyPain","beaked:Tweet+1","beaked:DesperateSwing+1"],"picked":"SKIP","floor":39.0},{"not_picked":["beaked:TuckingFeathers","beaked:FakeOut"],"picked":"beaked:Evade+1","floor":40.0},{"not_picked":["beaked:LiftOff+1","beaked:WarriorEssence","beaked:TuckingFeathers"],"picked":"SKIP","floor":40.0},{"not_picked":["beaked:CheekyTricks","beaked:Struggle","beaked:Devastation"],"picked":"SKIP","floor":42.0},{"not_picked":["beaked:Foresight+1","beaked:Resilience","beaked:Flinch"],"picked":"SKIP","floor":42.0},{"not_picked":["beaked:Evade","beaked:Brainwash"],"picked":"beaked:DigDeep+1","floor":44.0},{"not_picked":["beaked:Evade+1","beaked:TuckingFeathers","beaked:VolatileMisfortune"],"picked":"SKIP","floor":44.0},{"not_picked":["beaked:Tweet+1","beaked:DigDeeper+1"],"picked":"beaked:VigorBurst+1","floor":45},{"not_picked":["beaked:SacrificialScars","beaked:WildInstinct","beaked:Evade"],"picked":"SKIP","floor":48},{"not_picked":["beaked:Daydream","beaked:Redirect","beaked:Brace+1"],"picked":"SKIP","floor":48}],"player_experience":147942,"relics_obtained":[{"floor":6.0,"key":"LagranYue:RareGoldArmorRelic"},{"floor":9.0,"key":"DemoMod:PoisonVial"},{"floor":11.0,"key":"Mango"},{"floor":24.0,"key":"hubris:PeanutButter"},{"floor":26.0,"key":"Frozen Egg 2"},{"floor":34.0,"key":"Nunchaku"},{"floor":34.0,"key":"Kunai"},{"floor":34.0,"key":"conspire:Boomerang"},{"floor":37.0,"key":"DemoMod:VorpalBullet"},{"floor":40.0,"key":"hubris:TenFootPole"},{"floor":43.0,"key":"CrazyTorch:ReiMu"},{"floor":44.0,"key":"Lantern"}],"event_choices":[{"damage_healed":0.0,"max_hp_gain":0.0,"max_hp_loss":0.0,"gold_gain":275.0,"event_name":"Golden Shrine","player_choice":"Desecrate","floor":2.0,"gold_loss":0.0,"damage_taken":0.0,"cards_obtained":["Regret"]},{"damage_healed":0.0,"max_hp_gain":0.0,"max_hp_loss":0.0,"gold_gain":0.0,"event_name":"yidonshenshe","player_choice":"Take Tiny Shrine away","floor":13.0,"gold_loss":0.0,"damage_taken":0.0,"relics_obtained":["YidongShenshe:ReiMu"],"cards_obtained":["Poor:ReiMu"]},{"damage_healed":0.0,"max_hp_gain":0.0,"max_hp_loss":0.0,"gold_gain":0.0,"event_name":"Lab","player_choice":"Got Potions","floor":19.0,"gold_loss":0.0,"damage_taken":0.0},{"damage_healed":0.0,"max_hp_gain":0.0,"max_hp_loss":0.0,"gold_gain":0.0,"event_name":"Upgrade Shrine","player_choice":"Upgraded","floor":21.0,"gold_loss":0.0,"damage_taken":0.0,"cards_upgraded":["beaked:BraceForImpact"]},{"damage_healed":0.0,"max_hp_gain":0.0,"max_hp_loss":0.0,"gold_gain":0.0,"event_name":"Winding Halls","player_choice":"Embrace Madness","floor":36.0,"gold_loss":0.0,"damage_taken":9.0,"cards_obtained":["Madness","Madness"]},{"damage_healed":0.0,"max_hp_gain":0.0,"max_hp_loss":0.0,"gold_gain":0.0,"event_name":"MindBloom","player_choice":"Fight","floor":37.0,"gold_loss":0.0,"damage_taken":0.0},{"damage_healed":0.0,"max_hp_gain":0.0,"max_hp_loss":0.0,"gold_gain":0.0,"event_name":"Tomb of Lord Red Mask","player_choice":"Paid","floor":38.0,"gold_loss":185.0,"damage_taken":0.0,"relics_obtained":["Red Mask"]}],"is_beta":false,"boss_relics":[{"not_picked":["Silver_Glasses","hubris:BlackHole"],"picked":"Astrolabe"},{"not_picked":["conspire:SlowCooker","conspire:SpecialSausage"],"picked":"Calling Bell"}],"items_purged_floors":[14,46],"is_endless":false,"potions_floor_spawned":[3,4,6,11,18,27,35,37,39],"killed_by":"Donu and Deca","ascension_level":0}}