{"host":"c35j6tsoy7cxzn43","time":1614251926,"event":{"mods":["BaseMod","Better Third Choice","BetterRewards","Colored Map","Colored Powertips","Conspire","Highlight Path","Hubris","Infinite Spire","Minty Spire (QoL Compilation)","Quick Restart","Replay The Spire","Shop Mod","StSLib"],"gold_per_floor":[111,124,136,153,169,201,217,217,269,285,297,297,316,316,316,417,417,432,116,144,114,114,116,116],"floor_reached":23,"language":"ENG","playtime":1559,"items_purged":["Searing Blow","Defend_R"],"score":197,"play_id":"4b770303-6b58-41ef-a88c-acb3e2074e07","local_time":"20210225121846","is_ascension_mode":false,"campfire_choices":[{"data":"Madness","floor":8,"key":"SMITH"},{"data":"Blood for Blood","floor":12,"key":"SMITH"},{"data":"Flame Barrier","floor":15,"key":"SMITH"}],"circlet_count":0,"master_deck":["Strike_R","Strike_R","Strike_R","Strike_R","Strike_R","Defend_R","Defend_R","Defend_R","Bash","Madness+1","Flame Barrier+1","Uppercut","Perfected Strike","Blood for Blood+1","Metallicize","Barricade","Flame Barrier","Perfected Strike+1"],"relics":["Burning Blood","Pantograph","Replay:Wax Seal","Boot","conspire:SpecialSausage","infinitespire:Broken Mirror","Red Mask","infinitespire:Midas Blood","hubris:ScarierMask"],"acts_visited":["Exordium","TheCity"],"potions_floor_usage":[6,6,16,20,21],"damage_taken":[{"damage":5,"enemies":"Cultist","floor":1,"turns":4},{"damage":8,"enemies":"Jaw Worm","floor":2,"turns":3},{"damage":5,"enemies":"conspire:RoseBush","floor":3,"turns":3},{"damage":18,"enemies":"Exordium Thugs","floor":4,"turns":5},{"damage":12,"enemies":"Lots of Slimes","floor":5,"turns":5},{"damage":27,"enemies":"3 Sentries","floor":6,"turns":10},{"damage":12,"enemies":"Exordium Wildlife","floor":7,"turns":4},{"damage":7,"enemies":"Blue Slaver","floor":10,"turns":4},{"damage":9,"enemies":"Looter","floor":11,"turns":4},{"damage":8,"enemies":"Large Slime","floor":13,"turns":5},{"damage":51,"enemies":"The Guardian","floor":16,"turns":15},{"damage":39,"enemies":"conspire:FuzzyDice","floor":18,"turns":9},{"damage":46,"enemies":"Masked Bandits","floor":20,"turns":7},{"damage":0,"enemies":"2 Thieves","floor":21,"turns":2},{"damage":15,"enemies":"Book of Stabbing","floor":23,"turns":3}],"seed_played":"-9087025317190157517","potions_obtained":[{"floor":2,"key":"AttackPotion"},{"floor":4,"key":"ElixirPotion"},{"floor":5,"key":"BlessingOfTheForge"},{"floor":7,"key":"LifebloodPotion"},{"floor":11,"key":"Elixir"},{"floor":18,"key":"Weak Potion"},{"floor":20,"key":"SmokeBomb"}],"is_trial":false,"path_per_floor":["M","M","M","M","M","E","M","R","T","M","M","R","M","T","R","B",null,"M","$","?","M","AVR","E"],"character_chosen":"IRONCLAD","items_purchased":["infinitespire:Broken Mirror"],"campfire_rested":0,"item_purchase_floors":[19],"current_hp_per_floor":[80,78,79,67,61,40,34,34,34,33,30,30,28,28,28,8,80,47,47,7,13,13,0,0],"gold":116,"neow_bonus":"RANDOM_COLORLESS","is_daily":false,"chose_seed":false,"campfire_upgraded":3,"win_rate":0.0,"timestamp":1614251926,"path_taken":["M","M","M","M","M","E","M","R","T","M","M","R","M","?","R","BOSS","M","$","?","M","AVR","E"],"items_purchased_type":["Relic"],"build_version":"2020-12-22","purchased_purges":2,"victory":false,"max_hp_per_floor":[80,80,80,80,80,80,80,80,80,80,80,80,80,80,80,80,80,80,80,80,80,80,80,80],"card_choices":[{"not_picked":["Replay:Sssssssssshield","Flash of Steel"],"picked":"Madness","floor":0},{"not_picked":["Intimidate","Sword Boomerang","Wild Strike"],"picked":"SKIP","floor":1},{"not_picked":["Headbutt","ReplayTheSpireMod:Strike From Hell"],"picked":"Flame Barrier","floor":2},{"not_picked":["Anger","Run Through"],"picked":"Uppercut","floor":3},{"not_picked":["Disarm","Shrug It Off","Rupture"],"picked":"SKIP","floor":4},{"not_picked":["Life Link","Twin Strike"],"picked":"Perfected Strike","floor":5},{"not_picked":["Sever Soul","hubris:ReadiedAction","Pommel Strike"],"picked":"SKIP","floor":6},{"not_picked":["Twin Strike","Carnage"],"picked":"Blood for Blood","floor":7},{"not_picked":["ReplayTheSpireMod:Corrosion Curse","True Grit"],"picked":"Searing Blow","floor":10},{"not_picked":["hubris:CleavingFinish","Sentinel"],"picked":"Metallicize","floor":11},{"not_picked":["Dropkick","Infernal Blade","Warcry"],"picked":"SKIP","floor":13},{"not_picked":["Fiend Fire","Berserk"],"picked":"Barricade","floor":16},{"not_picked":["Burning Pact","Intimidate"],"picked":"Flame Barrier","floor":18},{"not_picked":["Shockwave","conspire:Charge"],"picked":"Perfected Strike+1","floor":20}],"player_experience":480182,"relics_obtained":[{"floor":6,"key":"Pantograph"},{"floor":9,"key":"Replay:Wax Seal"},{"floor":14,"key":"Boot"},{"floor":20,"key":"Red Mask"}],"event_choices":[{"damage_healed":0,"gold_gain":0,"player_choice":"Fought Bandits","damage_taken":0,"max_hp_gain":0,"max_hp_loss":0,"event_name":"Masked Bandits","floor":20,"gold_loss":0}],"is_beta":false,"boss_relics":[{"not_picked":["hubris:VirtuousBlindfold","Honey Jar"],"picked":"conspire:SpecialSausage"}],"items_purged_floors":[19,22],"is_endless":false,"potions_floor_spawned":[2,4,5,7,11,18,20,21],"killed_by":"Book of Stabbing","ascension_level":0}}