{"host":"ox77rn1xcurm2t5a","time":1614259639,"event":{"mods":["2.2 Compatiblity","AchievementEnabler","Act Like it!","Aspiration","BaseMod","Best Route Mod","Better Match","Better Note","Better Sensory Stone","Block Reminder","Colored Map","Colored Powertips","Conjunction","Conspire","Custom Start","Energized Spire","GifTheSpireLib","Gold Saver","Gremlin Skip","Halation","Highlight Path","Hubris","Infinite Spire","Minty Spire (QoL Compilation)","Pale of the Ancients","Quick Restart","Reliquary","Replay The Spire","Reworked Bosses","ShortenTheSpire","Spire Exporter","StSLib","Stuff the Spire","Wandering Minibosses"],"gold_per_floor":[211,211,110,110,121,148,148,148,148,1,17,46,46,46,46,145,195,211,211,211,211,99,127,127,127,152,182,119,81,124,148,160,271,283,305,317,329,329],"floor_reached":37,"language":"ENG","playtime":1095,"items_purged":["Regret","Defend_R"],"score":679,"play_id":"c7a386ec-9ffd-44ff-943f-c49f990f6e18","local_time":"20210225152719","is_ascension_mode":true,"campfire_choices":[{"floor":8,"key":"RECALL"},{"data":"StuffTheSpire:CelestialWarden","floor":15,"key":"SMITH"},{"data":"Limit Break","floor":25,"key":"SMITH"},{"data":"Limit Break","floor":32,"key":"SMITH"}],"circlet_count":0,"master_deck":["AscendersBane","Strike_R","Strike_R","Strike_R","Strike_R","Strike_R","Defend_R+1","Bash","Perfected Strike","Pommel Strike","StuffTheSpire:CelestialWarden+1","Cleave","Perfected Strike","Clash","conspire:ExplosiveBarrier+1","StuffTheSpire:CelestialWarden+1","Limit Break+1","Limit Break+1","Sword Boomerang+1","Perfected Strike+1","conspire:ExplosiveBarrier+1","Heavy Blade+1"],"relics":["Burning Blood","White Beast Statue","Tiny House","Bag of Marbles","Molten Egg 2","halation:PeacePiece","MawBank","halation:Pancakes","SlaversCollar"],"acts_visited":["Exordium","TheCity","TheBeyond"],"potions_floor_usage":[12,12,16,18,18,23,27,30,31,33,35],"damage_taken":[{"damage":3,"enemies":"2 Louse","floor":1,"turns":3},{"damage":7,"enemies":"Jaw Worm","floor":5,"turns":3},{"damage":40,"enemies":"Lagavulin","floor":6,"turns":5},{"damage":0,"enemies":"Small Slimes","floor":11,"turns":2},{"damage":5,"enemies":"3 Sentries","floor":12,"turns":4},{"damage":43,"enemies":"Slime Boss","floor":16,"turns":12},{"damage":16,"enemies":"3 Byrds","floor":18,"turns":6},{"damage":58,"enemies":"Gremlin Leader","floor":23,"turns":14},{"damage":0,"enemies":"2 Thieves","floor":27,"turns":4},{"damage":3,"enemies":"Slavers","floor":30,"turns":8},{"damage":18,"enemies":"Shelled Parasite and Fungi","floor":31,"turns":11},{"damage":41,"enemies":"bossMod:newCollector","floor":33,"turns":11},{"damage":25,"enemies":"3 Darklings","floor":35,"turns":14},{"damage":66,"enemies":"conspire:MimicChest","floor":37,"turns":4}],"seed_played":"-1993676584016823169","potions_obtained":[{"floor":6,"key":"Fire Potion"},{"floor":11,"key":"BlessingOfTheForge"},{"floor":12,"key":"Ancient Potion"},{"floor":16,"key":"Adrenaline Potion"},{"floor":17,"key":"Cursed Concoction"},{"floor":18,"key":"SteroidPotion"},{"floor":23,"key":"HeartOfIron"},{"floor":27,"key":"Strength Potion"},{"floor":30,"key":"LiquidMemories"},{"floor":31,"key":"Strength Potion"},{"floor":33,"key":"FearPotion"},{"floor":35,"key":"Elixir"}],"is_trial":false,"path_per_floor":["M","?","$","?","M","E","?","R","T","$","M","E","$","?","R","B",null,"M","?","T","?","$","E","AVR","R","T","M","?","?","E","M","R","B",null,"M","?","?"],"character_chosen":"IRONCLAD","items_purchased":["Pommel Strike","Cleave","Limit Break"],"campfire_rested":0,"item_purchase_floors":[3,10,22],"current_hp_per_floor":[91,91,91,91,90,56,56,56,56,56,62,63,63,56,56,19,82,72,72,72,72,72,20,20,20,20,26,26,26,83,71,71,36,85,66,66,0,0],"gold":329,"neow_bonus":"TWENTY_PERCENT_HP_BONUS","is_daily":false,"chose_seed":false,"campfire_upgraded":3,"win_rate":0.0,"timestamp":1614259639,"path_taken":["M","?","$","?","M","E","?","R","T","$","M","E","$","?","R","BOSS","M","?","?","?","$","E","AVR","R","T","?","?","?","E","M","R","BOSS","M","?","?"],"items_purchased_type":["Card","Card","Card"],"build_version":"2020-12-22","purchased_purges":2,"victory":false,"max_hp_per_floor":[96,96,96,96,96,96,96,96,96,96,96,96,96,96,96,96,101,101,101,101,101,101,101,101,101,101,101,101,101,101,101,101,101,101,101,101,101,101],"card_choices":[{"not_picked":["Heavy Blade","StuffTheSpire:Incineration"],"picked":"Perfected Strike","floor":1},{"not_picked":["Headbutt","Clothesline","Run Through"],"picked":"SKIP","floor":5},{"not_picked":["Burning Pact","StuffTheSpire:Slingshot","Blood for Blood"],"picked":"SKIP","floor":6},{"not_picked":["StuffTheSpire:Ambrosia","StuffTheSpire:Harmony"],"picked":"StuffTheSpire:CelestialWarden","floor":7},{"not_picked":["StuffTheSpire:Slingshot","hubris:SharpeningStone","Shrug It Off"],"picked":"SKIP","floor":11},{"not_picked":["Reckless Charge","ReplayReversal"],"picked":"Perfected Strike","floor":12},{"not_picked":["Replay:Undeath\u0027s Touch","Clothesline"],"picked":"Clash","floor":17},{"not_picked":["Pommel Strike","Replay:Undeath\u0027s Touch"],"picked":"conspire:ExplosiveBarrier+1","floor":18},{"not_picked":["StuffTheSpire:Pyroclast+1","hubris:CleavingFinish+1"],"picked":"Sword Boomerang+1","floor":23},{"not_picked":["True Grit","Power Through+1"],"picked":"Perfected Strike+1","floor":27},{"not_picked":["Intimidate","Battle Trance"],"picked":"conspire:ExplosiveBarrier+1","floor":30},{"not_picked":["Body Slam+1","Intimidate","Wild Strike+1"],"picked":"SKIP","floor":31},{"not_picked":["True Grit","Entrench"],"picked":"Heavy Blade+1","floor":35}],"player_experience":3258273,"relics_obtained":[{"floor":6,"key":"King of Hearts"},{"floor":12,"key":"White Beast Statue"},{"floor":20,"key":"Bag of Marbles"},{"floor":23,"key":"Molten Egg 2"},{"floor":26,"key":"MawBank"},{"floor":30,"key":"halation:Pancakes"}],"event_choices":[{"cards_removed":["Defend_R"],"damage_healed":0,"gold_gain":0,"player_choice":"Card Removal","damage_taken":7,"max_hp_gain":0,"max_hp_loss":0,"event_name":"Golden Wing","floor":14,"gold_loss":0},{"damage_healed":0,"gold_gain":0,"player_choice":"Leave","damage_taken":0,"max_hp_gain":0,"max_hp_loss":0,"event_name":"FaceTrader","floor":19,"gold_loss":0},{"damage_healed":0,"gold_gain":0,"player_choice":"Copied","damage_taken":0,"max_hp_gain":0,"max_hp_loss":0,"event_name":"Duplicator","floor":21,"gold_loss":0,"cards_obtained":["StuffTheSpire:CelestialWarden"]},{"damage_healed":0,"gold_gain":0,"player_choice":"2","damage_taken":0,"max_hp_gain":0,"max_hp_loss":0,"event_name":"betterMatch:BetterMatch","floor":28,"gold_loss":0,"cards_obtained":["betterMatch:UncommonCard"]},{"damage_healed":0,"gold_gain":0,"player_choice":"Bet on Murderer","damage_taken":0,"max_hp_gain":0,"max_hp_loss":0,"event_name":"The Joust","floor":29,"gold_loss":50},{"damage_healed":0,"gold_gain":0,"player_choice":"Ignored","damage_taken":0,"max_hp_gain":0,"max_hp_loss":0,"event_name":"Mysterious Sphere","floor":36,"gold_loss":0}],"is_beta":false,"boss_relics":[{"not_picked":["halation:Yufonium","Coffee Dripper"],"picked":"Tiny House"},{"not_picked":["reliquary:KinkedSpring","StuffTheSpire:ModemDavis"],"picked":"SlaversCollar"}],"items_purged_floors":[3,10],"is_endless":false,"potions_floor_spawned":[6,11,12,16,18,23,27,30,31,33,35],"killed_by":"conspire:MimicChest","ascension_level":12}}