{"host":"3c8x8j1h2jyrixpf","time":1614281871,"event":{"mods":["BaseMod","Minty Spire (QoL Compilation)","StSLib"],"gold_per_floor":[112,112,112,125,24,53,53,84,84,102,102,117,117,128,128,203,203,220,129,129,129,228,228,257,273,273,273,284,284,284,314,314,314,314],"floor_reached":33,"language":"ENG","playtime":1276,"items_purged":["Strike_B"],"score":546,"play_id":"e4abc987-d6f2-415c-8389-ff68b32e93f3","local_time":"20210225133751","is_ascension_mode":true,"campfire_choices":[{"data":"Static Discharge","floor":7.0,"key":"SMITH"},{"data":"Loop","floor":11.0,"key":"SMITH"},{"floor":13.0,"key":"REST"},{"data":"Beam Cell","floor":15.0,"key":"SMITH"},{"data":"Defragment","floor":23,"key":"SMITH"},{"floor":27,"key":"REST"},{"floor":29,"key":"REST"},{"floor":32,"key":"REST"}],"circlet_count":0,"master_deck":["AscendersBane","Strike_B","Strike_B","Strike_B","Defend_B","Defend_B","Defend_B","Defend_B","Zap","Dualcast","Loop+1","Dramatic Entrance","Zap","Hello World","Static Discharge+1","Beam Cell+1","Ball Lightning","Ball Lightning","Cold Snap","Rainbow","Defragment+1","Ghostly","Ghostly","Ghostly","Ghostly","Ghostly","Chill","Stack+1","Capacitor","Writhe","Aggregate"],"relics":["Cracked Core","NeowsBlessing","The Courier","Toy Ornithopter","Symbiotic Virus","Philosopher\u0027s Stone","Pen Nib","Question Card","FossilizedHelix","Unceasing Top"],"acts_visited":["Exordium","TheCity"],"potions_floor_usage":[31],"damage_taken":[{"damage":0.0,"enemies":"Cultist","floor":1.0,"turns":1.0},{"damage":0.0,"enemies":"Small Slimes","floor":4.0,"turns":1.0},{"damage":0.0,"enemies":"3 Sentries","floor":6.0,"turns":1.0},{"damage":37.0,"enemies":"Gremlin Nob","floor":8.0,"turns":3.0},{"damage":2.0,"enemies":"2 Louse","floor":10.0,"turns":2.0},{"damage":12.0,"enemies":"Looter","floor":12.0,"turns":3.0},{"damage":3.0,"enemies":"3 Louse","floor":14.0,"turns":2.0},{"damage":22.0,"enemies":"The Guardian","floor":16.0,"turns":7.0},{"damage":12,"enemies":"Chosen","floor":18,"turns":4},{"damage":25,"enemies":"Gremlin Leader","floor":24,"turns":6},{"damage":9,"enemies":"Shell Parasite","floor":25,"turns":5},{"damage":0,"enemies":"Snake Plant","floor":28,"turns":5},{"damage":29,"enemies":"Book of Stabbing","floor":31,"turns":5},{"damage":34,"enemies":"Champ","floor":33,"turns":11}],"seed_played":"8425822879054301305","potions_obtained":[{"floor":8.0,"key":"AttackPotion"},{"floor":10.0,"key":"FearPotion"},{"floor":16,"key":"Fire Potion"}],"is_trial":false,"path_per_floor":["M","?","$","M","$","E","R","E","T","M","R","M","R","M","R","B",null,"M","$","?","?","?","R","E","M","T","R","M","R","?","E","R","B"],"character_chosen":"DEFECT","items_purchased":["Static Discharge","Beam Cell","Defragment"],"campfire_rested":4,"item_purchase_floors":[5,5,19],"current_hp_per_floor":[68,68,68,68,68,68,68,31,31,29,29,17,39,36,36,19,61,49,49,35,35,35,35,10,1,1,13,13,25,25,1,13,0,0],"gold":314,"neow_bonus":"THREE_ENEMY_KILL","is_daily":false,"chose_seed":false,"campfire_upgraded":4,"win_rate":0.0,"timestamp":1614281871,"path_taken":["M","?","$","?","$","E","R","E","T","M","R","M","R","M","R","BOSS","BOSS","M","$","?","?","?","R","E","M","T","R","M","R","?","E","R","BOSS"],"items_purchased_type":["Card","Card","Card"],"build_version":"2020-12-22","purchased_purges":1,"victory":false,"max_hp_per_floor":[75,75,75,75,75,75,75,75,75,75,75,75,75,75,75,75,75,75,75,80,40,40,40,40,40,40,40,40,40,40,40,40,40,40],"card_choices":[{"not_picked":["Coolheaded","Streamline"],"picked":"Loop","floor":1.0},{"not_picked":["Storm","Reprogram"],"picked":"Hello World","floor":4.0},{"not_picked":["Gash","Auto Shields"],"picked":"Ball Lightning","floor":6.0},{"not_picked":["Barrage","Fission","Hello World"],"picked":"SKIP","floor":8.0},{"not_picked":["Redo","Turbo"],"picked":"Ball Lightning","floor":10.0},{"not_picked":["Blizzard","Reprogram","Gash"],"picked":"SKIP","floor":12.0},{"not_picked":["Barrage","Double Energy"],"picked":"Cold Snap","floor":14.0},{"not_picked":["Amplify","Multi-Cast"],"picked":"Rainbow","floor":16},{"not_picked":["Fusion","Hello World+1","Static Discharge"],"picked":"SKIP","floor":18},{"not_picked":["Chaos","Cold Snap"],"picked":"Chill","floor":24},{"not_picked":["Beam Cell","Go for the Eyes"],"picked":"Stack+1","floor":25},{"not_picked":["Recycle+1","Sweeping Beam","Hologram"],"picked":"Capacitor","floor":28},{"not_picked":["Barrage","Steam Power","Redo"],"picked":"Aggregate","floor":31}],"player_experience":309405,"relics_obtained":[{"floor":6.0,"key":"The Courier"},{"floor":8.0,"key":"Toy Ornithopter"},{"floor":9.0,"key":"Symbiotic Virus"},{"floor":24,"key":"Pen Nib"},{"floor":26,"key":"Question Card"},{"floor":31,"key":"Unceasing Top"}],"event_choices":[{"damage_healed":0.0,"max_hp_gain":0.0,"max_hp_loss":0.0,"gold_gain":0.0,"event_name":"Match and Keep!","player_choice":"2 cards matched","floor":2.0,"gold_loss":0.0,"damage_taken":0.0,"cards_obtained":["Dramatic Entrance","Zap"]},{"damage_healed":0,"gold_gain":0,"player_choice":"Shed Blood","damage_taken":19,"max_hp_gain":5,"max_hp_loss":0,"event_name":"Forgotten Altar","floor":20,"gold_loss":0},{"damage_healed":0,"gold_gain":0,"player_choice":"Became a Ghost","damage_taken":0,"max_hp_gain":0,"max_hp_loss":40,"event_name":"Ghosts","floor":21,"gold_loss":0,"cards_obtained":["Ghostly","Ghostly","Ghostly","Ghostly","Ghostly"]},{"damage_healed":0,"gold_gain":99,"player_choice":"Stole From Cult","damage_taken":0,"max_hp_gain":0,"max_hp_loss":0,"event_name":"Nest","floor":22,"gold_loss":0},{"damage_healed":0,"gold_gain":0,"player_choice":"Opened","damage_taken":0,"relics_obtained":["FossilizedHelix"],"max_hp_gain":0,"max_hp_loss":0,"event_name":"The Mausoleum","floor":30,"gold_loss":0,"cards_obtained":["Writhe"]}],"is_beta":false,"boss_relics":[{"not_picked":["Black Star","Sozu"],"picked":"Philosopher\u0027s Stone"}],"items_purged_floors":[19],"is_endless":false,"potions_floor_spawned":[8,10,14,16,18,25],"killed_by":"Champ","ascension_level":13}}