{"host":"d85gwtocd8go8gx0","time":1614277340,"event":{"mods":["AchievementEnabler","BaseMod","Better Altar","Better Skull","Better Third Choice","Block Reminder","Colored Powertips","Curses Come First","Dark Map","Filter the Spire","Highlight Path","Minty Spire (QoL Compilation)","Permanent Neow","Quick Restart","Shop Mod","StSLib","SuperFastMode","UnlockEverythingMod"],"gold_per_floor":[364,375,525,544,108,108,136,146,146,146,173,173,186,217,217,289,289,304,16,34,34,34,34,47,47,47,62,62,62],"floor_reached":28,"language":"ENG","playtime":894,"items_purged":["Doubt"],"score":476,"play_id":"b7a3b5cc-1cdf-4185-befd-087d90850dbf","local_time":"20210225102220","is_ascension_mode":true,"campfire_choices":[{"data":"Eruption","floor":6,"key":"SMITH"},{"data":"EmptyMind","floor":12,"key":"SMITH"},{"floor":15,"key":"REST"},{"floor":23,"key":"REST"}],"circlet_count":0,"master_deck":["AscendersBane","Strike_P","Strike_P","Strike_P","Defend_P","Defend_P","Defend_P","Defend_P","Eruption+1","Vigilance","FearNoEvil","CutThroughFate","ReachHeaven","Ragnarok","Evaluate","Consecrate","EmptyMind+1","BattleHymn","Devotion","Wallop","Protect","Study","Decay","BowlingBash+1"],"relics":["PureWater","Letter Opener","Bag of Preparation","Centennial Puzzle","Pear","betterAltar:BloodRelic","Cursed Key","Mummified Hand","InkBottle"],"acts_visited":["Exordium","TheCity"],"potions_floor_usage":[16,16,16,16],"damage_taken":[{"damage":6,"enemies":"2 Louse","floor":1,"turns":3},{"damage":2,"enemies":"Jaw Worm","floor":2,"turns":4},{"damage":0,"enemies":"Cultist","floor":4,"turns":2},{"damage":16,"enemies":"Gremlin Nob","floor":7,"turns":3},{"damage":2,"enemies":"Large Slime","floor":8,"turns":3},{"damage":12,"enemies":"3 Sentries","floor":11,"turns":5},{"damage":0,"enemies":"3 Louse","floor":13,"turns":2},{"damage":8,"enemies":"Gremlin Nob","floor":14,"turns":3},{"damage":31,"enemies":"Hexaghost","floor":16,"turns":5},{"damage":2,"enemies":"Shell Parasite","floor":18,"turns":2},{"damage":22,"enemies":"2 Thieves","floor":20,"turns":2},{"damage":18,"enemies":"3 Cultists","floor":24,"turns":4},{"damage":24,"enemies":"Snecko","floor":27,"turns":3},{"damage":0,"enemies":"Chosen and Byrds","floor":28,"turns":2}],"seed_played":"-3406401768215659707","potions_obtained":[{"floor":1,"key":"EntropicBrew"},{"floor":7,"key":"Strength Potion"},{"floor":24,"key":"SkillPotion"}],"is_trial":false,"path_per_floor":["M","M","?","M","$","R","E","M","T","?","E","R","M","E","R","B",null,"M","$","M","?","?","R","M","?","T","M","M"],"character_chosen":"WATCHER","items_purchased":["Letter Opener","Ragnarok","Mummified Hand"],"campfire_rested":2,"item_purchase_floors":[5,5,19],"current_hp_per_floor":[55,53,53,53,53,53,37,35,35,35,33,33,33,25,46,17,58,58,58,38,38,34,55,41,41,41,21,25,25],"gold":62,"neow_bonus":"TWO_FIFTY_GOLD","is_daily":false,"chose_seed":false,"campfire_upgraded":2,"win_rate":0.0,"timestamp":1614277340,"path_taken":["M","M","?","M","$","R","E","M","T","?","E","R","?","E","R","BOSS","M","$","M","?","?","R","M","?","T","M","M"],"items_purchased_type":["Relic","Card","Relic"],"build_version":"2020-12-22","purchased_purges":1,"victory":false,"max_hp_per_floor":[62,62,62,62,62,62,62,62,62,62,72,72,72,72,72,72,72,72,72,72,72,72,72,72,72,72,72,72,72],"card_choices":[{"not_picked":["FlurryOfBlows","Halt"],"picked":"FearNoEvil","floor":1},{"not_picked":["WreathOfFlame","EmptyFist"],"picked":"CutThroughFate","floor":2},{"not_picked":["Perseverance","Swivel"],"picked":"ReachHeaven","floor":4},{"not_picked":["PathToVictory","FlyingSleeves"],"picked":"Evaluate","floor":7},{"not_picked":["Scrawl","EmptyMind"],"picked":"Consecrate","floor":8},{"not_picked":["CutThroughFate","FearNoEvil"],"picked":"EmptyMind","floor":11},{"not_picked":["Prostrate","Worship","WaveOfTheHand"],"picked":"SKIP","floor":13},{"not_picked":["SandsOfTime","SignatureMove"],"picked":"BattleHymn","floor":14},{"not_picked":["Scrawl","Alpha"],"picked":"Devotion","floor":16},{"not_picked":["WheelKick","ReachHeaven"],"picked":"Wallop","floor":18},{"not_picked":["JustLucky","FlyingSleeves"],"picked":"Protect","floor":20},{"not_picked":["Collect+1","PathToVictory"],"picked":"Study","floor":24},{"not_picked":["Sanctity","CrushJoints"],"picked":"BowlingBash+1","floor":27}],"player_experience":70185,"relics_obtained":[{"floor":7,"key":"Bag of Preparation"},{"floor":9,"key":"Centennial Puzzle"},{"floor":11,"key":"Pear"},{"floor":14,"key":"Blood Vial"},{"floor":26,"key":"InkBottle"}],"event_choices":[{"damage_healed":0,"gold_gain":150,"player_choice":"AGREE","damage_taken":375,"max_hp_gain":0,"max_hp_loss":0,"event_name":"betterThird:BetterSerpent","floor":3,"gold_loss":0},{"damage_healed":0,"gold_gain":0,"player_choice":"Got Potions","damage_taken":0,"max_hp_gain":0,"max_hp_loss":0,"event_name":"Lab","floor":10,"gold_loss":0},{"damage_healed":0,"gold_gain":0,"player_choice":" RottenVial ","damage_taken":4,"relics_obtained":["betterAltar:BloodRelic"],"max_hp_gain":38,"max_hp_loss":34,"event_name":"betterAltar:BetterAltar","floor":22,"potions_obtained":[],"relics_lost":["Blood Vial"],"gold_loss":0},{"cards_removed":["Strike_P"],"damage_healed":0,"gold_gain":0,"player_choice":"Card Removal","damage_taken":0,"max_hp_gain":0,"max_hp_loss":0,"event_name":"Wheel of Change","floor":25,"gold_loss":0}],"is_beta":false,"boss_relics":[{"not_picked":["Empty Cage","Busted Crown"],"picked":"Cursed Key"}],"items_purged_floors":[5],"is_endless":false,"potions_floor_spawned":[1,7,13,14,24],"killed_by":"Chosen and Byrds","ascension_level":20}}