{"host":"bsvw3vj5tq13pxxj","time":1614261066,"event":{"mods":["AchievementEnabler","BaseMod","Colored Map","DeckTracker","KOR Keyword Fix","Minty Spire (QoL Compilation)","Permanent Neow","SuperFastMode","everything is the same but u backflip on backflip"],"gold_per_floor":[110,39,53,71,21,21,21,36,36,50,50,61,75,85,85,85,85],"floor_reached":16,"language":"KOR","playtime":636,"items_purged":[],"score":96,"play_id":"9bca07d4-615d-404a-b055-d2120f47d70d","local_time":"20210225225106","is_ascension_mode":false,"campfire_choices":[{"data":"Vault","floor":6,"key":"SMITH"},{"floor":15,"key":"REST"}],"circlet_count":0,"master_deck":["Strike_P","Strike_P","Strike_P","Defend_P","Defend_P","Eruption","Vigilance","Vault+1","CarveReality","ThirdEye","MentalFortress","FlurryOfBlows","JustLucky","ClearTheMind"],"relics":["PureWater","Shuriken","Eternal Feather"],"acts_visited":["Exordium"],"potions_floor_usage":[12,16,16,16],"damage_taken":[{"damage":0,"enemies":"Cultist","floor":1,"turns":2},{"damage":5,"enemies":"Small Slimes","floor":3,"turns":3},{"damage":12,"enemies":"Jaw Worm","floor":4,"turns":6},{"damage":26,"enemies":"Exordium Thugs","floor":8,"turns":3},{"damage":0,"enemies":"Large Slime","floor":10,"turns":5},{"damage":0,"enemies":"Looter","floor":12,"turns":4},{"damage":0,"enemies":"3 Louse","floor":13,"turns":4},{"damage":0,"enemies":"Exordium Wildlife","floor":14,"turns":2},{"damage":38,"enemies":"The Guardian","floor":16,"turns":5}],"seed_played":"6332526162992041385","potions_obtained":[{"floor":1,"key":"Block Potion"},{"floor":3,"key":"FearPotion"},{"floor":8,"key":"DistilledChaos"},{"floor":13,"key":"Energy Potion"}],"is_trial":false,"path_per_floor":["M","$","M","M","?","R","T","M","T","M","$","M","M","M","R","B"],"character_chosen":"WATCHER","items_purchased":["MentalFortress"],"campfire_rested":1,"item_purchase_floors":[2],"current_hp_per_floor":[51,51,46,34,34,34,34,8,8,8,8,8,8,8,35,0,0],"gold":85,"neow_bonus":"TRANSFORM_TWO_CARDS","is_daily":false,"chose_seed":false,"campfire_upgraded":1,"win_rate":0.0,"timestamp":1614261066,"path_taken":["M","?","?","M","?","R","?","?","T","M","$","M","M","M","R","BOSS"],"items_purchased_type":["Card"],"build_version":"2020-12-22","purchased_purges":0,"victory":false,"max_hp_per_floor":[72,72,72,72,72,72,72,72,72,72,72,72,72,72,72,72,72],"card_choices":[{"not_picked":["Pray","Halt"],"picked":"ThirdEye","floor":1},{"not_picked":["Prostrate","BowlingBash","PathToVictory"],"picked":"SKIP","floor":3},{"not_picked":["LikeWater","Vengeance","Prostrate"],"picked":"SKIP","floor":4},{"not_picked":["Vengeance","EmptyFist","PathToVictory"],"picked":"SKIP","floor":8},{"not_picked":["EmptyMind","Protect"],"picked":"FlurryOfBlows","floor":10},{"not_picked":["CutThroughFate","CarveReality"],"picked":"JustLucky","floor":12},{"not_picked":["ReachHeaven","BowlingBash","WreathOfFlame"],"picked":"SKIP","floor":13},{"not_picked":["JustLucky","ThirdEye"],"picked":"ClearTheMind","floor":14}],"player_experience":42643,"relics_obtained":[{"floor":7,"key":"Shuriken"},{"floor":9,"key":"Eternal Feather"}],"event_choices":[{"cards_removed":["Defend_P"],"damage_healed":0,"gold_gain":0,"player_choice":"Card Removal","damage_taken":0,"max_hp_gain":0,"max_hp_loss":0,"event_name":"The Cleric","floor":5,"gold_loss":50}],"is_beta":false,"boss_relics":[],"items_purged_floors":[],"is_endless":false,"potions_floor_spawned":[1,3,8,13,14],"killed_by":"The Guardian","ascension_level":0}}