{"host":"zp8jvycvinn13jdb","time":1614289653,"event":{"mods":["BaseMod","Better Match","Colored Powertips","Downfall","Googly Eyes","Hermit","Minty Spire (QoL Compilation)","Rare Cards Sparkle","Relic Stats","StSLib","SuperFastMode","Synergy Search","The Bug Knight","The Cursed"],"gold_per_floor":[113,127,142,152,152,152,185,185,185,185,185,218,218,229,229,229,229],"floor_reached":16,"language":"ENG","playtime":626,"items_purged":[],"score":110,"play_id":"2ccbb8ec-be11-4795-b5e0-7b8453e16f09","local_time":"20210225164733","is_ascension_mode":false,"campfire_choices":[{"data":"Pommel Strike","floor":6,"key":"SMITH"},{"data":"Shrug It Off","floor":8,"key":"SMITH"},{"floor":11,"key":"REST"},{"data":"Flex","floor":15,"key":"SMITH"}],"circlet_count":0,"master_deck":["Strike_R","Strike_R","Strike_R","Strike_R","Strike_R","Defend_R","Defend_R","Defend_R","Defend_R","Clash","Flex+1","Pommel Strike+1","Shrug It Off+1"],"relics":["Burning Blood","Magic Flower","Darkstone Periapt","Kunai","Juzu Bracelet","Toy Ornithopter"],"acts_visited":["Exordium"],"potions_floor_usage":[16],"damage_taken":[{"damage":0,"enemies":"Small Slimes","floor":1,"turns":3},{"damage":6,"enemies":"Jaw Worm","floor":2,"turns":2},{"damage":1,"enemies":"Cultist","floor":3,"turns":3},{"damage":4,"enemies":"Exordium Wildlife","floor":4,"turns":3},{"damage":46,"enemies":"Gremlin Nob","floor":7,"turns":5},{"damage":40,"enemies":"3 Sentries","floor":12,"turns":10},{"damage":3,"enemies":"2 Fungi Beasts","floor":14,"turns":3},{"damage":74,"enemies":"Hexaghost","floor":16,"turns":14}],"seed_played":"8482451323994473428","potions_obtained":[{"floor":3,"key":"Guardian:BlockOnCardUsePotion"},{"floor":7,"key":"bronze:BurnAndBuffPotion"},{"floor":12,"key":"Weak Potion"}],"is_trial":false,"path_per_floor":["M","M","M","M","?","R","E","R","T","T","R","E","?","M","R","B"],"character_chosen":"IRONCLAD","items_purchased":[],"campfire_rested":1,"item_purchase_floors":[],"current_hp_per_floor":[80,80,80,80,77,77,40,40,40,40,64,33,59,65,65,0,0],"gold":229,"neow_bonus":"TRANSFORM_CARD","is_daily":false,"chose_seed":false,"campfire_upgraded":3,"win_rate":0.0,"timestamp":1614289653,"path_taken":["M","M","M","M","?","R","E","R","T","?","R","E","?","M","R","BOSS"],"items_purchased_type":[],"build_version":"2020-12-22","purchased_purges":0,"victory":false,"max_hp_per_floor":[80,80,80,80,80,80,80,80,80,80,80,80,80,80,80,80,80],"relic_stats":{"Darkstone Periapt":0,"counters":[8,43],"Magic Flower":[12],"Juzu Bracelet":1,"Kunai":[5],"obtain_stats":[{"Darkstone Periapt":7,"Magic Flower":5,"Juzu Bracelet":10,"Kunai":9,"Burning Blood":0,"Toy Ornithopter":12},{"Darkstone Periapt":5,"Magic Flower":4,"Juzu Bracelet":5,"Kunai":5,"Burning Blood":0,"Toy Ornithopter":6},{"Darkstone Periapt":16,"Magic Flower":11,"Juzu Bracelet":16,"Kunai":16,"Burning Blood":0,"Toy Ornithopter":26}],"Burning Blood":38,"Toy Ornithopter":8},"card_choices":[{"not_picked":["Clothesline","Anger"],"picked":"Flex","floor":1},{"not_picked":["Disarm","Infernal Blade","Pummel"],"picked":"SKIP","floor":2},{"not_picked":["Iron Wave","Twin Strike"],"picked":"Pommel Strike","floor":3},{"not_picked":["Warcry","Reckless Charge"],"picked":"Shrug It Off","floor":4},{"not_picked":["Berserk","Infernal Blade","Power Through"],"picked":"SKIP","floor":7},{"not_picked":["Flame Barrier","Shockwave","Pummel"],"picked":"SKIP","floor":12},{"not_picked":["Armaments","Second Wind","Pummel"],"picked":"SKIP","floor":14}],"player_experience":193151,"relics_obtained":[{"floor":7,"key":"Darkstone Periapt"},{"floor":9,"key":"Kunai"},{"floor":10,"key":"Juzu Bracelet"},{"floor":12,"key":"Toy Ornithopter"}],"event_choices":[{"damage_healed":0,"gold_gain":0,"player_choice":"Success","damage_taken":3,"relics_obtained":["Magic Flower"],"max_hp_gain":0,"max_hp_loss":0,"event_name":"Scrap Ooze","floor":5,"gold_loss":0},{"damage_healed":26,"gold_gain":0,"player_choice":"Banana","damage_taken":0,"max_hp_gain":0,"max_hp_loss":0,"event_name":"Big Fish","floor":13,"gold_loss":0}],"is_beta":false,"boss_relics":[],"items_purged_floors":[],"is_endless":false,"potions_floor_spawned":[3,7,12,14],"killed_by":"Hexaghost","ascension_level":0}}