{"host":"8rgpnls124hwjv5t","time":1614231384,"event":{"mods":["BaseMod","Better Third Choice","Colored Map","Colored Powertips","DeckTracker","Highlight Path","Minty Spire (QoL Compilation)","Permanent Neow","Quick Restart","Relic Stats","StSLib"],"gold_per_floor":[159,159,172,185,200,200,244,244,244,244,244,267,14,32,32,130,130,151,151,14,14,28,28,66,66,66,89,130,130,0,16,16,111,111,130,145,20,51,51,51,51,51,97,131,131,131,156,181,181,181,181],"floor_reached":50,"language":"ENG","playtime":3302,"items_purged":["Strike_G","Strike_G","Defend_G"],"score":991,"play_id":"259b54ca-e21c-424a-a8f0-83a9513b5090","local_time":"20210225003624","is_ascension_mode":true,"campfire_choices":[{"data":"Dagger Spray","floor":6,"key":"SMITH"},{"data":"Die Die Die","floor":8,"key":"SMITH"},{"floor":11,"key":"REST"},{"data":"Blade Dance","floor":15,"key":"SMITH"},{"data":"J.A.X.","floor":23,"key":"SMITH"},{"data":"Cloak And Dagger","floor":25,"key":"SMITH"},{"floor":29,"key":"REST"},{"floor":32,"key":"REST"},{"data":"Wraith Form v2","floor":40,"key":"SMITH"},{"data":"Infinite Blades","floor":42,"key":"SMITH"},{"floor":45,"key":"REST"},{"floor":49,"key":"REST"}],"circlet_count":0,"master_deck":["AscendersBane","Strike_G+1","Strike_G+1","Strike_G","Defend_G","Defend_G","Defend_G+1","Defend_G","Survivor","Neutralize","Dagger Spray+1","Dagger Throw","Deadly Poison","Dodge and Roll","Cloak And Dagger+1","Die Die Die+1","Blade Dance+1","Endless Agony","Blade Dance","Infinite Blades+1","Finisher","Wraith Form v2+1","Blur","Blur","J.A.X.+1","Cloak And Dagger+1","Dodge and Roll","Cloak And Dagger","Dodge and Roll+1","Accuracy+1","Slice","Master of Strategy","Venomology","Deflect"],"relics":["Tiny House","Golden Idol","Pocketwatch","Kunai","SacredBark","Letter Opener","Prayer Wheel","Calipers","WristBlade","Torii","Whetstone","Snake Skull"],"acts_visited":["Exordium","TheCity","TheBeyond"],"potions_floor_usage":[4,7,16,24,24,28,35,44,48,50],"damage_taken":[{"damage":5,"enemies":"2 Louse","floor":1,"turns":3},{"damage":4,"enemies":"Small Slimes","floor":3,"turns":3},{"damage":4,"enemies":"Jaw Worm","floor":4,"turns":4},{"damage":2,"enemies":"2 Fungi Beasts","floor":5,"turns":4},{"damage":28,"enemies":"Gremlin Nob","floor":7,"turns":4},{"damage":2,"enemies":"Large Slime","floor":12,"turns":5},{"damage":0,"enemies":"Exordium Wildlife","floor":14,"turns":2},{"damage":17,"enemies":"Hexaghost","floor":16,"turns":13},{"damage":0,"enemies":"Chosen","floor":18,"turns":2},{"damage":7,"enemies":"2 Thieves","floor":22,"turns":3},{"damage":60,"enemies":"Slavers","floor":24,"turns":11},{"damage":17,"enemies":"Snake Plant","floor":27,"turns":5},{"damage":12,"enemies":"Gremlin Leader","floor":28,"turns":5},{"damage":4,"enemies":"Snecko","floor":31,"turns":9},{"damage":15,"enemies":"Champ","floor":33,"turns":15},{"damage":24,"enemies":"3 Shapes","floor":35,"turns":5},{"damage":1,"enemies":"Orb Walker","floor":36,"turns":3},{"damage":5,"enemies":"Mind Bloom Boss Battle","floor":38,"turns":7},{"damage":4,"enemies":"Reptomancer","floor":44,"turns":5},{"damage":3,"enemies":"Transient","floor":47,"turns":6},{"damage":29,"enemies":"Maw","floor":48,"turns":8},{"damage":27,"enemies":"Donu and Deca","floor":50,"turns":4}],"seed_played":"2376855997293450129","potions_obtained":[{"floor":0,"key":"FearPotion"},{"floor":3,"key":"BlessingOfTheForge"},{"floor":7,"key":"AttackPotion"},{"floor":12,"key":"DistilledChaos"},{"floor":16,"key":"Regen Potion"},{"floor":18,"key":"SteroidPotion"},{"floor":24,"key":"FearPotion"},{"floor":31,"key":"FearPotion"},{"floor":36,"key":"AttackPotion"},{"floor":38,"key":"AttackPotion"},{"floor":47,"key":"AttackPotion"}],"is_trial":false,"path_per_floor":["M","?","M","M","M","R","E","R","T","?","R","M","$","M","R","B",null,"M","?","$","?","M","R","E","R","T","M","E","R","?","M","R","B",null,"M","M","$","?","?","R","?","R","T","E","R","?","M","M","R","B"],"character_chosen":"THE_SILENT","items_purchased":["Endless Agony","Blade Dance","Infinite Blades","Blur"],"campfire_rested":5,"item_purchase_floors":[13,13,13,20],"current_hp_per_floor":[59,59,55,51,49,49,21,21,21,21,40,38,38,38,38,21,53,53,53,53,53,46,46,41,41,41,24,12,31,31,27,46,31,56,32,31,31,26,26,26,26,26,26,22,41,41,38,9,27,0,0],"gold":181,"neow_bonus":"BOSS_RELIC","is_daily":false,"chose_seed":false,"campfire_upgraded":7,"win_rate":0.0,"timestamp":1614231384,"path_taken":["M","?","M","M","M","R","E","R","T","?","R","M","$","M","R","BOSS","M","?","$","?","M","R","E","R","T","M","E","R","?","M","R","BOSS","M","M","$","?","?","R","?","R","T","E","R","?","M","M","R","BOSS"],"items_purchased_type":["Card","Card","Card","Card"],"build_version":"2020-12-22","purchased_purges":3,"victory":false,"max_hp_per_floor":[71,64,64,64,64,64,64,64,64,64,64,64,64,64,64,64,64,64,64,64,64,64,64,64,64,64,64,64,64,64,64,64,64,64,64,64,64,64,64,64,64,64,64,64,64,61,61,61,61,61,61],"relic_stats":{"Torii":6,"counters":[22,126],"Golden Idol":127,"Prayer Wheel":6,"Snake Skull":[1],"Kunai":[103],"Letter Opener":[120],"Whetstone":["Strike_G","Strike_G"],"obtain_stats":[{"Tiny House":0,"Calipers":28,"Torii":38,"Golden Idol":2,"SacredBark":17,"Snake Skull":44,"Letter Opener":24,"Whetstone":43,"WristBlade":34,"Prayer Wheel":26,"Kunai":9,"Ring of the Snake":0,"Pocketwatch":7},{"Tiny House":0,"Calipers":13,"Torii":18,"Golden Idol":1,"SacredBark":8,"Snake Skull":19,"Letter Opener":11,"Whetstone":18,"WristBlade":15,"Prayer Wheel":11,"Kunai":5,"Ring of the Snake":0,"Pocketwatch":5},{"Tiny House":0,"Calipers":64,"Torii":103,"Golden Idol":3,"SacredBark":38,"Snake Skull":108,"Letter Opener":54,"Whetstone":103,"WristBlade":88,"Prayer Wheel":54,"Kunai":18,"Ring of the Snake":0,"Pocketwatch":18}],"Pocketwatch":[65]},"card_choices":[{"not_picked":["Sucker Punch","Catalyst"],"picked":"Dagger Spray","floor":0},{"not_picked":["Terror","Acrobatics"],"picked":"Dagger Throw","floor":1},{"not_picked":["Cloak And Dagger","Catalyst"],"picked":"Deadly Poison","floor":3},{"not_picked":["Finisher","Flying Knee"],"picked":"Dodge and Roll","floor":4},{"not_picked":["Sucker Punch","Bane"],"picked":"Cloak And Dagger","floor":5},{"not_picked":["Sucker Punch","Underhanded Strike"],"picked":"Die Die Die","floor":7},{"not_picked":["Eviscerate","Masterful Stab"],"picked":"Blade Dance","floor":12},{"not_picked":["Dagger Spray","Poisoned Stab"],"picked":"Finisher","floor":14},{"not_picked":["Glass Knife","Phantasmal Killer"],"picked":"Wraith Form v2","floor":16},{"not_picked":["All Out Attack","Underhanded Strike"],"picked":"Blur","floor":18},{"not_picked":["Endless Agony","Expertise","PiercingWail"],"picked":"SKIP","floor":22},{"not_picked":["Backflip+1","PiercingWail"],"picked":"Cloak And Dagger","floor":24},{"not_picked":["Setup","Outmaneuver"],"picked":"Dodge and Roll","floor":27},{"not_picked":["Terror","Bane","Underhanded Strike"],"picked":"SKIP","floor":27},{"not_picked":["Sucker Punch","Flying Knee","Dagger Spray"],"picked":"SKIP","floor":28},{"not_picked":["PiercingWail","Acrobatics"],"picked":"Cloak And Dagger","floor":31},{"not_picked":["Finisher","Corpse Explosion","Deflect"],"picked":"SKIP","floor":31},{"not_picked":["Slice","Backflip+1"],"picked":"Dodge and Roll+1","floor":35},{"not_picked":["Deadly Poison","Cloak And Dagger","Dagger Throw"],"picked":"SKIP","floor":35},{"not_picked":["Escape Plan","PiercingWail+1"],"picked":"Accuracy+1","floor":36},{"not_picked":["Bane","Deadly Poison+1","Envenom"],"picked":"SKIP","floor":36},{"not_picked":["Poisoned Stab+1","Underhanded Strike+1"],"picked":"Slice","floor":38},{"not_picked":["Jack Of All Trades","Chrysalis"],"picked":"Master of Strategy","floor":39},{"not_picked":["Reflex+1","Cloak And Dagger","Quick Slash"],"picked":"SKIP","floor":44},{"not_picked":["Blade Dance","Deflect+1"],"picked":"Venomology","floor":47},{"not_picked":["Concentrate","Poisoned Stab","Skewer"],"picked":"SKIP","floor":47},{"not_picked":["Acrobatics","Noxious Fumes"],"picked":"Deflect","floor":48},{"not_picked":["Flying Knee","Underhanded Strike","PiercingWail+1"],"picked":"SKIP","floor":48}],"player_experience":658883,"relics_obtained":[{"floor":7,"key":"Pocketwatch"},{"floor":9,"key":"Kunai"},{"floor":24,"key":"Letter Opener"},{"floor":26,"key":"Prayer Wheel"},{"floor":28,"key":"Calipers"},{"floor":38,"key":"Torii"},{"floor":43,"key":"Whetstone"},{"floor":44,"key":"Snake Skull"}],"event_choices":[{"damage_healed":0,"gold_gain":0,"player_choice":"Lose Max HP","damage_taken":0,"relics_obtained":["Golden Idol"],"max_hp_gain":0,"max_hp_loss":7,"event_name":"Golden Idol","floor":2,"gold_loss":0},{"damage_healed":0,"gold_gain":0,"player_choice":"Grow","damage_taken":0,"max_hp_gain":0,"max_hp_loss":0,"event_name":"Living Wall","floor":10,"gold_loss":0,"cards_upgraded":["Cloak And Dagger"]},{"damage_healed":0,"gold_gain":0,"player_choice":"Ignored","damage_taken":0,"max_hp_gain":0,"max_hp_loss":0,"event_name":"Vampires","floor":19,"gold_loss":0},{"damage_healed":0,"gold_gain":0,"player_choice":"Obtain J.A.X.","damage_taken":0,"max_hp_gain":0,"max_hp_loss":0,"event_name":"Drug Dealer","floor":21,"gold_loss":0,"cards_obtained":["J.A.X."]},{"damage_healed":0,"gold_gain":0,"player_choice":"Paid Fearfully","damage_taken":0,"max_hp_gain":0,"max_hp_loss":0,"event_name":"Masked Bandits","floor":30,"gold_loss":130},{"damage_healed":0,"gold_gain":0,"player_choice":"Fight","damage_taken":0,"max_hp_gain":0,"max_hp_loss":0,"event_name":"MindBloom","floor":38,"gold_loss":0},{"damage_healed":0,"gold_gain":0,"player_choice":"Memory 1","damage_taken":0,"max_hp_gain":0,"max_hp_loss":0,"event_name":"SensoryStone","floor":39,"gold_loss":0},{"damage_healed":0,"gold_gain":0,"player_choice":"Ignored","damage_taken":0,"max_hp_gain":0,"max_hp_loss":0,"event_name":"Mysterious Sphere","floor":41,"gold_loss":0},{"damage_healed":0,"gold_gain":0,"player_choice":"Max HP","damage_taken":0,"max_hp_gain":0,"max_hp_loss":3,"event_name":"Winding Halls","floor":46,"gold_loss":0}],"is_beta":false,"boss_relics":[{"not_picked":["Busted Crown","Runic Dome"],"picked":"SacredBark"},{"not_picked":["Velvet Choker","Coffee Dripper"],"picked":"WristBlade"}],"items_purged_floors":[13,20,37],"is_endless":false,"potions_floor_spawned":[3,7,12,16,18,22,24,31,36,38,47],"killed_by":"Donu and Deca","ascension_level":19}}