{"host":"d76q0rb9a0s9bgr5","time":1614257027,"event":{"mods":["BaseMod","Downfall","Hubris","Minty Spire (QoL Compilation)","StSLib"],"gold_per_floor":[111,111,111,111,129,129,154,154,178,178,195,195,47,63,63,164,164,174,74,90,90,90,90,108,23,23,38,55,72,102,102,102,199,199,214,264,264,274,292,292,308,337,337,337,366,366,378,378,378,378],"floor_reached":51,"language":"ENG","playtime":3208,"items_purged":["Strike_G","Strike_G","Strike_G"],"score":999,"play_id":"fea1d605-7a9e-45e5-add4-4fba2dde4c51","local_time":"20210225134347","is_ascension_mode":true,"campfire_choices":[{"data":"Blur","floor":6,"key":"SMITH"},{"data":"Blade Dance","floor":8,"key":"SMITH"},{"data":"Footwork","floor":15,"key":"SMITH"},{"data":"Catalyst","floor":23,"key":"SMITH"},{"floor":32,"key":"REST"},{"data":"Body Slam","floor":40,"key":"SMITH"},{"data":"A Thousand Cuts","floor":46,"key":"SMITH"},{"data":"Inflame","floor":49,"key":"SMITH"}],"circlet_count":0,"master_deck":["Envenom+1","Strike_G","Defend_G","Defend_G","Defend_G","Defend_G","Defend_G","Survivor","Blade Dance+1","Blur+1","Adrenaline+1","Backflip","Footwork+1","Backflip","Catalyst+1","Terror+1","Shrug It Off","Inflame+1","Noxious Fumes+1","A Thousand Cuts+1","Blade Dance","Footwork","Body Slam+1","Parasite","hubris:Sniper","Acrobatics+1"],"relics":["hubris:GrandSneckoEye","hubris:Icosahedron","Paper Crane","Ancient Tea Set","Oddly Smooth Stone","SlaversCollar","hubris:Towel","hubris:DisguiseKit","Boot","Matryoshka","Calipers","Mummified Hand","WristBlade","Unceasing Top","hubris:CuriousFeather","Toy Ornithopter","Bottled Lightning","Shuriken","hubris:TenFootPole","Frozen Egg 2"],"acts_visited":["Exordium","TheCity","TheBeyond"],"potions_floor_usage":[24,27,27,42],"damage_taken":[{"damage":11,"enemies":"Small Slimes","floor":1,"turns":5},{"damage":0,"enemies":"Jaw Worm","floor":5,"turns":3},{"damage":2,"enemies":"3 Sentries","floor":7,"turns":6},{"damage":0,"enemies":"Cultist","floor":11,"turns":3},{"damage":0,"enemies":"Blue Slaver","floor":14,"turns":2},{"damage":0,"enemies":"Hexaghost","floor":16,"turns":6},{"damage":0,"enemies":"2 Thieves","floor":18,"turns":3},{"damage":0,"enemies":"Spheric Guardian","floor":20,"turns":5},{"damage":6,"enemies":"Cultist and Chosen","floor":24,"turns":5},{"damage":0,"enemies":"3 Cultists","floor":27,"turns":5},{"damage":5,"enemies":"Snecko","floor":28,"turns":7},{"damage":13,"enemies":"Shelled Parasite and Fungi","floor":29,"turns":4},{"damage":14,"enemies":"Book of Stabbing","floor":30,"turns":4},{"damage":0,"enemies":"Collector","floor":33,"turns":5},{"damage":0,"enemies":"3 Shapes","floor":35,"turns":4},{"damage":0,"enemies":"Mind Bloom Boss Battle","floor":36,"turns":3},{"damage":0,"enemies":"Orb Walker","floor":38,"turns":2},{"damage":6,"enemies":"Maw","floor":39,"turns":5},{"damage":0,"enemies":"Writhing Mass","floor":41,"turns":6},{"damage":12,"enemies":"Nemesis","floor":42,"turns":4},{"damage":13,"enemies":"Giant Head","floor":45,"turns":4},{"damage":2,"enemies":"4 Shapes","floor":47,"turns":4},{"damage":12,"enemies":"Awakened One","floor":50,"turns":5}],"seed_played":"706576017494586689","potions_obtained":[{"floor":5,"key":"Ancient Potion"},{"floor":14,"key":"champ:CounterPotion"},{"floor":18,"key":"Slimebound:ThreeZeroPotion"},{"floor":20,"key":"hexamod:SoulburnPotion"},{"floor":27,"key":"Weak Potion"},{"floor":33,"key":"Energy Potion"},{"floor":35,"key":"CunningPotion"},{"floor":47,"key":"Dexterity Potion"}],"is_trial":false,"path_per_floor":["M","?","?","T","M","R","E","R","T","?","M","?","$","M","R","B",null,"M","$","M","?","T","R","M","?","T","M","M","M","E","$","R","B",null,"M","?","?","M","M","R","M","E","T","T","E","R","M","?","R","B",null],"character_chosen":"THE_SILENT","items_purchased":["Footwork","Mummified Hand"],"campfire_rested":1,"item_purchase_floors":[13,31],"current_hp_per_floor":[59,64,64,64,64,64,62,62,62,62,62,62,62,62,62,62,75,75,75,75,75,75,75,69,69,69,69,64,51,37,15,37,37,75,75,75,75,75,69,69,69,57,57,57,44,44,42,42,42,30],"gold":378,"neow_bonus":"BOSS_RELIC","is_daily":false,"chose_seed":false,"campfire_upgraded":7,"win_rate":0.0,"timestamp":1614257027,"path_taken":["M","?","?","?","?","R","E","R","T","?","M","?","$","?","R","BOSS","M","$","M","?","?","R","M","?","T","M","?","?","E","?","R","BOSS","M","?","?","M","?","R","M","E","T","?","E","R","?","?","R","BOSS"],"items_purchased_type":["Card","Relic"],"build_version":"2020-12-22","purchased_purges":3,"victory":true,"max_hp_per_floor":[70,75,75,75,75,75,75,75,75,75,75,75,75,75,75,75,75,75,75,75,75,75,75,75,75,75,75,75,75,75,75,75,75,75,75,75,75,75,75,75,75,75,75,75,75,75,75,75,75,75],"card_choices":[{"not_picked":["hubris:SlightOfHand","Cloak And Dagger"],"picked":"Blade Dance","floor":1},{"not_picked":["Slice","Blade Dance"],"picked":"Blur","floor":5},{"not_picked":["Dagger Spray","Backstab"],"picked":"Adrenaline","floor":7},{"not_picked":["Deflect","Masterful Stab"],"picked":"Backflip","floor":11},{"not_picked":["Poisoned Stab","Quick Slash"],"picked":"Backflip","floor":14},{"not_picked":["All Out Attack","hubris:SlightOfHand+1"],"picked":"Catalyst","floor":18},{"not_picked":["Poisoned Stab","Sucker Punch"],"picked":"Terror+1","floor":20},{"not_picked":["Crippling Poison","Dodge and Roll","Backflip"],"picked":"Shrug It Off","floor":24},{"not_picked":["Terror+1","Burst","Well Laid Plans","Pommel Strike"],"picked":"SKIP","floor":27},{"not_picked":["Eviscerate","Quick Slash","Escape Plan"],"picked":"Inflame","floor":28},{"not_picked":["Calculated Gamble+1","Dagger Spray+1","Leg Sweep+1","Clothesline"],"picked":"SKIP","floor":29},{"not_picked":["Backflip+1","Slice","Twin Strike"],"picked":"Noxious Fumes+1","floor":30},{"not_picked":["Doppelganger","Bullet Time","Bludgeon"],"picked":"A Thousand Cuts","floor":33},{"not_picked":["Sucker Punch","Leg Sweep","Dodge and Roll+1","hubris:ReadiedAction"],"picked":"SKIP","floor":35},{"not_picked":["Predator","Prepared","Sword Boomerang"],"picked":"Blade Dance","floor":36},{"not_picked":["Bane","Dodge and Roll+1","Bloodletting"],"picked":"Footwork","floor":38},{"not_picked":["Poisoned Stab","Dagger Spray","Prepared+1"],"picked":"Body Slam","floor":39},{"not_picked":["hubris:SlightOfHand","Endless Agony","Dagger Throw","Carnage"],"picked":"SKIP","floor":41},{"not_picked":["Deflect","Slice","Spot Weakness"],"picked":"hubris:Sniper","floor":42},{"not_picked":["Cloak And Dagger","Dodge and Roll+1","True Grit"],"picked":"Acrobatics+1","floor":45},{"not_picked":["Escape Plan+1","Quick Slash","Masterful Stab+1","Anger"],"picked":"SKIP","floor":47}],"player_experience":168127,"relics_obtained":[{"floor":4,"key":"Paper Crane"},{"floor":7,"key":"Ancient Tea Set"},{"floor":9,"key":"Oddly Smooth Stone"},{"floor":22,"key":"hubris:DisguiseKit"},{"floor":26,"key":"Matryoshka"},{"floor":30,"key":"Calipers"},{"floor":36,"key":"Unceasing Top"},{"floor":42,"key":"hubris:CuriousFeather"},{"floor":43,"key":"Toy Ornithopter"},{"floor":43,"key":"Bottled Lightning"},{"floor":44,"key":"Shuriken"},{"floor":44,"key":"hubris:TenFootPole"},{"floor":45,"key":"Frozen Egg 2"}],"event_choices":[{"damage_healed":0,"gold_gain":0,"player_choice":"Donut","damage_taken":0,"max_hp_gain":5,"max_hp_loss":0,"event_name":"Big Fish","floor":2,"gold_loss":0},{"cards_removed":["Strike_G"],"damage_healed":0,"gold_gain":0,"player_choice":"Card Removal","damage_taken":0,"max_hp_gain":0,"max_hp_loss":0,"event_name":"Wheel of Change","floor":12,"gold_loss":0},{"damage_healed":0,"gold_gain":0,"player_choice":"Obtained Relic","damage_taken":0,"relics_obtained":["Boot"],"max_hp_gain":0,"max_hp_loss":0,"event_name":"Addict","floor":25,"gold_loss":85},{"damage_healed":0,"gold_gain":0,"player_choice":"Fight","damage_taken":0,"max_hp_gain":0,"max_hp_loss":0,"event_name":"MindBloom","floor":36,"gold_loss":0},{"cards_removed":["Neutralize"],"damage_healed":0,"gold_gain":0,"player_choice":"Removed Attack","damage_taken":0,"max_hp_gain":0,"max_hp_loss":0,"event_name":"Falling","floor":37,"gold_loss":0},{"damage_healed":0,"gold_gain":0,"player_choice":"Memory 1","damage_taken":0,"max_hp_gain":0,"max_hp_loss":0,"event_name":"SensoryStone","floor":48,"gold_loss":0}],"is_beta":false,"boss_relics":[{"not_picked":["Ectoplasm","Coffee Dripper"],"picked":"SlaversCollar"},{"not_picked":["SacredBark","hubris:HollowSoul"],"picked":"WristBlade"}],"items_purged_floors":[13,19,31],"is_endless":false,"potions_floor_spawned":[5,14,18,20,27,33,35,41,45,47],"ascension_level":3}}