{"host":"2l3i55whvwk76mom","time":1614232135,"event":{"mods":["BaseMod","Googly Eyes","Hubris","Minty Spire (QoL Compilation)","Replay The Spire","StSLib"],"gold_per_floor":[365,43,53,53,21,21,47,47,47,79,79,79,112,123,123,227,227,247,207,207,220,231,263,263,288,288,139,171,181,121,135,135,135,135],"floor_reached":33,"language":"ENG","playtime":1227,"items_purged":["Strike_R"],"score":482,"play_id":"77c858ca-0be6-41f8-8c1a-70fdba584f01","local_time":"20210224214855","is_ascension_mode":true,"campfire_choices":[{"data":"Bash","floor":6,"key":"SMITH"},{"data":"Spot Weakness","floor":8,"key":"SMITH"},{"data":"ReplayTheSpireMod:LeadingStrike","floor":15,"key":"SMITH"},{"data":"Life Link","floor":24,"key":"SMITH"},{"floor":32,"key":"REST"}],"circlet_count":0,"master_deck":["AscendersBane","Strike_R","Strike_R+1","Strike_R","Strike_R","Defend_R+1","Defend_R","Defend_R+1","Defend_R","Bash+1","Perfected Strike+1","Sword Boomerang+1","Pommel Strike","Spot Weakness+1","Pommel Strike","Disarm+1","Perfected Strike","ReplayTheSpireMod:LeadingStrike+1","Reaper","ReplayTheSpireMod:Stacked","Life Link+1","Life Link+1","Disarm","Whirlwind+1","Impervious","Inflame","Hemokinesis","Feed","Headbutt"],"relics":["Burning Blood","hubris:Metronome","hubris:Towel","War Paint","Replay:Multitool","Bottled Lightning","Bronze Scales","Snecko Eye","Counterbalance","Gremlin Food","hubris:ChampionShield"],"acts_visited":["Exordium","TheCity"],"potions_floor_usage":[23,23,28,28,28,33],"damage_taken":[{"damage":12,"enemies":"Jaw Worm","floor":1,"turns":4},{"damage":6,"enemies":"2 Louse","floor":3,"turns":2},{"damage":20,"enemies":"Lagavulin","floor":7,"turns":3},{"damage":16,"enemies":"Gremlin Nob","floor":10,"turns":3},{"damage":20,"enemies":"3 Sentries","floor":13,"turns":5},{"damage":3,"enemies":"Cultist","floor":14,"turns":3},{"damage":21,"enemies":"Hexaghost","floor":16,"turns":7},{"damage":6,"enemies":"3 Byrds","floor":18,"turns":3},{"damage":9,"enemies":"Shell Parasite","floor":21,"turns":3},{"damage":11,"enemies":"Centurion and Healer","floor":22,"turns":3},{"damage":26,"enemies":"Gremlin Leader","floor":23,"turns":5},{"damage":7,"enemies":"Replay:Snechameleon","floor":25,"turns":3},{"damage":17,"enemies":"Gremlin Leader","floor":28,"turns":4},{"damage":4,"enemies":"Snake Plant","floor":29,"turns":4},{"damage":20,"enemies":"Cultist and Chosen","floor":31,"turns":5},{"damage":90,"enemies":"Automaton","floor":33,"turns":6}],"seed_played":"-3379676302294635819","potions_obtained":[{"floor":10,"key":"GamblersBrew"},{"floor":13,"key":"DistilledChaos"},{"floor":14,"key":"Toxic Potion"},{"floor":21,"key":"Swift Potion"},{"floor":23,"key":"PowerPotion"},{"floor":25,"key":"ColorlessPotion"},{"floor":31,"key":"Energy Potion"}],"is_trial":false,"path_per_floor":["M","$","M","?","?","R","E","R","T","E","R","?","E","M","R","B",null,"M","$","?","M","M","E","R","E","T","$","E","M","?","M","R","B"],"character_chosen":"IRONCLAD","items_purchased":["hubris:Metronome","Sword Boomerang+1","Pommel Strike","Life Link","Inflame"],"campfire_rested":1,"item_purchase_floors":[2,2,2,19,27],"current_hp_per_floor":[66,66,66,66,66,66,52,52,52,42,63,63,49,52,52,37,63,72,72,72,69,66,52,52,51,51,51,40,44,44,33,55,0,0],"gold":135,"neow_bonus":"TWO_FIFTY_GOLD","is_daily":false,"chose_seed":false,"campfire_upgraded":4,"win_rate":0.0,"timestamp":1614232135,"path_taken":["M","$","M","?","?","R","E","R","T","E","R","?","E","?","R","BOSS","M","$","?","M","M","E","R","E","T","$","E","M","?","M","R","BOSS"],"items_purchased_type":["Relic","Card","Card","Card","Card"],"build_version":"2020-12-22","purchased_purges":1,"victory":false,"max_hp_per_floor":[72,72,72,72,72,72,72,72,72,72,72,72,72,72,72,72,72,72,72,72,72,72,72,72,72,72,72,72,72,72,75,75,75,75],"card_choices":[{"not_picked":["Body Slam","ReplayTheSpireMod:Corrosion Curse"],"picked":"Perfected Strike","floor":1},{"not_picked":["Dark Embrace","Cleave"],"picked":"Spot Weakness","floor":3},{"not_picked":["Sentinel","Bloodletting"],"picked":"Pommel Strike","floor":7},{"not_picked":["Pommel Strike","Rampage"],"picked":"Disarm","floor":10},{"not_picked":["Bloodletting","Havoc"],"picked":"Perfected Strike","floor":13},{"not_picked":["Shrug It Off","Hemokinesis"],"picked":"ReplayTheSpireMod:LeadingStrike","floor":14},{"not_picked":["Fiend Fire","hubris:StunningStrike"],"picked":"Reaper","floor":16},{"not_picked":["Searing Blow","ReplayReversal"],"picked":"ReplayTheSpireMod:Stacked","floor":18},{"not_picked":["Run Through","Iron Wave"],"picked":"Life Link+1","floor":21},{"not_picked":["Entrench+1","Perfected Strike"],"picked":"Disarm","floor":22},{"not_picked":["True Grit+1","Anger+1"],"picked":"Whirlwind+1","floor":23},{"not_picked":["Anger+1","hubris:CleavingFinish"],"picked":"Impervious","floor":25},{"not_picked":["Thunderclap","Headbutt"],"picked":"Hemokinesis","floor":28},{"not_picked":["Defy Death","Perfected Strike"],"picked":"Feed","floor":29},{"not_picked":["ReplayTheSpireMod:Corrosion Curse","Combust+1"],"picked":"Headbutt","floor":31}],"player_experience":392422,"relics_obtained":[{"floor":7,"key":"War Paint"},{"floor":9,"key":"Replay:Multitool"},{"floor":10,"key":"Bottled Lightning"},{"floor":13,"key":"Bronze Scales"},{"floor":23,"key":"Counterbalance"},{"floor":25,"key":"Gremlin Food"},{"floor":28,"key":"hubris:ChampionShield"}],"event_choices":[{"damage_healed":0,"gold_gain":0,"player_choice":"Left Gold","damage_taken":0,"max_hp_gain":0,"max_hp_loss":0,"event_name":"World of Goop","floor":5,"gold_loss":32},{"damage_healed":0,"gold_gain":0,"player_choice":"Forge","damage_taken":0,"max_hp_gain":0,"max_hp_loss":0,"event_name":"Accursed Blacksmith","floor":12,"gold_loss":0,"cards_upgraded":["Disarm"]},{"damage_healed":0,"gold_gain":0,"player_choice":"Ignored","damage_taken":0,"max_hp_gain":0,"max_hp_loss":0,"event_name":"Ghosts","floor":20,"gold_loss":0}],"is_beta":false,"boss_relics":[{"not_picked":["ChewingGum","ReplayTheSpireMod:DimensionalGlitch"],"picked":"Snecko Eye"}],"items_purged_floors":[27],"is_endless":false,"potions_floor_spawned":[10,13,14,21,23,25,31],"killed_by":"Automaton","ascension_level":10}}