{"host":"2l5k2wp87eek7qja","time":1614261477,"event":{"mods":["BaseMod","Colored Map","Minty Spire (QoL Compilation)","Relic Stats"],"gold_per_floor":[112,112,112,127,127,158,158,172,172,172,198,217,142,160,160,232,232,242,242,242,25,25,50,63,95,95,127,145,145,10,28,28,100,100,112,32,57,72,72,72,122,122,122,122,133,143,143,169,169,169,169],"floor_reached":50,"language":"ENG","playtime":2727,"items_purged":["Pain"],"score":1222,"play_id":"4f7b9579-0c5c-4a02-9e70-0514b6781de6","local_time":"20210225155757","is_ascension_mode":true,"campfire_choices":[{"data":"Masterful Stab","floor":7.0,"key":"SMITH"},{"floor":10.0,"key":"RECALL"},{"data":"Blade Dance","floor":15.0,"key":"SMITH"},{"data":"Blade Dance","floor":29,"key":"SMITH"},{"data":"Prepared","floor":32,"key":"SMITH"},{"data":"Prepared","floor":40,"key":"SMITH"},{"data":"Survivor","floor":42,"key":"SMITH"},{"data":"Bite","floor":44,"key":"SMITH"},{"data":"Bite","floor":49,"key":"SMITH"}],"circlet_count":0,"master_deck":["AscendersBane","Defend_G+1","Defend_G+1","Defend_G+1","Defend_G+1","Defend_G+1","Survivor+1","Neutralize+1","Masterful Stab+1","Backstab","Well Laid Plans+1","Footwork+1","Blade Dance+1","Prepared+1","Die Die Die","Cloak And Dagger+1","Bite+1","Bite","Bite","Bite","Bite+1","Panache+1","Prepared+1","Blade Dance+1","Footwork+1","Dodge and Roll+1","Footwork+1","Phantasmal Killer+1","Footwork+1","Blade Dance+1","Backflip+1","Blade Dance+1","Prepared+1","Blind+1","Terror+1"],"relics":["Ring of the Snake","NeowsBlessing","WarpedTongs","Frozen Egg 2","Pantograph","Centennial Puzzle","SlaversCollar","Darkstone Periapt","MealTicket","Toxic Egg 2","Coffee Dripper","Incense Burner","Lantern","PreservedInsect"],"acts_visited":["Exordium","TheCity","TheBeyond"],"potions_floor_usage":[25,27,33,46,50,50],"damage_taken":[{"damage":0.0,"enemies":"Small Slimes","floor":1.0,"turns":1.0},{"damage":0.0,"enemies":"Cultist","floor":4.0,"turns":1.0},{"damage":1.0,"enemies":"Gremlin Nob","floor":6.0,"turns":1.0},{"damage":6.0,"enemies":"2 Louse","floor":8.0,"turns":3.0},{"damage":14.0,"enemies":"Lagavulin","floor":11.0,"turns":9.0},{"damage":3.0,"enemies":"Exordium Wildlife","floor":12.0,"turns":4.0},{"damage":0.0,"enemies":"Blue Slaver","floor":14.0,"turns":1.0},{"damage":42,"enemies":"Slime Boss","floor":16,"turns":12},{"damage":13,"enemies":"Shell Parasite","floor":18,"turns":5},{"damage":11,"enemies":"Gremlin Leader","floor":23,"turns":4},{"damage":0,"enemies":"3 Byrds","floor":24,"turns":4},{"damage":1,"enemies":"Slavers","floor":25,"turns":5},{"damage":25,"enemies":"Book of Stabbing","floor":27,"turns":5},{"damage":40,"enemies":"Snecko","floor":28,"turns":5},{"damage":0,"enemies":"3 Cultists","floor":31,"turns":5},{"damage":18,"enemies":"Collector","floor":33,"turns":8},{"damage":8,"enemies":"3 Darklings","floor":35,"turns":4},{"damage":10,"enemies":"Mind Bloom Boss Battle","floor":37,"turns":7},{"damage":10,"enemies":"3 Shapes","floor":38,"turns":6},{"damage":41,"enemies":"Sphere and 2 Shapes","floor":45,"turns":8},{"damage":2,"enemies":"Transient","floor":46,"turns":6},{"damage":28,"enemies":"Reptomancer","floor":48,"turns":9},{"damage":62,"enemies":"Awakened One","floor":50,"turns":6}],"seed_played":"-3739977409426239978","potions_obtained":[{"floor":1.0,"key":"EssenceOfSteel"},{"floor":11.0,"key":"FearPotion"},{"floor":12.0,"key":"EssenceOfSteel"},{"floor":27,"key":"Dexterity Potion"},{"floor":31,"key":"Fruit Juice"},{"floor":33,"key":"Energy Potion"},{"floor":48,"key":"CunningPotion"}],"is_trial":false,"path_per_floor":["M","?","$","M","?","E","R","M","T","R","E","M","$","M","R","B",null,"M","?","?","$","$","E","M","E","T","E","M","R","$","M","R","B",null,"M","$","?","M","?","R","?","R","T","R","M","M","?","E","R","B"],"character_chosen":"THE_SILENT","items_purchased":["Panache+1","Dodge and Roll+1","Footwork+1","Blade Dance+1","Backflip+1"],"campfire_rested":0,"item_purchase_floors":[21,30,30,36,36],"current_hp_per_floor":[59,59,59,59,59,58,58,52,52,52,38,35,35,35,35,18,54,41,41,41,41,41,46,46,46,46,36,8,8,23,32,32,51,51,51,51,51,51,48,48,48,48,48,48,22,42,42,43,43,0,0],"gold":169,"neow_bonus":"THREE_ENEMY_KILL","is_daily":false,"chose_seed":false,"campfire_upgraded":8,"win_rate":0.0,"timestamp":1614261477,"path_taken":["M","?","$","M","?","E","R","M","T","R","E","M","$","?","R","BOSS","M","?","?","?","$","E","M","E","T","E","M","R","$","?","R","BOSS","M","$","?","M","?","R","?","R","T","R","M","?","?","E","R","BOSS"],"items_purchased_type":["Card","Card","Card","Card","Card"],"build_version":"2020-12-22","purchased_purges":1,"victory":false,"max_hp_per_floor":[66,66,66,66,66,66,66,66,66,66,66,66,66,66,66,66,66,66,46,46,46,46,46,46,46,46,46,46,46,46,46,46,51,51,51,51,51,51,48,48,48,48,48,48,48,48,48,48,48,48,48],"relic_stats":{"Darkstone Periapt":0,"Centennial Puzzle":[45],"counters":[23,119],"Pantograph":44,"MealTicket":15,"PreservedInsect":0,"obtain_stats":[{"Darkstone Periapt":23,"Lantern":43,"NeowsBlessing":0,"PreservedInsect":48,"Incense Burner":37,"Frozen Egg 2":6,"WarpedTongs":5,"SlaversCollar":17,"Centennial Puzzle":11,"Pantograph":9,"MealTicket":25,"Coffee Dripper":34,"Toxic Egg 2":27,"Ring of the Snake":0},{"Darkstone Periapt":10,"Lantern":19,"NeowsBlessing":0,"PreservedInsect":22,"Incense Burner":18,"Frozen Egg 2":3,"WarpedTongs":2,"SlaversCollar":8,"Centennial Puzzle":5,"Pantograph":4,"MealTicket":12,"Coffee Dripper":16,"Toxic Egg 2":13,"Ring of the Snake":0},{"Darkstone Periapt":41,"Lantern":90,"NeowsBlessing":0,"PreservedInsect":113,"Incense Burner":84,"Frozen Egg 2":3,"WarpedTongs":2,"SlaversCollar":32,"Centennial Puzzle":15,"Pantograph":6,"MealTicket":50,"Coffee Dripper":73,"Toxic Egg 2":55,"Ring of the Snake":0}],"Ring of the Snake":[46],"WarpedTongs":[99]},"card_choices":[{"not_picked":["Deflect","Outmaneuver"],"picked":"Masterful Stab","floor":1.0},{"not_picked":["Slice","Quick Slash"],"picked":"Backstab","floor":4.0},{"not_picked":["Bullet Time","Deadly Poison"],"picked":"Well Laid Plans+1","floor":6.0},{"not_picked":["Backstab","Endless Agony"],"picked":"Footwork+1","floor":8.0},{"not_picked":["Escape Plan","Heel Hook","Night Terror"],"picked":"SKIP","floor":11.0},{"not_picked":["Bane","Dodge and Roll"],"picked":"Blade Dance","floor":12.0},{"not_picked":["Distraction","Expertise"],"picked":"Prepared","floor":14.0},{"not_picked":["Glass Knife","Doppelganger"],"picked":"Die Die Die","floor":16},{"not_picked":["Quick Slash","Setup"],"picked":"Cloak And Dagger+1","floor":18},{"not_picked":["Masterful Stab","Flying Knee","Glass Knife"],"picked":"SKIP","floor":23},{"not_picked":["PiercingWail","Outmaneuver"],"picked":"Prepared","floor":24},{"not_picked":["Choke","Sucker Punch"],"picked":"Blade Dance","floor":25},{"not_picked":["Tools of the Trade+1","Tactician+1"],"picked":"Footwork+1","floor":27},{"not_picked":["Underhanded Strike","Slice","Catalyst+1"],"picked":"SKIP","floor":28},{"not_picked":["Dagger Spray","Outmaneuver+1","Dagger Throw"],"picked":"SKIP","floor":31},{"not_picked":["Tools of the Trade+1","Doppelganger+1"],"picked":"Phantasmal Killer+1","floor":33},{"not_picked":["Flying Knee","Blur+1"],"picked":"Footwork+1","floor":35},{"not_picked":["Dagger Throw","Sucker Punch"],"picked":"Blade Dance+1","floor":38},{"not_picked":["Slice","Eviscerate"],"picked":"Prepared+1","floor":45},{"not_picked":["Flechettes","Slice","Dagger Spray"],"picked":"SKIP","floor":46},{"not_picked":["Jack Of All Trades+1","The Bomb+1"],"picked":"Blind+1","floor":47},{"not_picked":["Prepared+1","Concentrate+1"],"picked":"Terror+1","floor":48}],"player_experience":889412,"relics_obtained":[{"floor":6.0,"key":"Frozen Egg 2"},{"floor":9.0,"key":"Pantograph"},{"floor":11.0,"key":"Centennial Puzzle"},{"floor":23,"key":"Darkstone Periapt"},{"floor":25,"key":"MealTicket"},{"floor":27,"key":"Toxic Egg 2"},{"floor":37,"key":"Incense Burner"},{"floor":43,"key":"Lantern"},{"floor":48,"key":"PreservedInsect"}],"event_choices":[{"damage_healed":0.0,"max_hp_gain":0.0,"max_hp_loss":0.0,"gold_gain":0.0,"event_name":"Living Wall","player_choice":"Grow","floor":2.0,"gold_loss":0.0,"damage_taken":0.0,"cards_upgraded":["Neutralize"]},{"damage_healed":0.0,"max_hp_gain":0.0,"max_hp_loss":0.0,"gold_gain":0.0,"event_name":"Accursed Blacksmith","player_choice":"Rummage","floor":5.0,"gold_loss":0.0,"damage_taken":0.0,"relics_obtained":["WarpedTongs"],"cards_obtained":["Pain"]},{"damage_healed":0,"gold_gain":0,"player_choice":"Became a vampire","damage_taken":0,"max_hp_gain":0,"max_hp_loss":20,"event_name":"Vampires","floor":19,"gold_loss":0,"cards_obtained":["Bite","Bite","Bite","Bite","Bite"]},{"damage_healed":0,"gold_gain":0,"player_choice":"Simplicity","damage_taken":0,"max_hp_gain":0,"max_hp_loss":0,"event_name":"Back to Basics","floor":20,"gold_loss":0,"cards_upgraded":["Defend_G","Defend_G","Defend_G","Defend_G","Defend_G"]},{"damage_healed":0,"gold_gain":0,"player_choice":"Fight","damage_taken":0,"max_hp_gain":0,"max_hp_loss":0,"event_name":"MindBloom","floor":37,"gold_loss":0},{"damage_healed":0,"gold_gain":0,"player_choice":"Max HP","damage_taken":0,"max_hp_gain":0,"max_hp_loss":3,"event_name":"Winding Halls","floor":39,"gold_loss":0},{"damage_healed":0,"gold_gain":50,"player_choice":"Pray","damage_taken":0,"max_hp_gain":0,"max_hp_loss":0,"event_name":"Golden Shrine","floor":41,"gold_loss":0},{"damage_healed":0,"gold_gain":0,"player_choice":"Memory 1","damage_taken":0,"max_hp_gain":0,"max_hp_loss":0,"event_name":"SensoryStone","floor":47,"gold_loss":0}],"is_beta":false,"boss_relics":[{"not_picked":["Runic Dome","Fusion Hammer"],"picked":"SlaversCollar"},{"not_picked":["Velvet Choker","Black Star"],"picked":"Coffee Dripper"}],"items_purged_floors":[13],"is_endless":false,"potions_floor_spawned":[1,11,12,16,23,24,27,31,33,45,48],"killed_by":"Awakened One","ascension_level":20}}