{"host":"zdahj580pq9zy75i","time":1614248700,"event":{"mods":["AchievementEnabler","BaseMod","Bestiary","Colored Map","Minty Spire (QoL Compilation)","Relic Stats","StSLib","ojb\u0027s Info Mod: The sequel"],"gold_per_floor":[116,191,204,129,129,156,172,206,206,206,206,206],"floor_reached":11,"language":"ENG","playtime":314,"items_purged":[],"score":212,"play_id":"41ffe9f2-af3b-427e-b6ef-9eea0d1ff370","local_time":"20210225052500","is_ascension_mode":true,"campfire_choices":[{"data":"Bash","floor":10.0,"key":"SMITH"}],"circlet_count":0,"master_deck":["AscendersBane","Strike_R","Strike_R","Strike_R","Strike_R","Defend_R","Defend_R","Defend_R","Defend_R","Bash+1","Ghostly Armor","Pummel","Battle Trance","Thunderclap","Metallicize"],"relics":["Burning Blood","NeowsBlessing","Mercury Hourglass","Singing Bowl","Toxic Egg 2"],"acts_visited":["Exordium"],"potions_floor_usage":[11],"damage_taken":[{"damage":0.0,"enemies":"Jaw Worm","floor":1.0,"turns":1.0},{"damage":0.0,"enemies":"2 Louse","floor":3.0,"turns":1.0},{"damage":0.0,"enemies":"Lagavulin","floor":6.0,"turns":1.0},{"damage":1.0,"enemies":"Cultist","floor":7.0,"turns":3.0},{"damage":35.0,"enemies":"3 Sentries","floor":8.0,"turns":12.0},{"damage":47,"enemies":"Lagavulin","floor":11,"turns":7}],"seed_played":"-8205467489711691428","potions_obtained":[{"floor":1.0,"key":"DuplicationPotion"},{"floor":3.0,"key":"LiquidBronze"},{"floor":5.0,"key":"EssenceOfSteel"},{"floor":8.0,"key":"Energy Potion"}],"is_trial":false,"path_per_floor":["M","?","M","?","?","E","M","E","T","R","E"],"character_chosen":"IRONCLAD","items_purchased":[],"campfire_rested":0,"item_purchase_floors":[],"current_hp_per_floor":[74,63,69,69,69,75,75,46,46,46,0,0],"gold":206,"neow_bonus":"THREE_ENEMY_KILL","is_daily":false,"chose_seed":false,"campfire_upgraded":1,"win_rate":0.0,"timestamp":1614248700,"path_taken":["M","?","M","?","?","E","M","E","T","R","E"],"items_purchased_type":[],"build_version":"2020-12-22","purchased_purges":0,"victory":false,"max_hp_per_floor":[75,75,75,75,75,75,75,75,75,75,75,75],"relic_stats":{"Singing Bowl":0,"counters":[6,25],"obtain_stats":[{"NeowsBlessing":0,"Singing Bowl":8,"Toxic Egg 2":9,"Burning Blood":0,"Mercury Hourglass":6},{"NeowsBlessing":0,"Singing Bowl":5,"Toxic Egg 2":5,"Burning Blood":0,"Mercury Hourglass":3},{"NeowsBlessing":0,"Singing Bowl":18,"Toxic Egg 2":18,"Burning Blood":0,"Mercury Hourglass":3}],"Burning Blood":25,"Mercury Hourglass":[96]},"card_choices":[{"not_picked":["Cleave","Warcry"],"picked":"Ghostly Armor","floor":1.0},{"not_picked":["Sever Soul","Bloodletting"],"picked":"Pummel","floor":3.0},{"not_picked":["True Grit","Flex"],"picked":"Battle Trance","floor":6.0},{"not_picked":["Anger","Armaments"],"picked":"Thunderclap","floor":7.0},{"not_picked":["Anger","Headbutt"],"picked":"Metallicize","floor":8.0}],"player_experience":811633,"relics_obtained":[{"floor":6.0,"key":"Mercury Hourglass"},{"floor":8.0,"key":"Singing Bowl"},{"floor":9.0,"key":"Toxic Egg 2"}],"event_choices":[{"damage_healed":0.0,"max_hp_gain":0.0,"max_hp_loss":0.0,"gold_gain":75.0,"event_name":"World of Goop","player_choice":"Gather Gold","floor":2.0,"gold_loss":0.0,"damage_taken":11.0},{"cards_removed":["Strike_R"],"damage_healed":0.0,"max_hp_gain":0.0,"max_hp_loss":0.0,"gold_gain":0.0,"event_name":"The Cleric","player_choice":"Card Removal","floor":4.0,"gold_loss":75.0,"damage_taken":0.0},{"damage_healed":0.0,"max_hp_gain":0.0,"max_hp_loss":0.0,"gold_gain":0.0,"event_name":"Lab","player_choice":"Got Potions","floor":5.0,"gold_loss":0.0,"damage_taken":0.0}],"is_beta":false,"boss_relics":[],"items_purged_floors":[],"is_endless":false,"potions_floor_spawned":[1,3,8],"killed_by":"Lagavulin","ascension_level":20}}