{"host":"dzvdy2cvkhifjmvi","time":1614254677,"event":{"mods":["BaseMod","Downfall","Infinite Spire","Marisa????????","Minty Spire (QoL Compilation)","Replay The Spire","StSLib","The Cursed","The Disciple","The Servant 0.9.4"],"gold_per_floor":[115,56,70,70,81,81,156,156,183,183,108,143,143,157,157,260,260,277,293,293,293,311,311,311,60,60,60,92,103,119,119,119,222,222,232,248,248,248,264,264,292,392,416,433,450,467,479,512,512,615,615,614,611,786,781,731,731,713,713,736,751,746,746],"floor_reached":62,"language":"ENG","playtime":3528,"items_purged":["Strike_G","Strike_G"],"score":1000,"play_id":"e4ae838c-11f3-4f36-b3d5-4b92fb9694bb","local_time":"20210225050437","is_ascension_mode":false,"campfire_choices":[{"data":"Envenom","floor":6.0,"key":"SMITH"},{"data":"Replay:Fractal Strike","floor":8.0,"key":"SMITH"},{"data":"Backflip","floor":13.0,"key":"SMITH"},{"data":"Hidden Blade","floor":15.0,"key":"SMITH"},{"data":"Neutralize","floor":24.0,"key":"SMITH"},{"data":"Cloak And Dagger","floor":27.0,"key":"SMITH"},{"data":"infinitespire:Collect","floor":32.0,"key":"SMITH"},{"data":"infinitespire:Collect","floor":40.0,"key":"SMITH"},{"floor":49,"key":"RECALL"},{"data":"TheCursedMod:OutForBlood","floor":57,"key":"SMITH"},{"data":"infinitespire:Punishment","floor":59,"key":"SMITH"}],"circlet_count":0,"master_deck":["Strike_G+1","Strike_G+1","Defend_G+1","Defend_G+1","Defend_G+1","Defend_G+1","Survivor+1","Neutralize+1","Envenom+1","Replay:Fractal Strike+1","Cloak And Dagger+1","Backflip+1","Hidden Blade+1","After Image+1","Escape Plan+1","infinitespire:Collect+1","Blur+1","Hidden Blade+1","After Image+1","Blade Dance+1","infinitespire:Collect+1","infinitespire:Execution","TheCursedMod:OutForBlood+1","infinitespire:Collect","infinitespire:Punishment+1","Spot Weakness"],"relics":["Ring of the Snake","Toy Ornithopter","Sundial","Kunai","WristBlade","Gambling Chip","infinitespire:Cupcake","Lantern","Gremlin Horn","infinitespire:Satchel","SlaversCollar","Mark of the Bloom","PrismaticShard","Smiling Mask","Girya","ReplayTheSpireMod:Lightbulb","Replay:Bottled Steam","Black Star","Art of War","Pet Ghost","Replay:Bandana"],"acts_visited":["Exordium","TheCity","TheBeyond","Exordium"],"potions_floor_usage":[],"damage_taken":[{"damage":0.0,"enemies":"Small Slimes","floor":1.0,"turns":4.0},{"damage":1.0,"enemies":"Cultist","floor":3.0,"turns":5.0},{"damage":4.0,"enemies":"Jaw Worm","floor":5.0,"turns":5.0},{"damage":6.0,"enemies":"3 Sentries","floor":12.0,"turns":11.0},{"damage":0.0,"enemies":"Blue Slaver","floor":14.0,"turns":3.0},{"damage":17.0,"enemies":"Slime Boss","floor":16.0,"turns":9.0},{"damage":0.0,"enemies":"Spheric Guardian","floor":18.0,"turns":4.0},{"damage":0.0,"enemies":"Chosen","floor":19.0,"turns":4.0},{"damage":1.0,"enemies":"Shelled Parasite and Fungi","floor":22.0,"turns":4.0},{"damage":0.0,"enemies":"Nightmare","floor":28.0,"turns":5.0},{"damage":0.0,"enemies":"Snake Plant","floor":29.0,"turns":3.0},{"damage":0.0,"enemies":"Centurion and Healer","floor":30.0,"turns":3.0},{"damage":0.0,"enemies":"Champ","floor":33.0,"turns":5.0},{"damage":0.0,"enemies":"3 Shapes","floor":35.0,"turns":3.0},{"damage":0.0,"enemies":"3 Darklings","floor":36.0,"turns":3.0},{"damage":0.0,"enemies":"Transient","floor":39.0,"turns":5.0},{"damage":0.0,"enemies":"Giant Head","floor":41.0,"turns":3.0},{"damage":12.0,"enemies":"infinitespire:Three Voidlings","floor":42.0,"turns":3.0},{"damage":32.0,"enemies":"Nightmare_Alpha","floor":42.0,"turns":6.0},{"damage":0,"enemies":"Maw","floor":44,"turns":4},{"damage":0,"enemies":"Jaw Worm Horde","floor":45,"turns":3},{"damage":0,"enemies":"3 Darklings","floor":46,"turns":3},{"damage":0,"enemies":"4 Shapes","floor":47,"turns":6},{"damage":0,"enemies":"Nemesis","floor":48,"turns":5},{"damage":0,"enemies":"infinitespire:MassOfShapes","floor":50,"turns":4},{"damage":0,"enemies":"Small Slimes","floor":52,"turns":2},{"damage":0,"enemies":"Cultist","floor":53,"turns":2},{"damage":3,"enemies":"Jaw Worm","floor":55,"turns":2},{"damage":0,"enemies":"Nightmare","floor":58,"turns":5},{"damage":0,"enemies":"Blue Slaver","floor":61,"turns":1},{"damage":16,"enemies":"Exordium Wildlife","floor":62,"turns":1}],"seed_played":"-7276070935205196241","potions_obtained":[{"floor":12.0,"key":"FearPotion"},{"floor":16.0,"key":"sneckomod:MuddlingPotion"},{"floor":19.0,"key":"Strength Potion"},{"floor":28.0,"key":"Doom Potion"},{"floor":55,"key":"Guardian:BlockOnCardUsePotion"}],"is_trial":false,"path_per_floor":["M","?","M","?","M","R","?","R","T","?","$","E","R","M","R","B",null,"M","M","?","?","M","AVR","R","$","T","R","NM","M","M","$","R","B",null,"M","M","?","AVR","M","R","E","?","T","M","M","M","M","E","R","B",null,"M","M","?","M","?","R","NM","R","T","M","M"],"character_chosen":"THE_SILENT","items_purchased":["Lantern"],"campfire_rested":0,"item_purchase_floors":[25],"current_hp_per_floor":[63,63,62,48,44,44,33,33,33,26,26,20,20,20,20,8,63,63,63,63,63,62,62,62,62,62,62,62,62,62,62,62,62,63,63,63,63,63,63,63,63,19,19,19,19,19,19,19,19,19,19,19,19,19,16,16,16,16,16,16,16,0,0],"gold":746,"neow_bonus":"REMOVE_TWO","is_daily":false,"chose_seed":false,"campfire_upgraded":10,"win_rate":0.0,"timestamp":1614254677,"path_taken":["M","?","?","?","M","R","?","R","T","?","$","E","R","M","R","BOSS","M","M","?","?","M","AVR","R","?","T","R","NM","M","M","$","R","BOSS","M","M","?","AVR","M","R","E","?","T","M","M","M","M","E","R","BOSS","M","M","?","M","?","R","NM","R","T","M","M"],"items_purchased_type":["Relic"],"build_version":"2020-12-22","purchased_purges":2,"victory":false,"max_hp_per_floor":[63,63,63,63,63,63,63,63,63,63,63,63,63,63,63,63,63,63,63,63,63,63,63,63,63,63,63,63,63,63,63,63,63,63,63,63,63,63,63,63,63,63,63,63,63,63,63,63,63,63,63,63,63,63,63,63,63,63,63,63,63,63,63],"card_choices":[{"not_picked":["Sucker Punch","Hidden Blade","Quick Slash"],"picked":"SKIP","floor":1.0},{"not_picked":["Sucker Punch","Blade Dance"],"picked":"Envenom","floor":3.0},{"not_picked":["infinitespire:Starlight","ReplayTheSpireMod:Black Plague"],"picked":"Replay:Fractal Strike","floor":4.0},{"not_picked":["Flying Knee","Deflect"],"picked":"Cloak And Dagger","floor":5.0},{"not_picked":["Cloak And Dagger","Sucker Punch"],"picked":"Backflip","floor":12.0},{"not_picked":["Tactician","Quick Slash"],"picked":"Hidden Blade","floor":14.0},{"not_picked":["Venomology","infinitespire:Neurotoxin"],"picked":"After Image","floor":16.0},{"not_picked":["Dagger Spray","Well Laid Plans"],"picked":"Escape Plan+1","floor":18.0},{"not_picked":["Acrobatics","Finisher+1","Backflip"],"picked":"SKIP","floor":19.0},{"not_picked":["Dagger Throw","Outmaneuver","Quick Slash"],"picked":"SKIP","floor":22.0},{"not_picked":["infinitespire:SevenWalls","ReplayTheSpireMod:??????????????????????"],"picked":"infinitespire:Collect","floor":28.0},{"not_picked":["Infinite Blades","Flechettes"],"picked":"Blur+1","floor":28.0},{"not_picked":["Slice","Crippling Poison"],"picked":"Hidden Blade+1","floor":29.0},{"not_picked":["Prepared","Cloak And Dagger","Acrobatics"],"picked":"SKIP","floor":30.0},{"not_picked":["Unload","Phantasmal Killer"],"picked":"After Image","floor":33.0},{"not_picked":["Deadly Poison+1","Blade Dance","Bane+1"],"picked":"SKIP","floor":35.0},{"not_picked":["Poisoned Stab+1","Quick Slash+1"],"picked":"Blade Dance+1","floor":36.0},{"not_picked":["Rearm+1","Guardian:Planning","Swivel"],"picked":"SKIP","floor":39.0},{"not_picked":["sneckomod:SoulDraw+1","BlueShift+1"],"picked":"TheCursedMod:OutForBlood","floor":41.0},{"not_picked":["infinitespire:Gouge","infinitespire:TheBestDefense"],"picked":"infinitespire:Collect","floor":42},{"not_picked":["UnstableBomb+1","sneckomod:UnknownClassHEXA_GHOST_PURPLE","champ:CalledShot+1"],"picked":"SKIP","floor":44},{"not_picked":["Protect","Pray","Chaos"],"picked":"SKIP","floor":45},{"not_picked":["Gash","Slimebound:SplitMire","TheCursedMod:HellsGateOpen+1"],"picked":"SKIP","floor":46},{"not_picked":["bronze:FineTuning+1","SprinkleStarSeal+1","Guardian:RollAttack"],"picked":"SKIP","floor":47},{"not_picked":["Dagger Spray+1","Cloak And Dagger+1","Power Through"],"picked":"SKIP","floor":48},{"not_picked":["Guardian:GuardianWhirl","Facsimile","hexamod:EtherealExpedition"],"picked":"SKIP","floor":52},{"not_picked":["MilkyWay","Prepared","Survey Options"],"picked":"SKIP","floor":53},{"not_picked":["Guardian:Gem_Fragmented","TheCursedMod:Hemoplague","sneckomod:UnknownClassGUARDIAN"],"picked":"SKIP","floor":55},{"not_picked":["ReplayTheSpireMod:Book of Names","infinitespire:Starlight"],"picked":"infinitespire:Punishment","floor":58},{"not_picked":["ReplayTheSpireMod:Private Reserves","Anger","Spot Weakness"],"picked":"SKIP","floor":58},{"not_picked":["ReplayTheSpireMod:Private Reserves","Anger"],"picked":"Spot Weakness","floor":58},{"not_picked":["Replay:Vibes","Bane","LockedCalendar"],"picked":"SKIP","floor":61}],"player_experience":1436696,"relics_obtained":[{"floor":12.0,"key":"Kunai"},{"floor":26.0,"key":"Gremlin Horn"},{"floor":28.0,"key":"infinitespire:Satchel"},{"floor":41.0,"key":"Smiling Mask"},{"floor":42,"key":"Girya"},{"floor":43,"key":"ReplayTheSpireMod:Lightbulb"},{"floor":48,"key":"Replay:Bottled Steam"},{"floor":58,"key":"Art of War"},{"floor":58,"key":"Pet Ghost"},{"floor":60,"key":"Replay:Bandana"}],"event_choices":[{"damage_healed":0.0,"max_hp_gain":0.0,"max_hp_loss":0.0,"gold_gain":0.0,"event_name":"WeMeetAgain","player_choice":"Paid Gold","floor":2.0,"gold_loss":59.0,"damage_taken":0.0,"relics_obtained":["Toy Ornithopter"]},{"damage_healed":0.0,"max_hp_gain":0.0,"max_hp_loss":0.0,"gold_gain":75.0,"event_name":"World of Goop","player_choice":"Gather Gold","floor":7.0,"gold_loss":0.0,"damage_taken":11.0},{"damage_healed":0.0,"max_hp_gain":0.0,"max_hp_loss":0.0,"gold_gain":0.0,"event_name":"Scrap Ooze","player_choice":"Success","floor":10.0,"gold_loss":0.0,"damage_taken":7.0,"relics_obtained":["Sundial"]},{"damage_healed":0.0,"max_hp_gain":0.0,"max_hp_loss":0.0,"gold_gain":0.0,"event_name":"Vampires","player_choice":"Ignored","floor":20.0,"gold_loss":0.0,"damage_taken":0.0},{"damage_healed":0.0,"max_hp_gain":0.0,"max_hp_loss":0.0,"gold_gain":0.0,"event_name":"MindBloom","player_choice":"Upgrade","floor":37.0,"gold_loss":0.0,"damage_taken":0.0,"cards_upgraded":["Strike_G","Strike_G","Defend_G","Defend_G","Defend_G","Defend_G","Survivor","After Image","After Image"],"relics_obtained":["Mark of the Bloom"]},{"damage_healed":0,"gold_gain":175,"player_choice":"AGREE","damage_taken":0,"max_hp_gain":0,"max_hp_loss":0,"event_name":"Liars Game","floor":54,"gold_loss":0,"cards_obtained":["Doubt"]},{"cards_removed":["Doubt"],"damage_healed":0,"gold_gain":0,"player_choice":"Card Removal","damage_taken":0,"max_hp_gain":0,"max_hp_loss":0,"event_name":"The Cleric","floor":56,"gold_loss":50}],"is_beta":false,"boss_relics":[{"not_picked":["Replay:Ancient Bell","Replay:Wanted Poster"],"picked":"WristBlade"},{"not_picked":["Ring of the Serpent","Astrolabe"],"picked":"SlaversCollar"},{"not_picked":["Velvet Choker","SacredBark"],"picked":"Black Star"}],"items_purged_floors":[11,25],"is_endless":true,"potions_floor_spawned":[12,16,19,28,29,35,36,42,47,48,55,58],"killed_by":"Exordium Wildlife","ascension_level":0}}