{"host":"m2qkn877fkm57m2k","time":1614296068,"event":{"mods":["AchievementEnabler","Bartender","BaseMod","Colored Map","Koishi","Magitek Elite","Minty Spire (QoL Compilation)","Permanent Neow","Relic Sorter","StSLib"],"gold_per_floor":[109,132,132,147,166,166,182,216,216,243,92,92,92,103,103,205,205,215,130,130,30,30,63,63,23,23,40,40,53,53,70,70,172,172,189,189,189,207,56,85,85,115,138,138,148,183,58,68,68,68],"floor_reached":51,"language":"ENG","playtime":3364,"items_purged":["Regret","Pain","Strike_B"],"score":886,"play_id":"e92061cc-14f8-461e-a0ba-611cb3d3128a","local_time":"20210226003428","is_ascension_mode":false,"campfire_choices":[{"data":"Chill","floor":6.0,"key":"SMITH"},{"data":"Defragment","floor":13.0,"key":"SMITH"},{"data":"Echo Form","floor":15.0,"key":"SMITH"},{"data":"Electrodynamics","floor":24.0,"key":"SMITH"},{"data":"Echo Form","floor":28.0,"key":"SMITH"},{"data":"Hologram","floor":32.0,"key":"SMITH"},{"data":"Capacitor","floor":41.0,"key":"SMITH"},{"data":"Capacitor","floor":44.0,"key":"SMITH"},{"data":"Storm","floor":49,"key":"SMITH"}],"circlet_count":0,"master_deck":["Strike_B","Strike_B+1","Defend_B","Defend_B","Defend_B","Defend_B","Zap","Dualcast","Echo Form+1","Self Repair","Coolheaded","Chill+1","Cold Snap","White Noise","BootSequence","Defragment+1","Electrodynamics+1","Capacitor+1","Capacitor+1","Echo Form+1","Hologram+1","Genetic Algorithm","Thunder Strike+1","Skim","Storm+1","Storm+1","Parasite"],"relics":["Cracked Core","Dream Catcher","WarpedTongs","Matryoshka","Whetstone","Happy Flower","Sundial","Boot","Philosopher\u0027s Stone","Eternal Feather","Anchor","Ancient Tea Set","Molten Egg 2","Gem_Box","PreservedInsect","Letter Opener","TungstenRod","Angel_Ring","Torii"],"acts_visited":["Exordium","TheCity","TheBeyond"],"potions_floor_usage":[46,48],"damage_taken":[{"damage":2.0,"enemies":"Cultist","floor":1.0,"turns":3.0},{"damage":8.0,"enemies":"Small Slimes","floor":4.0,"turns":3.0},{"damage":0.0,"enemies":"2 Louse","floor":5.0,"turns":1.0},{"damage":13.0,"enemies":"Gremlin Gang","floor":7.0,"turns":5.0},{"damage":23.0,"enemies":"Gremlin Nob","floor":8.0,"turns":5.0},{"damage":25.0,"enemies":"3 Sentries","floor":10.0,"turns":8.0},{"damage":3.0,"enemies":"Large Slime","floor":14.0,"turns":8.0},{"damage":25.0,"enemies":"Hexaghost","floor":16.0,"turns":10.0},{"damage":20.0,"enemies":"Chosen","floor":18.0,"turns":5.0},{"damage":24.0,"enemies":"Gremlin Leader","floor":23.0,"turns":8.0},{"damage":0.0,"enemies":"3 Byrds","floor":27.0,"turns":2.0},{"damage":2.0,"enemies":"Centurion and Healer","floor":29.0,"turns":4.0},{"damage":17.0,"enemies":"Snake Plant","floor":31.0,"turns":5.0},{"damage":0.0,"enemies":"Champ","floor":33.0,"turns":11.0},{"damage":0.0,"enemies":"3 Shapes","floor":35.0,"turns":5.0},{"damage":0.0,"enemies":"Orb Walker","floor":38.0,"turns":3.0},{"damage":5.0,"enemies":"Reptomancer","floor":40.0,"turns":6.0},{"damage":0.0,"enemies":"Giant Head","floor":42.0,"turns":6.0},{"damage":2.0,"enemies":"Jaw Worm Horde","floor":45.0,"turns":4.0},{"damage":12,"enemies":"Reptomancer","floor":46,"turns":3},{"damage":0,"enemies":"Writhing Mass","floor":48,"turns":4},{"damage":0,"enemies":"Donu and Deca","floor":50,"turns":6}],"seed_played":"-5414592320878996077","potions_obtained":[{"floor":1.0,"key":"Energy Potion"},{"floor":10.0,"key":"SkillPotion"},{"floor":14.0,"key":"FocusPotion"},{"floor":23.0,"key":"GamblersBrew"},{"floor":29.0,"key":"Swift Potion"},{"floor":31.0,"key":"Fire Potion"},{"floor":38.0,"key":"AttackPotion"},{"floor":40.0,"key":"Ancient Potion"}],"is_trial":false,"path_per_floor":["M","T","?","M","M","R","M","E","T","E","$","?","R","M","R","B",null,"M","?","?","$","?","E","R","$","T","M","R","M","$","M","R","B",null,"M","?","?","M","$","E","R","E","T","R","M","E","$","M","R","B",null],"character_chosen":"DEFECT","items_purchased":["Defragment","Capacitor","PreservedInsect"],"campfire_rested":0,"item_purchase_floors":[11,25,39],"current_hp_per_floor":[73,73,73,72,72,72,66,63,63,52,52,52,52,56,56,38,75,62,62,62,62,62,38,50,50,50,50,62,67,67,57,69,75,75,75,75,75,75,75,75,75,75,75,75,75,63,63,70,75,75],"gold":68,"neow_bonus":"THREE_RARE_CARDS","is_daily":false,"chose_seed":false,"campfire_upgraded":9,"win_rate":0.0,"timestamp":1614296068,"path_taken":["M","?","?","?","M","R","M","E","T","E","?","?","R","?","R","BOSS","M","?","?","$","?","E","R","?","T","?","R","M","?","M","R","BOSS","M","?","?","?","$","E","R","E","T","R","M","E","$","M","R","BOSS"],"items_purchased_type":["Card","Card","Relic"],"build_version":"2020-12-22","purchased_purges":3,"victory":true,"max_hp_per_floor":[75,75,75,75,75,75,75,75,75,75,75,75,75,75,75,75,75,75,75,75,75,75,75,75,75,75,75,75,75,75,75,75,75,75,75,75,75,75,75,75,75,75,75,75,75,75,75,75,75,75],"card_choices":[{"not_picked":["Machine Learning","Rainbow"],"picked":"Echo Form","floor":0.0},{"not_picked":["Beam Cell","Hologram"],"picked":"Self Repair","floor":1.0},{"not_picked":["Skim","Conserve Battery"],"picked":"Coolheaded","floor":4.0},{"not_picked":["Leap","Skim"],"picked":"Chill","floor":5.0},{"not_picked":["Redo","Tempest"],"picked":"Cold Snap","floor":7.0},{"not_picked":["Go for the Eyes","Ball Lightning"],"picked":"White Noise","floor":8.0},{"not_picked":["Doom and Gloom","Compile Driver"],"picked":"BootSequence","floor":10.0},{"not_picked":["Beam Cell","Steam","Self Repair"],"picked":"SKIP","floor":14.0},{"not_picked":["Biased Cognition","Reboot"],"picked":"Electrodynamics","floor":16.0},{"not_picked":["Compile Driver+1","Gash","Melter"],"picked":"SKIP","floor":18.0},{"not_picked":["Compile Driver","Redo","Consume"],"picked":"SKIP","floor":23.0},{"not_picked":["Leap","Cold Snap+1"],"picked":"Echo Form","floor":27.0},{"not_picked":["Beam Cell+1","Fusion"],"picked":"Hologram","floor":29.0},{"not_picked":["Double Energy","Gash+1"],"picked":"Genetic Algorithm","floor":31.0},{"not_picked":["Machine Learning","Electrodynamics"],"picked":"Thunder Strike+1","floor":33.0},{"not_picked":["Coolheaded","Go for the Eyes+1","Leap"],"picked":"SKIP","floor":35.0},{"not_picked":["Compile Driver+1","Conserve Battery"],"picked":"Skim","floor":38.0},{"not_picked":["Undo","Hologram"],"picked":"Storm+1","floor":40.0},{"not_picked":["Streamline+1","Hologram","Fusion+1"],"picked":"SKIP","floor":42.0},{"not_picked":["Seek","Streamline+1"],"picked":"Storm","floor":45.0},{"not_picked":["Compile Driver+1","Multi-Cast","Skim+1"],"picked":"SKIP","floor":46},{"not_picked":["Rebound+1","Reinforced Body+1","Auto Shields"],"picked":"SKIP","floor":48}],"player_experience":66089,"relics_obtained":[{"floor":2.0,"key":"Dream Catcher"},{"floor":8.0,"key":"Matryoshka"},{"floor":9.0,"key":"Whetstone"},{"floor":9.0,"key":"Happy Flower"},{"floor":10.0,"key":"Sundial"},{"floor":23.0,"key":"Anchor"},{"floor":26.0,"key":"Ancient Tea Set"},{"floor":26.0,"key":"Molten Egg 2"},{"floor":40.0,"key":"Letter Opener"},{"floor":42.0,"key":"TungstenRod"},{"floor":43.0,"key":"Angel_Ring"},{"floor":46,"key":"Torii"}],"event_choices":[{"damage_healed":0.0,"max_hp_gain":0.0,"max_hp_loss":0.0,"gold_gain":0.0,"event_name":"Accursed Blacksmith","player_choice":"Rummage","floor":3.0,"gold_loss":0.0,"damage_taken":0.0,"relics_obtained":["WarpedTongs"],"cards_obtained":["Pain"]},{"damage_healed":0.0,"max_hp_gain":0.0,"max_hp_loss":0.0,"gold_gain":0.0,"event_name":"WeMeetAgain","player_choice":"Gave Potion","floor":12.0,"gold_loss":0.0,"damage_taken":0.0,"relics_obtained":["Boot"]},{"damage_healed":0.0,"max_hp_gain":0.0,"max_hp_loss":0.0,"gold_gain":0.0,"event_name":"Addict","player_choice":"Obtained Relic","floor":19.0,"gold_loss":85.0,"damage_taken":0.0,"relics_obtained":["Eternal Feather"]},{"damage_healed":0.0,"max_hp_gain":0.0,"max_hp_loss":0.0,"gold_gain":0.0,"event_name":"The Library","player_choice":"Read","floor":20.0,"gold_loss":0.0,"damage_taken":0.0,"cards_obtained":["Capacitor"]},{"damage_healed":0.0,"max_hp_gain":0.0,"max_hp_loss":0.0,"gold_gain":0.0,"event_name":"Ghosts","player_choice":"Ignored","floor":22.0,"gold_loss":0.0,"damage_taken":0.0},{"cards_removed":["Strike_B"],"damage_healed":0.0,"max_hp_gain":0.0,"max_hp_loss":0.0,"gold_gain":0.0,"event_name":"Falling","player_choice":"Removed Attack","floor":36.0,"gold_loss":0.0,"damage_taken":0.0},{"damage_healed":0.0,"max_hp_gain":0.0,"max_hp_loss":0.0,"gold_gain":0.0,"event_name":"The Woman in Blue","player_choice":"Bought 0 Potions","floor":37.0,"gold_loss":0.0,"damage_taken":0.0}],"is_beta":false,"boss_relics":[{"not_picked":["Tiny House","Black Star"],"picked":"Philosopher\u0027s Stone"},{"not_picked":["Silver_Glasses","Empty Cage"],"picked":"Gem_Box"}],"items_purged_floors":[11,21,47],"is_endless":false,"potions_floor_spawned":[1,10,14,23,29,31,38,40,45],"ascension_level":0}}