{"host":"b34lfm0pg36jv5no","time":1614265256,"event":{"mods":["BaseMod","Bestiary","Colored Map","Dark Map","Minty Spire (QoL Compilation)","Relic Stats","ojb\u0027s Info Mod"],"gold_per_floor":[109,125,125,136,151,182,194,240,275,313,338,362,394,406,418,534,546,578,610,639,676,624,636,92,120,120,120,140,140,165,185,185,290,290,303,321,336,348,51,77,77,88,88,98,126,106,134,147,147,147,147,147,2,31,31],"floor_reached":56,"language":"ENG","playtime":7784,"items_purged":["Strike_R","Strike_R"],"score":1673,"play_id":"7bfd00d7-45f1-4087-b2ea-29add0798150","local_time":"20210225150056","is_ascension_mode":true,"campfire_choices":[{"data":"Carnage","floor":7,"key":"SMITH"},{"data":"Wild Strike","floor":15,"key":"SMITH"},{"floor":23,"key":"REST"},{"floor":27,"key":"REST"},{"data":"Double Tap","floor":29,"key":"SMITH"},{"floor":32,"key":"REST"},{"floor":41,"key":"REST"},{"floor":49,"key":"RECALL"},{"data":"Pommel Strike","floor":52,"key":"SMITH"}],"circlet_count":0,"master_deck":["Strike_R","Strike_R","Strike_R","Defend_R","Defend_R","Defend_R","Defend_R","Bash","Carnage+1","Battle Trance","Wild Strike+1","Offering","Shrug It Off","Pommel Strike+1","Shrug It Off+1","Body Slam+1","Double Tap+1","Inflame","Feed","Armaments+1","Offering+1","Flame Barrier+1","Clothesline+1","True Grit+1","Uppercut","Limit Break+1","Burning Pact+1","Sword Boomerang+1","Injury","Havoc+1","Body Slam+1","Shrug It Off+1","Fiend Fire"],"relics":["Busted Crown","CultistMask","MawBank","Dream Catcher","Anchor","Red Skull","SlaversCollar","Red Mask","StoneCalendar","Kunai","Nunchaku","Gremlin Horn","Toxic Egg 2","Cursed Key","Mummified Hand","MealTicket","Meat on the Bone","Toy Ornithopter"],"acts_visited":["Exordium","TheCity","TheBeyond","TheEnding"],"potions_floor_usage":[8,10,19,21,25,25,25,33,40,42,46,50,55],"damage_taken":[{"damage":4,"enemies":"Jaw Worm","floor":1,"turns":4},{"damage":0,"enemies":"Cultist","floor":2,"turns":2},{"damage":0,"enemies":"2 Louse","floor":4,"turns":2},{"damage":0,"enemies":"2 Fungi Beasts","floor":5,"turns":3},{"damage":22,"enemies":"Lagavulin","floor":6,"turns":6},{"damage":10,"enemies":"3 Sentries","floor":8,"turns":5},{"damage":20,"enemies":"Gremlin Nob","floor":10,"turns":3},{"damage":0,"enemies":"3 Louse","floor":11,"turns":2},{"damage":0,"enemies":"Lots of Slimes","floor":12,"turns":3},{"damage":0,"enemies":"Large Slime","floor":13,"turns":2},{"damage":18,"enemies":"Hexaghost","floor":16,"turns":8},{"damage":18,"enemies":"Shell Parasite","floor":18,"turns":3},{"damage":10,"enemies":"3 Byrds","floor":19,"turns":4},{"damage":27,"enemies":"Sentry and Sphere","floor":20,"turns":4},{"damage":2,"enemies":"Masked Bandits","floor":21,"turns":3},{"damage":14,"enemies":"Gremlin Leader","floor":25,"turns":4},{"damage":0,"enemies":"Centurion and Healer","floor":28,"turns":4},{"damage":6,"enemies":"Slavers","floor":30,"turns":5},{"damage":9,"enemies":"Snecko","floor":31,"turns":5},{"damage":48,"enemies":"Champ","floor":33,"turns":8},{"damage":17,"enemies":"3 Shapes","floor":35,"turns":7},{"damage":6,"enemies":"3 Darklings","floor":36,"turns":4},{"damage":6,"enemies":"Spire Growth","floor":37,"turns":3},{"damage":31,"enemies":"Transient","floor":38,"turns":5},{"damage":6,"enemies":"Reptomancer","floor":40,"turns":5},{"damage":0,"enemies":"Jaw Worm Horde","floor":42,"turns":7},{"damage":24,"enemies":"Maw","floor":44,"turns":7},{"damage":9,"enemies":"Nemesis","floor":45,"turns":5},{"damage":0,"enemies":"Giant Head","floor":47,"turns":5},{"damage":12,"enemies":"Sphere and 2 Shapes","floor":48,"turns":7},{"damage":50,"enemies":"Donu and Deca","floor":50,"turns":6},{"damage":6,"enemies":"Shield and Spear","floor":54,"turns":5},{"damage":146,"enemies":"The Heart","floor":55,"turns":8}],"seed_played":"2611868765543983725","potions_obtained":[{"floor":1,"key":"AttackPotion"},{"floor":5,"key":"PowerPotion"},{"floor":6,"key":"EntropicBrew"},{"floor":11,"key":"Fire Potion"},{"floor":18,"key":"ColorlessPotion"},{"floor":21,"key":"BlessingOfTheForge"},{"floor":30,"key":"ElixirPotion"},{"floor":31,"key":"Fruit Juice"},{"floor":38,"key":"BlessingOfTheForge"},{"floor":40,"key":"DistilledChaos"},{"floor":42,"key":"SmokeBomb"},{"floor":44,"key":"FairyPotion"},{"floor":45,"key":"FearPotion"},{"floor":46,"key":"LiquidBronze"}],"is_trial":false,"path_per_floor":["M","M","?","M","M","E","R","E","T","E","M","M","M","?","R","B",null,"M","M","M","?","?","R","$","E","T","R","M","R","E","M","R","B",null,"M","M","M","M","$","E","R","M","T","M","E","?","E","M","R","B",null,"R","$","E","B",null],"character_chosen":"IRONCLAD","items_purchased":["Kunai","Double Tap","Inflame","True Grit+1","Regen Potion","Uppercut","FairyPotion","Shrug It Off+1"],"campfire_rested":4,"item_purchase_floors":[24,24,24,39,39,39,53,53],"current_hp_per_floor":[76,76,76,76,76,54,54,44,44,24,24,24,24,24,24,6,62,44,34,7,5,5,29,29,15,15,39,42,42,39,30,55,7,66,52,49,46,15,15,27,56,60,60,36,27,32,36,39,39,46,98,98,113,110,16],"gold":31,"neow_bonus":"BOSS_RELIC","is_daily":false,"chose_seed":false,"campfire_upgraded":4,"win_rate":0.0,"timestamp":1614265256,"path_taken":["M","M","?","M","?","E","R","E","T","E","M","M","M","?","R","BOSS","M","M","M","?","?","R","$","E","T","R","M","R","E","M","R","BOSS","M","M","M","?","$","E","R","M","T","M","E","?","E","M","R","BOSS","R","$","E","BOSS"],"items_purchased_type":["Relic","Card","Card","Card","Potion","Card","Potion","Card"],"build_version":"2020-12-22","purchased_purges":2,"victory":true,"max_hp_per_floor":[80,80,80,80,80,80,80,80,80,80,80,80,80,80,80,80,80,80,80,80,80,80,80,80,80,80,80,83,83,86,86,86,86,86,89,92,95,95,95,99,99,103,103,103,103,108,112,115,115,115,115,115,115,118,118],"relic_stats":{"Gremlin Horn":[15,17],"counters":[33,154],"StoneCalendar":[122],"MawBank":216,"Cursed Key":1,"Dream Catcher":4,"Nunchaku":[24],"Busted Crown":70,"Mummified Hand":[9],"MealTicket":15,"Kunai":[53],"obtain_stats":[{"Gremlin Horn":26,"StoneCalendar":22,"MawBank":6,"Cursed Key":34,"Burning Blood":0,"SlaversCollar":17,"Dream Catcher":8,"Anchor":9,"Nunchaku":25,"Busted Crown":0,"Mummified Hand":40,"MealTicket":45,"CultistMask":3,"Red Mask":21,"Kunai":24,"Toxic Egg 2":30,"Red Skull":10,"Toy Ornithopter":54,"Meat on the Bone":47},{"Gremlin Horn":16,"StoneCalendar":15,"MawBank":5,"Cursed Key":20,"Burning Blood":0,"SlaversCollar":11,"Dream Catcher":6,"Anchor":6,"Nunchaku":16,"Busted Crown":0,"Mummified Hand":25,"MealTicket":28,"CultistMask":2,"Red Mask":15,"Kunai":15,"Toxic Egg 2":18,"Red Skull":7,"Toy Ornithopter":32,"Meat on the Bone":29},{"Gremlin Horn":58,"StoneCalendar":54,"MawBank":17,"Cursed Key":80,"Burning Blood":0,"SlaversCollar":40,"Dream Catcher":22,"Anchor":22,"Nunchaku":58,"Busted Crown":0,"Mummified Hand":104,"MealTicket":123,"CultistMask":6,"Red Mask":54,"Kunai":54,"Toxic Egg 2":67,"Red Skull":25,"Toy Ornithopter":146,"Meat on the Bone":128}],"Toy Ornithopter":5,"Meat on the Bone":36},"card_choices":[{"not_picked":[],"picked":"Carnage","floor":1},{"not_picked":["Shrug It Off"],"picked":"SKIP","floor":2},{"not_picked":["Entrench"],"picked":"SKIP","floor":4},{"not_picked":[],"picked":"Battle Trance","floor":5},{"not_picked":["Bloodletting"],"picked":"SKIP","floor":6},{"not_picked":["Fire Breathing"],"picked":"SKIP","floor":8},{"not_picked":["Headbutt"],"picked":"SKIP","floor":10},{"not_picked":["Clothesline"],"picked":"SKIP","floor":11},{"not_picked":["Combust"],"picked":"SKIP","floor":12},{"not_picked":[],"picked":"Wild Strike","floor":13},{"not_picked":[],"picked":"Offering","floor":16},{"not_picked":[],"picked":"Shrug It Off","floor":18},{"not_picked":[],"picked":"Pommel Strike","floor":19},{"not_picked":["Feel No Pain"],"picked":"SKIP","floor":20},{"not_picked":[],"picked":"Shrug It Off+1","floor":21},{"not_picked":[],"picked":"Body Slam+1","floor":23},{"not_picked":[],"picked":"Feed","floor":25},{"not_picked":[],"picked":"Armaments+1","floor":28},{"not_picked":["Fire Breathing"],"picked":"SKIP","floor":30},{"not_picked":["Metallicize"],"picked":"SKIP","floor":31},{"not_picked":[],"picked":"Offering+1","floor":33},{"not_picked":[],"picked":"Flame Barrier+1","floor":35},{"not_picked":["Armaments+1"],"picked":"SKIP","floor":36},{"not_picked":[],"picked":"Clothesline+1","floor":37},{"not_picked":["Twin Strike"],"picked":"SKIP","floor":38},{"not_picked":[],"picked":"Limit Break+1","floor":40},{"not_picked":[],"picked":"Burning Pact+1","floor":41},{"not_picked":[],"picked":"Sword Boomerang+1","floor":42},{"not_picked":[],"picked":"Havoc+1","floor":44},{"not_picked":["Anger+1"],"picked":"SKIP","floor":45},{"not_picked":["Clothesline+1"],"picked":"SKIP","floor":47},{"not_picked":[],"picked":"Body Slam+1","floor":48},{"not_picked":[],"picked":"Fiend Fire","floor":54}],"player_experience":2696044,"relics_obtained":[{"floor":6,"key":"MawBank"},{"floor":8,"key":"Dream Catcher"},{"floor":9,"key":"Anchor"},{"floor":10,"key":"Red Skull"},{"floor":21,"key":"Red Mask"},{"floor":25,"key":"Nunchaku"},{"floor":26,"key":"Gremlin Horn"},{"floor":30,"key":"Toxic Egg 2"},{"floor":40,"key":"Mummified Hand"},{"floor":45,"key":"MealTicket"},{"floor":47,"key":"Meat on the Bone"},{"floor":54,"key":"Toy Ornithopter"}],"event_choices":[{"damage_healed":0,"gold_gain":0,"player_choice":"Trade","damage_taken":0,"relics_obtained":["CultistMask"],"max_hp_gain":0,"max_hp_loss":0,"event_name":"FaceTrader","floor":3,"gold_loss":0},{"damage_healed":0,"gold_gain":0,"player_choice":"Ignored","damage_taken":0,"max_hp_gain":0,"max_hp_loss":0,"event_name":"Liars Game","floor":14,"gold_loss":0},{"damage_healed":0,"gold_gain":0,"player_choice":"Fought Bandits","damage_taken":0,"max_hp_gain":0,"max_hp_loss":0,"event_name":"Masked Bandits","floor":21,"gold_loss":0},{"damage_healed":0,"gold_gain":0,"player_choice":"Paid Gold","damage_taken":0,"relics_obtained":["StoneCalendar"],"max_hp_gain":0,"max_hp_loss":0,"event_name":"WeMeetAgain","floor":22,"gold_loss":64},{"damage_healed":0,"gold_gain":0,"player_choice":"Bought 1 Potion","damage_taken":0,"max_hp_gain":0,"max_hp_loss":0,"event_name":"The Woman in Blue","floor":46,"gold_loss":0}],"is_beta":false,"boss_relics":[{"not_picked":["Velvet Choker","Tiny House"],"picked":"SlaversCollar"},{"not_picked":["Runic Dome","Snecko Eye"],"picked":"Cursed Key"}],"items_purged_floors":[24,39],"is_endless":false,"potions_floor_spawned":[1,5,6,11,18,21,30,31,38,40,42,44,45,48],"ascension_level":5}}