{"host":"lehbxtjrpalkmwwj","time":1614267731,"event":{"mods":["ATMod(°¢èªMod)","Aspiration","BaseMod","Challenge The Spire","Colored Map","Colored Powertips","Conspire","Dota2Spire","Energized Spire","Hunter ÁÔÈË","Minty Spire (QoL Compilation)","Quick Restart","Relic Stats","Reliquary","Replay The Spire","Spicy Shops","StSLib","TestMod","The Cursed","The IronCluck","The Poker Player","Waifu the Spire","Wide Potions","[IsaacMod]ÒÔÈö¼âËþ","¡¾ÒÅÎï¿¨ÅÆ¡¿REMEMod","É³µñ²ÄÖÊ°ümod","óô»ðÖ¸ÄÏ"],"gold_per_floor":[114,125,125,163,188,229,258,304,366,378,490,527,539,586,598,712,824,850,862,893,905,842,854,899,927,939,951,951],"floor_reached":27,"language":"ZHS","playtime":792,"items_purged":[],"score":398,"play_id":"e2f4ad29-5676-4834-8507-3305cd9bc0ec","local_time":"20210225234211","is_ascension_mode":true,"campfire_choices":[{"floor":10.0,"key":"REST"},{"floor":15.0,"key":"RECALL"},{"data":"Alpha","floor":23.0,"key":"SMITH"}],"circlet_count":0,"master_deck":["Strike_B","Strike_B","Strike_B+1","Strike_B","Defend_B","Defend_B","Defend_B","Defend_B","Zap","Dualcast","EpicFetus","AT_MachinaRedman","Alpha+1","Defragment+1","conspire:Rain","Meteor Strike","Reinforced Body","Sunder","AT_StudyProgram","ReplayGash","Machine Learning","BootSequence","AT_RightCognition","BasicCrystalCard+1","Rebound+1","Time Bomb"],"relics":["Cracked Core","HushsDoor","AT_ATBox","testmod-TestBox","REME_ComplimentaryCards","PillsDrop","testmod-Hope","NeowsBlessing","Ring of Hypnosis","Ring of Shattering","MawBank","Dota2Spire:BlackKingBar","AT_DeathDance","reliquary:Knoch","reliquary:Buckler","BFFS","Replay:Wanted Poster","testmod-LifeArmor","Replay:Bottled Flurry"],"acts_visited":["Exordium","TheCity"],"potions_floor_usage":[],"damage_taken":[{"damage":0.0,"enemies":"Cultist","floor":1.0,"turns":1.0},{"damage":0.0,"enemies":"Jaw Worm","floor":2.0,"turns":1.0},{"damage":0.0,"enemies":"2 Louse","floor":5.0,"turns":1.0},{"damage":29.0,"enemies":"Lagavulin","floor":6.0,"turns":5.0},{"damage":0.0,"enemies":"Blue Slaver","floor":7.0,"turns":2.0},{"damage":6.0,"enemies":"3 Sentries","floor":8.0,"turns":2.0},{"damage":0.0,"enemies":"Gremlin Nob","floor":12.0,"turns":2.0},{"damage":46.0,"enemies":"Lagavulin","floor":14.0,"turns":7.0},{"damage":26.0,"enemies":"Hexaghost","floor":16.0,"turns":8.0},{"damage":0.0,"enemies":"conspire:FuzzyDice","floor":18.0,"turns":1.0},{"damage":16.0,"enemies":"Spheric Guardian","floor":20.0,"turns":4.0},{"damage":19.0,"enemies":"Book of Stabbing","floor":24.0,"turns":5.0},{"damage":12.0,"enemies":"conspire:HollyBat","floor":25.0,"turns":7.0},{"damage":24,"enemies":"Gremlin Leader","floor":27,"turns":5}],"seed_played":"-1781655554384685332","potions_obtained":[{"floor":1.0,"key":"EssenceOfDarkness"},{"floor":4.0,"key":"SteroidPotion"},{"floor":5.0,"key":"Adrenaline Potion"},{"floor":8.0,"key":"Elixir"},{"floor":12.0,"key":"Elixir"},{"floor":20.0,"key":"AttackPotion"}],"is_trial":false,"path_per_floor":["M","M","?","?","M","E","M","E","T","R","?","E","$","E","R","B",null,"M","?","M","?","?","R","E","M","T","E"],"character_chosen":"DEFECT","items_purchased":[],"campfire_rested":1,"item_purchase_floors":[],"current_hp_per_floor":[68,71,71,40,40,11,11,5,5,28,28,78,78,32,32,6,60,78,78,62,54,54,54,35,23,23,0,0],"gold":951,"neow_bonus":"THREE_ENEMY_KILL","is_daily":false,"chose_seed":false,"campfire_upgraded":1,"win_rate":0.0,"timestamp":1614267731,"path_taken":["M","M","?","?","?","E","M","E","T","R","?","E","$","E","R","BOSS","M","?","?","?","?","R","E","M","T","E"],"items_purchased_type":[],"build_version":"2020-12-22","purchased_purges":0,"victory":false,"max_hp_per_floor":[75,78,78,78,78,78,78,78,78,78,78,78,78,78,78,78,78,78,78,78,83,83,83,83,83,83,83,83],"relic_stats":{"counters":[14,51],"MawBank":276,"obtain_stats":[{"KeepersGift":0,"AT_ATBox":0,"testmod-TestBox":0,"NeowsBlessing":0,"Ring of Hypnosis":3,"Dota2Spire:BlackKingBar":6,"testmod-LifeArmor":19,"MawBank":4,"BFFS":14,"Replay:Wanted Poster":17,"PillsDrop":0,"testmod-Hope":0,"reliquary:Buckler":12,"Ring of Shattering":3,"Replay:Bottled Flurry":24,"reliquary:Knoch":9,"AT_DeathDance":8,"Cracked Core":0,"HushsDoor":0,"REME_ComplimentaryCards":0},{"KeepersGift":0,"AT_ATBox":0,"testmod-TestBox":0,"NeowsBlessing":0,"Ring of Hypnosis":2,"Dota2Spire:BlackKingBar":4,"testmod-LifeArmor":10,"MawBank":2,"BFFS":8,"Replay:Wanted Poster":9,"PillsDrop":0,"testmod-Hope":0,"reliquary:Buckler":7,"Ring of Shattering":2,"Replay:Bottled Flurry":12,"reliquary:Knoch":6,"AT_DeathDance":6,"Cracked Core":0,"HushsDoor":0,"REME_ComplimentaryCards":0},{"KeepersGift":0,"AT_ATBox":0,"testmod-TestBox":0,"NeowsBlessing":0,"Ring of Hypnosis":2,"Dota2Spire:BlackKingBar":8,"testmod-LifeArmor":30,"MawBank":2,"BFFS":21,"Replay:Wanted Poster":29,"PillsDrop":0,"testmod-Hope":0,"reliquary:Buckler":14,"Ring of Shattering":2,"Replay:Bottled Flurry":39,"reliquary:Knoch":12,"AT_DeathDance":12,"Cracked Core":0,"HushsDoor":0,"REME_ComplimentaryCards":0}]},"card_choices":[{"not_picked":[],"picked":"EpicFetus","floor":0.0},{"not_picked":["Recycle","Hologram"],"picked":"Beam Cell","floor":1.0},{"not_picked":["Barrage","Cancel"],"picked":"Defragment","floor":2.0},{"not_picked":["Redo","Melter"],"picked":"conspire:Rain","floor":4.0},{"not_picked":["Leap","ReplayTheSpireMod:Dual Polarity"],"picked":"Meteor Strike","floor":4.0},{"not_picked":["ReplayTheSpireMod:Repulse","AT_ThunderBolt"],"picked":"Reinforced Body","floor":5.0},{"not_picked":["Redo","Rebound"],"picked":"Bomb","floor":6.0},{"not_picked":["AT_HeatAcrobatics","Coolheaded"],"picked":"Sunder","floor":7.0},{"not_picked":["Go for the Eyes","AT_HeatAcrobatics"],"picked":"AT_StudyProgram","floor":8.0},{"not_picked":["Beam Cell","ReplayTheSpireMod:GoodbyeWorld"],"picked":"ReplayGash","floor":11.0},{"not_picked":["Go for the Eyes","ReplayTheSpireMod:Repulse"],"picked":"Machine Learning","floor":12.0},{"not_picked":["Conserve Battery","Rip and Tear"],"picked":"BootSequence","floor":14.0},{"not_picked":["Biased Cognition","ReplayRNGCard"],"picked":"AT_RightCognition","floor":16.0},{"not_picked":["AT_HeatAcrobatics+1","White Noise"],"picked":"BasicCrystalCard+1","floor":18.0},{"not_picked":["Turbo","Coolheaded"],"picked":"Rebound+1","floor":20.0},{"not_picked":["Beam Cell","AT_WarpDrive","Auto Shields"],"picked":"SKIP","floor":24.0},{"not_picked":["Leap","ReplayTheSpireMod:GoodbyeWorld"],"picked":"Time Bomb","floor":25.0}],"player_experience":234162,"relics_obtained":[{"floor":3.0,"key":"Ring of Hypnosis"},{"floor":3.0,"key":"Ring of Shattering"},{"floor":4.0,"key":"MawBank"},{"floor":6.0,"key":"Dota2Spire:BlackKingBar"},{"floor":8.0,"key":"AT_DeathDance"},{"floor":9.0,"key":"reliquary:Knoch"},{"floor":12.0,"key":"reliquary:Buckler"},{"floor":14.0,"key":"BFFS"},{"floor":24.0,"key":"Replay:Bottled Flurry"}],"event_choices":[{"cards_removed":["Beam Cell"],"damage_healed":0.0,"max_hp_gain":0.0,"max_hp_loss":0.0,"gold_gain":0.0,"event_name":"WeMeetAgain","player_choice":"Gave Card","floor":19.0,"gold_loss":0.0,"damage_taken":0.0,"relics_obtained":["testmod-LifeArmor"]},{"damage_healed":0.0,"max_hp_gain":5.0,"max_hp_loss":0.0,"gold_gain":0.0,"event_name":"Forgotten Altar","player_choice":"Shed Blood","floor":21.0,"gold_loss":0.0,"damage_taken":20.0},{"cards_removed":["Hallucinations"],"damage_healed":0.0,"max_hp_gain":0.0,"max_hp_loss":0.0,"gold_gain":0.0,"event_name":"Beggar","player_choice":"Gave Gold","floor":22.0,"gold_loss":75.0,"damage_taken":0.0}],"is_beta":false,"boss_relics":[{"not_picked":["energizedSpire:OgreHead","Painkiller Herb"],"picked":"Replay:Wanted Poster"},{"not_picked":[]}],"items_purged_floors":[],"is_endless":false,"potions_floor_spawned":[1,5,8,12,20],"killed_by":"Gremlin Leader","ascension_level":8}}