{"host":"yx5rao87132cy5xq","time":1614277713,"event":{"mods":["2.2 Compatiblity","AchievementEnabler","BaseMod","Bestiary","Colored Map","Colored Powertips","Highlight Path","Minty Spire (QoL Compilation)","Quick Restart","Relic Stats","Slay-I","SuperFastMode"],"gold_per_floor":[119,21,21,37,50,76,76,76,76,111,124,137,168,207,207,328,328,342,373,389,389,16,50,50,90,144,157,190,105,105,55,55,184,184,202,202,260,279,279,279,312,312,336,336,336,336,352,396,396,396],"floor_reached":51,"language":"ENG","playtime":3595,"items_purged":["Strike_G","Strike_G"],"score":990,"play_id":"aa319713-e28b-428a-888e-40d285328f76","local_time":"20210225192833","is_ascension_mode":true,"campfire_choices":[{"data":"Blade Dance","floor":8.0,"key":"SMITH"},{"data":"Survivor","floor":15.0,"key":"SMITH"},{"data":"Phantasmal Killer","floor":24.0,"key":"SMITH"},{"data":"After Image","floor":30.0,"key":"SMITH"},{"data":"Terror","floor":32.0,"key":"SMITH"},{"data":"Well Laid Plans","floor":40.0,"key":"SMITH"},{"data":"PiercingWail","floor":42.0,"key":"SMITH"},{"floor":44.0,"key":"REST"},{"data":"Bouncing Flask","floor":49,"key":"SMITH"}],"circlet_count":0,"master_deck":["Strike_G","Strike_G","Strike_G","Defend_G","Defend_G","Defend_G","Defend_G","Survivor+1","Neutralize+1","Blade Dance+1","Quick Slash","Cloak And Dagger","Deadly Poison","Dagger Spray","Bouncing Flask+1","Slice","PiercingWail+1","Well Laid Plans+1","Phantasmal Killer+1","Flechettes+1","Accuracy","Blur","Dash","Escape Plan+1","Terror+1","After Image+1","Die Die Die","Blade Dance+1","Calculated Gamble+1","Escape Plan+1","Bandage Up+1","Acrobatics+1","Dodge and Roll+1"],"relics":["Ring of the Snake","Vajra","Golden Idol","Shuriken","Thread and Needle","Odd Mushroom","Incense Burner","WristBlade","Red Mask","Potion Belt","Juzu Bracelet","Smiling Mask","Question Card","Toxic Egg 2","SlaversCollar","Dead Branch","Sundial","PreservedInsect","Centennial Puzzle"],"acts_visited":["Exordium","TheCity","TheBeyond"],"potions_floor_usage":[50],"damage_taken":[{"damage":0.0,"enemies":"Cultist","floor":1.0,"turns":4.0},{"damage":0.0,"enemies":"Small Slimes","floor":4.0,"turns":3.0},{"damage":1.0,"enemies":"2 Louse","floor":5.0,"turns":3.0},{"damage":20.0,"enemies":"Gremlin Nob","floor":6.0,"turns":4.0},{"damage":8.0,"enemies":"3 Sentries","floor":10.0,"turns":5.0},{"damage":0.0,"enemies":"Exordium Wildlife","floor":11.0,"turns":3.0},{"damage":0.0,"enemies":"3 Louse","floor":12.0,"turns":2.0},{"damage":0.0,"enemies":"The Mushroom Lair","floor":13.0,"turns":3.0},{"damage":4.0,"enemies":"Lagavulin","floor":14.0,"turns":5.0},{"damage":0.0,"enemies":"Hexaghost","floor":16.0,"turns":7.0},{"damage":8.0,"enemies":"3 Byrds","floor":18.0,"turns":5.0},{"damage":11.0,"enemies":"Masked Bandits","floor":19.0,"turns":3.0},{"damage":2.0,"enemies":"Spheric Guardian","floor":20.0,"turns":3.0},{"damage":0.0,"enemies":"Book of Stabbing","floor":23.0,"turns":3.0},{"damage":1.0,"enemies":"Slavers","floor":25.0,"turns":6.0},{"damage":0.0,"enemies":"Centurion and Healer","floor":27.0,"turns":4.0},{"damage":17.0,"enemies":"Gremlin Leader","floor":28.0,"turns":5.0},{"damage":5.0,"enemies":"Collector","floor":33.0,"turns":8.0},{"damage":10.0,"enemies":"3 Shapes","floor":35.0,"turns":11.0},{"damage":0.0,"enemies":"2 Orb Walkers","floor":37.0,"turns":3.0},{"damage":0.0,"enemies":"3 Darklings","floor":38.0,"turns":5.0},{"damage":22.0,"enemies":"Nemesis","floor":41.0,"turns":5.0},{"damage":0,"enemies":"Transient","floor":47,"turns":5},{"damage":0,"enemies":"Reptomancer","floor":48,"turns":2},{"damage":0,"enemies":"Awakened One","floor":50,"turns":6}],"seed_played":"-5409503272406260868","potions_obtained":[{"floor":4.0,"key":"PowerPotion"},{"floor":6.0,"key":"GamblersBrew"},{"floor":11.0,"key":"EssenceOfSteel"},{"floor":12.0,"key":"PowerPotion"},{"floor":19.0,"key":"Regen Potion"},{"floor":20.0,"key":"Block Potion"},{"floor":33.0,"key":"AttackPotion"},{"floor":35.0,"key":"ColorlessPotion"},{"floor":48,"key":"Energy Potion"}],"is_trial":false,"path_per_floor":["M","$","?","M","M","E","?","R","T","E","M","M","?","E","R","B",null,"M","?","M","?","$","E","R","E","T","M","E","?","R","$","R","B",null,"M","?","?","M","?","R","E","R","T","R","?","?","M","E","R","B",null],"character_chosen":"THE_SILENT","items_purchased":["Quick Slash","Cloak And Dagger","Accuracy","Blur","Dash","DuplicationPotion"],"campfire_rested":1,"item_purchase_floors":[2,2,22,22,22,22],"current_hp_per_floor":[70,70,63,63,62,42,42,42,42,34,34,34,34,30,30,30,65,57,46,44,44,44,44,44,58,58,58,41,41,41,41,41,36,65,55,55,55,55,55,55,33,33,33,51,51,51,57,57,57,62],"gold":396,"neow_bonus":"UPGRADE_CARD","is_daily":false,"chose_seed":false,"campfire_upgraded":8,"win_rate":0.0,"timestamp":1614277713,"path_taken":["M","$","?","M","M","E","?","R","T","E","M","M","?","E","R","BOSS","M","?","M","?","$","E","R","E","T","M","E","?","R","?","R","BOSS","M","?","?","M","?","R","E","R","T","R","?","?","M","E","R","BOSS"],"items_purchased_type":["Card","Card","Card","Card","Card","Potion"],"build_version":"2020-12-22","purchased_purges":2,"victory":true,"max_hp_per_floor":[70,70,70,70,70,70,65,65,65,65,65,65,65,65,65,65,65,65,65,65,65,65,65,65,65,65,65,65,65,65,65,65,65,65,65,65,65,65,62,62,62,62,62,62,62,62,62,62,62,62],"relic_stats":{"Centennial Puzzle":[0],"counters":[25,113],"Golden Idol":177,"Shuriken":[66],"Sundial":[0],"Dead Branch":[66],"PreservedInsect":60,"Juzu Bracelet":2,"Smiling Mask":50,"Question Card":8,"obtain_stats":[{"Potion Belt":23,"Golden Idol":7,"Dead Branch":37,"Vajra":6,"Thread and Needle":10,"PreservedInsect":43,"Incense Burner":14,"Juzu Bracelet":25,"Odd Mushroom":13,"Smiling Mask":26,"Question Card":28,"SlaversCollar":34,"Centennial Puzzle":48,"WristBlade":17,"Shuriken":9,"Sundial":41,"Red Mask":19,"Toxic Egg 2":29,"Ring of the Snake":0},{"Potion Belt":14,"Golden Idol":4,"Dead Branch":20,"Vajra":4,"Thread and Needle":5,"PreservedInsect":22,"Incense Burner":9,"Juzu Bracelet":15,"Odd Mushroom":8,"Smiling Mask":15,"Question Card":17,"SlaversCollar":18,"Centennial Puzzle":24,"WristBlade":10,"Shuriken":4,"Sundial":22,"Red Mask":12,"Toxic Egg 2":17,"Ring of the Snake":0},{"Potion Belt":53,"Golden Idol":14,"Dead Branch":90,"Vajra":14,"Thread and Needle":19,"PreservedInsect":100,"Incense Burner":32,"Juzu Bracelet":59,"Odd Mushroom":27,"Smiling Mask":59,"Question Card":68,"SlaversCollar":76,"Centennial Puzzle":107,"WristBlade":39,"Shuriken":14,"Sundial":100,"Red Mask":47,"Toxic Egg 2":68,"Ring of the Snake":0}],"Ring of the Snake":[50]},"card_choices":[{"not_picked":["Dagger Spray","Cloak And Dagger"],"picked":"Blade Dance","floor":1.0},{"not_picked":["Escape Plan","Flying Knee"],"picked":"Deadly Poison","floor":4.0},{"not_picked":["Acrobatics","Outmaneuver"],"picked":"Dagger Spray","floor":5.0},{"not_picked":["Tactician","Backflip"],"picked":"Bouncing Flask","floor":6.0},{"not_picked":["Storm of Steel","Unload"],"picked":"Slice","floor":10.0},{"not_picked":["Underhanded Strike","Outmaneuver","Flying Knee"],"picked":"SKIP","floor":11.0},{"not_picked":["Concentrate","Cloak And Dagger"],"picked":"PiercingWail","floor":12.0},{"not_picked":["Underhanded Strike","Deflect"],"picked":"Well Laid Plans","floor":13.0},{"not_picked":["Concentrate","Reflex","Outmaneuver"],"picked":"SKIP","floor":14.0},{"not_picked":["Adrenaline","Tools of the Trade"],"picked":"Phantasmal Killer","floor":16.0},{"not_picked":["Sucker Punch","Crippling Poison"],"picked":"Flechettes+1","floor":18.0},{"not_picked":["Underhanded Strike","Dagger Spray","Flechettes+1"],"picked":"SKIP","floor":20.0},{"not_picked":["Underhanded Strike","PiercingWail"],"picked":"Escape Plan+1","floor":23.0},{"not_picked":["Poisoned Stab+1","Outmaneuver+1","Masterful Stab"],"picked":"SKIP","floor":25.0},{"not_picked":["Blur","Slice"],"picked":"Terror","floor":27.0},{"not_picked":["Accuracy","Slice"],"picked":"After Image","floor":28.0},{"not_picked":["Storm of Steel+1","Grand Finale","Wraith Form v2"],"picked":"Die Die Die","floor":33.0},{"not_picked":["Leg Sweep+1","Concentrate+1","Distraction+1"],"picked":"Dodge and Roll+1","floor":35.0},{"not_picked":["Poisoned Stab","Reflex+1","Acrobatics+1"],"picked":"Calculated Gamble+1","floor":38.0},{"not_picked":["Backflip+1","Dagger Spray","Choke+1"],"picked":"Escape Plan+1","floor":41.0},{"not_picked":["Swift Strike","Deep Breath+1","Trip+1"],"picked":"Bandage Up+1","floor":45.0},{"not_picked":["Dagger Spray+1","Catalyst+1","Eviscerate+1"],"picked":"Acrobatics+1","floor":47},{"not_picked":["PiercingWail+1","Flechettes+1","Adrenaline+1"],"picked":"Dodge and Roll+1","floor":48}],"player_experience":1188396,"relics_obtained":[{"floor":6.0,"key":"Vajra"},{"floor":9.0,"key":"Shuriken"},{"floor":10.0,"key":"Thread and Needle"},{"floor":13.0,"key":"Odd Mushroom"},{"floor":14.0,"key":"Incense Burner"},{"floor":19.0,"key":"Red Mask"},{"floor":23.0,"key":"Potion Belt"},{"floor":25.0,"key":"Juzu Bracelet"},{"floor":26.0,"key":"Smiling Mask"},{"floor":28.0,"key":"Question Card"},{"floor":37.0,"key":"Dead Branch"},{"floor":41.0,"key":"Sundial"},{"floor":43.0,"key":"PreservedInsect"},{"floor":48,"key":"Centennial Puzzle"}],"event_choices":[{"cards_removed":["Defend_G"],"damage_healed":0.0,"max_hp_gain":0.0,"max_hp_loss":0.0,"gold_gain":0.0,"event_name":"Golden Wing","player_choice":"Card Removal","floor":3.0,"gold_loss":0.0,"damage_taken":7.0},{"damage_healed":0.0,"max_hp_gain":0.0,"max_hp_loss":5.0,"gold_gain":0.0,"event_name":"Golden Idol","player_choice":"Lose Max HP","floor":7.0,"gold_loss":0.0,"damage_taken":0.0,"relics_obtained":["Golden Idol"]},{"damage_healed":0.0,"max_hp_gain":0.0,"max_hp_loss":0.0,"gold_gain":0.0,"event_name":"Mushrooms","player_choice":"Fought Mushrooms","floor":13.0,"gold_loss":0.0,"damage_taken":0.0},{"damage_healed":0.0,"max_hp_gain":0.0,"max_hp_loss":0.0,"gold_gain":0.0,"event_name":"Masked Bandits","player_choice":"Fought Bandits","floor":19.0,"gold_loss":0.0,"damage_taken":0.0},{"damage_healed":0.0,"max_hp_gain":0.0,"max_hp_loss":0.0,"gold_gain":0.0,"event_name":"Cursed Tome","player_choice":"Ignored","floor":21.0,"gold_loss":0.0,"damage_taken":0.0},{"damage_healed":0.0,"max_hp_gain":0.0,"max_hp_loss":0.0,"gold_gain":0.0,"event_name":"Addict","player_choice":"Obtained Relic","floor":29.0,"gold_loss":85.0,"damage_taken":0.0,"relics_obtained":["Toxic Egg 2"]},{"damage_healed":0.0,"max_hp_gain":0.0,"max_hp_loss":0.0,"gold_gain":0.0,"event_name":"Duplicator","player_choice":"Copied","floor":36.0,"gold_loss":0.0,"damage_taken":0.0,"cards_obtained":["Blade Dance"]},{"damage_healed":0.0,"max_hp_gain":0.0,"max_hp_loss":0.0,"gold_gain":0.0,"event_name":"Mysterious Sphere","player_choice":"Fight","floor":37.0,"gold_loss":0.0,"damage_taken":0.0},{"damage_healed":0.0,"max_hp_gain":0.0,"max_hp_loss":3.0,"gold_gain":0.0,"event_name":"Winding Halls","player_choice":"Max HP","floor":39.0,"gold_loss":0.0,"damage_taken":0.0},{"damage_healed":0.0,"max_hp_gain":0.0,"max_hp_loss":0.0,"gold_gain":0.0,"event_name":"SensoryStone","player_choice":"Memory 1","floor":45.0,"gold_loss":0.0,"damage_taken":0.0},{"cards_removed":["Dodge and Roll"],"damage_healed":0.0,"max_hp_gain":0.0,"max_hp_loss":0.0,"gold_gain":0.0,"event_name":"Falling","player_choice":"Removed Skill","floor":46.0,"gold_loss":0.0,"damage_taken":0.0}],"is_beta":false,"boss_relics":[{"not_picked":["Fusion Hammer","Tiny House"],"picked":"WristBlade"},{"not_picked":["Snecko Eye","HoveringKite"],"picked":"SlaversCollar"}],"items_purged_floors":[22,31],"is_endless":false,"potions_floor_spawned":[4,6,11,12,19,20,33,35,48],"ascension_level":2}}