{"host":"w05x4i13f2m9joq1","time":1614220133,"event":{"mods":["100% Spire Juice","Act Like it!","BaseMod","Better Altar","Better Match","Better Note","Better Sensory Stone","Better Skull","Better Third Choice","BetterRewards","CapriCore","Colored Map","Colored Powertips","Defective Defect","Gensokyo","GifTheSpireLib","Googly Eyes","Infinite Spire","Ironclad Rager","Library of Ruina","Library of Ruina Extra","Lobotomy","LobotomyExtend","Marisa????????","Melee Mod","Minty Spire (QoL Compilation)","Morshu Shopkeeper - ENHANCED","MostiFishMod","Quick Restart","Rare Cards Sparkle","Reliquary","Replay The Spire","Shop Mod","Spicy Shops","Spire Birthday Party","StSLib","The Animator","The IronCluck","Uncapped","everything is the same but u backflip on backflip","slay the spire mod where everything is the same but ironclad has a cowboy hat"],"gold_per_floor":[120,133,151,164,15,43,43,73,73,73,98,98,127,142,142,240,240,252,272,290,300,312,342,342,369,369,369,41,51,76,76,76,171,171,184,184,184,194,204,238,238,258,284,301,318,349,363,383,383,383,383],"floor_reached":52,"language":"ENG","playtime":1539,"items_purged":["GroundSmash"],"score":1301,"play_id":"1dee4a36-824e-44a4-9b70-ca276d4b7b83","local_time":"20210224212853","is_ascension_mode":true,"campfire_choices":[{"data":"TheRedNotes","floor":7,"key":"SMITH"},{"data":"GreatSerpentsImpact","floor":10,"key":"SMITH"},{"data":"FlowOfTheSword","floor":12,"key":"SMITH"},{"data":"Unlock1","floor":15,"key":"SMITH"},{"data":"Unlock1","floor":24,"key":"SMITH"},{"data":"TraceOfFumes","floor":27,"key":"SMITH"},{"data":"FrontalAssault","floor":32,"key":"SMITH"},{"data":"NonstopAssault","floor":41,"key":"SMITH"},{"floor":49,"key":"REST"}],"circlet_count":0,"master_deck":["Dodge","LightDefense","LightAttack","LightAttack","LightAttack","LightDefense","LightDefense","LightDefense","ChargeAndCover","FocusedStrikes","GreatSerpentsImpact+1","NonstopAssault+1","Thrust","TheRedNotes+1","Diversion","FlowOfTheSword+1","Unlock1+1","Suppress","TraceOfFumes+1","Faith+1","ScatteringSlash+1","FrontalAssault+1","SharpSwipe+1","Diversion","UpbeatPerformance","Finesse","FleetEdge+1","RhinoRam+1","Transpierce+1","Preparation+1","ExtremeEdge+1","HiddenBlade+1","GrazeTheGrass+1","BayonetCombat+1","TheRedNotes+1","PreemptiveStrike+1","GreatSerpentsImpact+1","HiddenBlade+1","CombatPreparation+1"],"relics":["PageOfLibrarian","DaveBox","ExusiaiGun","SynthV:TestCard","LetterFromLob","Vajra","infinitespire:Eraser","Meat on the Bone","PageOfLumberjack","PageOfMountain","reliquary:WritOfMandamus","Happy Flower","reliquary:Firecrackers","Molten Egg 2","reliquary:Bookmark","Tiny Chest","MealTicket","JellyFishMachine","reliquary:TatteredRug","Blue Doll","Boot","Potion Belt"],"acts_visited":["Exordium","TheCity","TheBeyond"],"potions_floor_usage":[50],"damage_taken":[{"damage":0,"enemies":"Jaw Worm","floor":1,"turns":1},{"damage":1,"enemies":"Small Slimes","floor":2,"turns":2},{"damage":0,"enemies":"Cultist","floor":3,"turns":2},{"damage":15,"enemies":"Lots of Slimes","floor":4,"turns":3},{"damage":0,"enemies":"Gremlin Nob","floor":6,"turns":1},{"damage":0,"enemies":"3 Sentries","floor":11,"turns":2},{"damage":0,"enemies":"Gremlin Nob","floor":13,"turns":1},{"damage":0,"enemies":"Exordium Wildlife","floor":14,"turns":1},{"damage":0,"enemies":"Slime Boss","floor":16,"turns":1},{"damage":0,"enemies":"3 Byrds","floor":18,"turns":1},{"damage":0,"enemies":"2 Thieves","floor":19,"turns":1},{"damage":0,"enemies":"Centurion and Healer","floor":20,"turns":1},{"damage":0,"enemies":"Snecko","floor":21,"turns":1},{"damage":0,"enemies":"Snake Plant","floor":22,"turns":1},{"damage":0,"enemies":"Slavers","floor":23,"turns":1},{"damage":0,"enemies":"Gremlin Leader","floor":25,"turns":2},{"damage":0,"enemies":"Centurion and Healer","floor":29,"turns":1},{"damage":0,"enemies":"Slavers","floor":30,"turns":1},{"damage":11,"enemies":"KingOfGreed","floor":33,"turns":3},{"damage":0,"enemies":"3 Darklings","floor":35,"turns":1},{"damage":16,"enemies":"3 Shapes","floor":38,"turns":1},{"damage":0,"enemies":"Writhing Mass","floor":39,"turns":1},{"damage":0,"enemies":"Nemesis","floor":40,"turns":1},{"damage":0,"enemies":"Jaw Worm Horde","floor":42,"turns":1},{"damage":10,"enemies":"4 Shapes","floor":44,"turns":2},{"damage":0,"enemies":"Spire Growth","floor":45,"turns":1},{"damage":0,"enemies":"R_Hoarder","floor":46,"turns":1},{"damage":0,"enemies":"Jaw Worm Horde","floor":47,"turns":1},{"damage":0,"enemies":"Sphere and 2 Shapes","floor":48,"turns":1},{"damage":31,"enemies":"infinitespire:MassOfShapes","floor":50,"turns":2},{"damage":0,"enemies":"infinitespire:MassOfShapes","floor":51,"turns":7}],"seed_played":"-3468499782278532514","potions_obtained":[{"floor":2,"key":"LifebloodPotion"},{"floor":3,"key":"DuplicationPotion"},{"floor":6,"key":"SteroidPotion"},{"floor":42,"key":"Languid Potion"}],"is_trial":false,"path_per_floor":["M","M","M","M","$","E","R","?","T","R","E","R","E","M","R","B",null,"M","M","M","M","M","E","R","E","T","R","$","M","E","$","R","B",null,"M","?","?","M","M","E","R","M","T","M","M","E","M","M","R","B",null,null],"character_chosen":"Librarian","items_purchased":["Vajra","reliquary:Bookmark","Tiny Chest","Finesse"],"campfire_rested":1,"item_purchase_floors":[5,28,28,28],"current_hp_per_floor":[60,59,59,44,44,44,44,44,44,44,44,44,44,56,56,56,70,65,65,65,65,65,65,65,65,65,65,65,65,65,80,80,69,86,86,86,86,70,70,70,70,70,70,60,60,60,60,60,88,57,57],"gold":383,"neow_bonus":"ONE_RANDOM_RARE_CARD","is_daily":false,"chose_seed":false,"campfire_upgraded":8,"win_rate":0.0,"timestamp":1614220133,"path_taken":["M","M","M","M","$","E","R","?","T","R","E","R","E","M","R","BOSS","M","M","M","M","M","E","R","E","T","R","$","M","E","$","R","BOSS","M","?","?","M","M","E","R","M","T","M","M","E","M","M","R","BOSS"],"items_purchased_type":["Relic","Relic","Relic","Card"],"build_version":"2020-12-22","purchased_purges":1,"victory":true,"max_hp_per_floor":[63,62,61,70,70,65,65,65,65,65,68,68,89,63,89,70,70,65,86,86,86,86,86,86,91,91,86,86,86,86,86,86,86,86,86,86,86,86,86,95,95,95,95,95,95,95,95,95,95,95,95],"card_choices":[{"not_picked":["AGoldenOpportunity","SetFire","SomberProcuration","BiAn","Tailoring","HiddenBlade","PinpointShot","Wallop_lor"],"picked":"GreatSerpentsImpact","floor":1},{"not_picked":["RepressedFlesh","FierceCharge","Parry","EndlessBattle","EnergyShield","FlamingDragonFist","Standoff","Outburst","LoosenUp","SpearedSweep"],"picked":"NonstopAssault","floor":2},{"not_picked":["SparkingSpear","SteelKnuckles","Wallop_lor","UnavoidableGaze","Outburst","Rewind","FleetEdge","DarkCloud","Leap_lor","SetFire"],"picked":"Thrust","floor":3},{"not_picked":["AsThePrescriptOrders","EnergyShield","EnergyStrike","QuickSuppression","Suppress","StructuralAnalysis","ShrineToMusic","ViolentFlame","UnavoidableGaze","DarkCloud"],"picked":"TheRedNotes","floor":4},{"not_picked":["Outburst","MultiHit","QuickSuppression","Parry2","SerpentSwordTechnique","BladeWhirl","UnforgettableMelody","Bvapour","Parry","EnergyCycle"],"picked":"Diversion","floor":6},{"not_picked":["WillOfThePrescript","Parry","DestructiveImpact","ShockingBlow","Rampage_lor","DesperateStruggle","EnergyStrike","IllEndYou","InkOver","SerpentSwordTechnique"],"picked":"FlowOfTheSword","floor":11},{"not_picked":["SmokingPipe","Wallop_lor","ProselytesBlade","RhinoRam","QuickAttack","Parry2","InnerArdor","FierceCharge","RagingStormLove","AsThePrescriptOrders"],"picked":"Unlock1","floor":13},{"not_picked":["GuardingStance","SuppressingShot","DefenseOrder","WillProduceFineSilk","Pound","EndlessBattle","FleetFootsteps","FleetEdge","VenomousFangs","StrikeDown"],"picked":"Unlock1","floor":14},{"not_picked":["RipSpace","Commandeering","Observe","BoundaryOfDeath"],"picked":"Suppress","floor":16},{"not_picked":["HighKick+1","Leap_lor","Thrust","DefenseOrder","FleshFillet","StrikeDown","SmokingPipe","UpbeatPerformance","SteelKnuckles","HiddenBlade"],"picked":"TraceOfFumes","floor":18},{"not_picked":["RapidGashes","ToWhereThePrescriptPoints","FleetFootsteps+1","SuppressingShot","Crush","StrikeDown+1","Standoff","Parry2+1","Fence","Deflect_lor"],"picked":"Faith+1","floor":19},{"not_picked":["EnergyCycle+1","ProselytesBlade","ViolentFlame","Diversion","SerpentSwordTechnique","Standoff","SinglePointStab","Rewind","LeRegole","Parry2"],"picked":"ScatteringSlash+1","floor":20},{"not_picked":["EndlessBattle","SmokingPipe+1","Leap_lor","DriedUp","ShockRound","Pound","UnavoidableGaze","PuppetBlockade","BindingArms+1","WillProduceFineSilk"],"picked":"FrontalAssault","floor":21},{"not_picked":["Quickness","FierceCharge","RepressedFlesh","Reload+1","MultiHit","Crush","BiAn","DesperateStruggle","FendThisOffIfYouCan+1","HandleRequest"],"picked":"SharpSwipe+1","floor":22},{"not_picked":["QuickAttack","WillOfThePrescript","SuppressingShot","FierceOnslaught","FleetFootsteps","Fence+1","UnavoidableGaze","Parry2","Thrust+1","FeatherShield"],"picked":"Diversion","floor":23},{"not_picked":["HandleRequest","GatherIntel","EnergyShield","SilentNight","Parry","Eradication","FlashingStrike+1","WrathOfTorment","BackAttack","DarkCloud+1"],"picked":"UpbeatPerformance","floor":25},{"not_picked":["ShockingBlow+1","EndlessBattle+1","EnergyShield","ForTheFamily+1","FleetFootsteps+1","SummaryJudgment+1","Brawl+1","Deflect_lor","MultiBlock+1","Parry+1"],"picked":"FleetEdge+1","floor":29},{"not_picked":["GroundSmash+1","BattleCommand","Quickness","IngredientHunt+1","ClassAndRespect+1","Tttonst","FierceCharge","BlazingStrike+1","JiaoTu+1","BlowItUp+1"],"picked":"RhinoRam+1","floor":30},{"not_picked":["SenseQuarry","Castigation+1","FormingStorm+1","EnergyBeam+1"],"picked":"Transpierce+1","floor":33},{"not_picked":["Crush+1","IdentifyWeakpoint+1","Juggling","Thrust+1","Gamble+1","SomberProcuration","WillOfThePrescript","StructuralAnalysis+1","SnakesPrey+1","SteelKnuckles+1"],"picked":"Preparation+1","floor":35},{"not_picked":["Collision+1","UnavoidableGaze","StayCalm","Rewind+1","Marionette","BiAn+1","SuppressingShot+1","PreparedMind+1","GuidanceOfTheGears+1","FierceCharge+1"],"picked":"ExtremeEdge+1","floor":38},{"not_picked":["Juggling+1","LeRegole","Diversion+1","EnergyStrike+1","ViolentFlame","Endure","EnergyShield+1","EndlessBattle+1","SmokingPipe+1","Track+1"],"picked":"HiddenBlade+1","floor":39},{"not_picked":["FrontalAssault","BlazingStrike+1","ShockingBlow+1","GutHarvesting+1","HandleRequest+1","Pound+1","DefenseOrder+1","FocusFire+1","KeepItFresh+1","SerpentSwordTechnique"],"picked":"GrazeTheGrass+1","floor":40},{"not_picked":["Outburst+1","SuppressingShot+1","BiAn","ReadyUp","MindPrepared+1","RatsGuideToSurvival","BulkyImpact+1","SturdyDefense","InnerArdor+1","TimeForALittleTest+1"],"picked":"BayonetCombat+1","floor":42},{"not_picked":["Retaliate+1","UncannyStrike+1","WillBeTasty+1","Diversion+1","SnakesPrey+1","EnergyStrike+1","SpearedSweep+1","CoordinatedAssault+1","KeepItFresh+1","SinglePointStab+1"],"picked":"TheRedNotes+1","floor":44},{"not_picked":["Unlock1+1","GreatSerpentsImpact+1","MultiBlock","SinglePointStab+1","SerpentineBarrier","UpbeatPerformance+1","GatherIntel","AutonomousRush+1","NightInTheBackstreets+1","Wallop_lor+1"],"picked":"PreemptiveStrike+1","floor":45},{"not_picked":["DesperateStruggle+1","EnergyStrike+1","BindingArms+1","NightInTheBackstreets+1","LeRegole","BackAttack+1","Zzzzzap","Reload","BlowItUp+1","StrongStrike+1"],"picked":"GreatSerpentsImpact+1","floor":46},{"not_picked":["EnergyStrike+1","SuppressingShot+1","FlowOfTheSword+1","FrontalAssault","GoinFirst+1","FleetFootsteps+1","HighKick+1","BiAn","Wallop_lor+1","FierceOnslaught+1"],"picked":"HiddenBlade+1","floor":47},{"not_picked":["BlazingStrike+1","EnergyStrike+1","SearingSword+1","EndlessBattle+1","Riposte+1","Rewind+1","Slice_lor+1","CircusKnives+1","HandleRequest+1","ShockRound+1"],"picked":"CombatPreparation+1","floor":48}],"player_experience":169141,"relics_obtained":[{"floor":1,"key":"SynthV:TestCard"},{"floor":1,"key":"LetterFromLob"},{"floor":6,"key":"infinitespire:Eraser"},{"floor":9,"key":"Meat on the Bone"},{"floor":11,"key":"PageOfLumberjack"},{"floor":13,"key":"PageOfMountain"},{"floor":23,"key":"Happy Flower"},{"floor":25,"key":"reliquary:Firecrackers"},{"floor":26,"key":"Molten Egg 2"},{"floor":30,"key":"MealTicket"},{"floor":40,"key":"Blue Doll"},{"floor":43,"key":"Boot"},{"floor":46,"key":"Potion Belt"}],"event_choices":[{"damage_healed":0,"gold_gain":30,"player_choice":"Searched \u00272\u0027 times","damage_taken":0,"max_hp_gain":0,"max_hp_loss":0,"event_name":"Dead Adventurer","floor":8,"gold_loss":0},{"cards_removed":["Unlock1"],"damage_healed":0,"gold_gain":0,"player_choice":"Removed Attack","damage_taken":0,"max_hp_gain":0,"max_hp_loss":0,"event_name":"Falling","floor":36,"gold_loss":0},{"damage_healed":0,"gold_gain":0,"player_choice":"Gave Potion","damage_taken":0,"relics_obtained":["reliquary:TatteredRug"],"max_hp_gain":0,"max_hp_loss":0,"event_name":"WeMeetAgain","floor":37,"gold_loss":0}],"is_beta":false,"boss_relics":[{"not_picked":["Ring of Chaos","SlaversCollar"],"picked":"reliquary:WritOfMandamus"},{"not_picked":["Replay:Wanted Poster","Replay:Ancient Bell"],"picked":"JellyFishMachine"}],"items_purged_floors":[5],"is_endless":false,"potions_floor_spawned":[2,3,6,13,19,21,22,30,33,42,44,45],"ascension_level":3}}