{"host":"jsd6g3c2vo13e69c","time":1614264520,"event":{"mods":["2.2 Compatiblity","Act Like it!","BaseMod","Better Altar","Better Match","Better Note","Better Sensory Stone","Better Third Choice","BetterRewards","Colored Map","Colored Powertips","Downfall","Friendly Minions","GifTheSpireLib","Googly Eyes","Gremlin Mod","Hermit","Hubris","Infinite Spire","Melee Mod","Minty Spire (QoL Compilation)","Permanent Neow","Quick Restart","Random Character Button","Replay The Spire","Shop Mod","Spire Arcade","StSLib","The Cursed","The Disciple","The Forsaken","thorton"],"gold_per_floor":[99,99,118,131,144,594,673,698,713,713,713,713,729,740,740,740,740],"floor_reached":16,"language":"ENG","playtime":759,"items_purged":[],"score":102,"play_id":"7938f225-73e9-4708-ac29-cea2a77d1d2b","local_time":"20210225094840","is_ascension_mode":false,"campfire_choices":[{"data":"Guardian:StasisStrike","floor":1,"key":"SMITH"},{"floor":10,"key":"REST"},{"data":"Guardian:Recover","floor":13,"key":"SMITH"}],"circlet_count":0,"master_deck":["Guardian:Strike_Guardian","Guardian:Strike_Guardian","Guardian:Strike_Guardian","Guardian:Strike_Guardian","Guardian:Defend_Guardian","Guardian:Defend_Guardian","Guardian:Defend_Guardian","Guardian:Defend_Guardian","Guardian:CurlUp","Guardian:TwinSlam","Guardian:StasisStrike+1","Guardian:Recover+1","Guardian:DecasProtection+1","downfall:Icky","downfall:Icky","downfall:Icky","Guardian:GatlingBeam","Guardian:StasisField","Guardian:GuardianWhirl"],"relics":["Guardian:ModeShifter","hubris:Icosahedron","Pear","hubris:Teleporter"],"acts_visited":["Exordium"],"potions_floor_usage":[14,16,16],"damage_taken":[{"damage":13,"enemies":"2 Louse","floor":3,"turns":3},{"damage":0,"enemies":"Small Slimes","floor":4,"turns":2},{"damage":1,"enemies":"Jaw Worm","floor":5,"turns":5},{"damage":35,"enemies":"Lagavulin","floor":8,"turns":11},{"damage":11,"enemies":"Blue Slaver","floor":9,"turns":4},{"damage":0,"enemies":"Large Slime","floor":14,"turns":5},{"damage":5,"enemies":"2 Fungi Beasts","floor":15,"turns":5},{"damage":32,"enemies":"DF_ARCHETYPE_STREAMLINE","floor":16,"turns":6}],"seed_played":"6106127993964375090","potions_obtained":[{"floor":4,"key":"champ:CounterPotion"},{"floor":9,"key":"Fire Potion"},{"floor":14,"key":"AttackPotion"}],"is_trial":false,"path_per_floor":["R_BF","?","M","M","M","?","T","E","M","R","?","R","M","M","B"],"character_chosen":"GUARDIAN","items_purchased":[],"campfire_rested":1,"item_purchase_floors":[],"current_hp_per_floor":[56,56,43,43,42,42,52,17,6,33,33,33,33,28,0,0,0],"gold":740,"neow_bonus":"THREE_RARE_CARDS","is_daily":false,"chose_seed":false,"campfire_upgraded":2,"win_rate":0.0,"timestamp":1614264520,"path_taken":["R_BF","?","M","M","M","?","T","E","M","R","?","R","M","M","BOSS"],"items_purchased_type":[],"build_version":"2020-12-22","purchased_purges":0,"victory":false,"max_hp_per_floor":[80,80,80,80,80,80,90,90,90,90,90,90,90,90,90,90,90],"card_choices":[{"not_picked":["Guardian:FastForward","Guardian:StasisField"],"picked":"Guardian:StasisStrike","floor":0},{"not_picked":["Guardian:CrystalBeam","Guardian:Gem_Green","Guardian:ShieldCharger"],"picked":"SKIP","floor":3},{"not_picked":["Guardian:TimeCapacitor","Guardian:Gem_Lightblue"],"picked":"Guardian:Recover","floor":4},{"not_picked":["Guardian:TimeBomb","Guardian:Preprogram"],"picked":"Guardian:DecasProtection","floor":5},{"not_picked":["Guardian:ShieldSpikes","Guardian:WalkerClaw"],"picked":"Guardian:GatlingBeam","floor":8},{"not_picked":["Guardian:Incinerate","Guardian:Gem_Green","Guardian:ShieldCharger"],"picked":"SKIP","floor":9},{"not_picked":["Guardian:WalkerClaw","Guardian:PrismaticBarrier"],"picked":"Guardian:StasisField","floor":14},{"not_picked":["Guardian:Planning","Guardian:Incinerate"],"picked":"Guardian:GuardianWhirl","floor":15}],"player_experience":464927,"relics_obtained":[{"floor":7,"key":"Pear"},{"floor":8,"key":"hubris:Teleporter"}],"event_choices":[],"is_beta":false,"boss_relics":[],"items_purged_floors":[],"is_endless":false,"potions_floor_spawned":[4,9,14],"killed_by":"DF_ARCHETYPE_STREAMLINE","ascension_level":0}}