{"host":"gcjbq24aew6ut89u","time":1614241985,"event":{"mods":["BaseMod","Colored Powertips","Highlight Path","KomeijiMod","Lobotomy","Marisa£®ÏF”Í°°ƒß¿Ì…≥£©","Minty Spire (QoL Compilation)","Replay The Spire","Shop Mod","StSLib","The Jungle","Waifu the Spire"],"gold_per_floor":[118,118,118,138,138,138,157,157,212,261,261,39,39,78,78,185,185,206,206,56,56,76,76,103,103,151,194,194,217,236,261,261,369,369,388,388,406,455,512,512,552,552,552,297,297,313,12,46,46,56,56,56,56,103,107],"floor_reached":56,"language":"ZHS","playtime":3392,"items_purged":["Strike_P","Strike_P"],"score":1223,"play_id":"a604d2a8-974e-408a-9908-6a895a464206","local_time":"20210225163305","is_ascension_mode":true,"campfire_choices":[{"floor":6.0,"key":"DIG"},{"floor":8.0,"key":"DIG"},{"floor":11.0,"key":"DIG"},{"floor":13.0,"key":"DIG"},{"floor":15.0,"key":"DIG"},{"floor":23.0,"key":"DIG"},{"floor":25.0,"key":"DIG"},{"floor":28.0,"key":"DIG"},{"floor":40.0,"key":"DIG"},{"floor":42.0,"key":"RECALL"},{"floor":45.0,"key":"DIG"},{"floor":49.0,"key":"DIG"},{"data":"Ghostly","floor":52.0,"key":"SMITH"}],"circlet_count":0,"master_deck":["Strike_P","Strike_P","Defend_P","Defend_P","Defend_P","Defend_P","Eruption","Vigilance","Swivel+1","CarveReality","BattleHymn","WreathOfFlame+1","Perseverance","ConjureBlade+1","DevaForm+1","Ghostly","Ghostly+1","Ghostly+1","Ghostly+1","Ghostly","Ghostly","SpiritShield"],"relics":["PureWater","Shovel","Sundial","MealTicket","ReplayTheSpireMod:Lightbulb","Replay:Bandana","Akabeko","Omamori","Replay:WaspNest","Kunai","War Paint","Replay:Grab Bag","Busted Crown","Cursed Key","Ring of Chaos","Guide Book","Anchor","HoshigumaDish","Damaru","Oddly Smooth Stone","VioletLotus","Torii","CatCart","Meat on the Bone","Onion Ring","Replay:Wax Seal","Centennial Puzzle","ShirouKen","Ancient Tea Set","OrangePellets","Durian","Happy Flower","Eternal Feather"],"acts_visited":["Exordium","TheCity","TheBeyond","TheEnding"],"potions_floor_usage":[55,55,55],"damage_taken":[{"damage":0.0,"enemies":"2 Louse","floor":1.0,"turns":2.0},{"damage":11.0,"enemies":"Small Slimes","floor":4.0,"turns":3.0},{"damage":0.0,"enemies":"Cultist","floor":7.0,"turns":2.0},{"damage":23.0,"enemies":"Gremlin Nob","floor":14.0,"turns":4.0},{"damage":23.0,"enemies":"Hexaghost","floor":16.0,"turns":9.0},{"damage":1.0,"enemies":"Chosen","floor":18.0,"turns":4.0},{"damage":0.0,"enemies":"2 Thieves","floor":22.0,"turns":4.0},{"damage":3.0,"enemies":"Shelled Parasite and Fungi","floor":24.0,"turns":3.0},{"damage":4.0,"enemies":"Gremlin Leader","floor":27.0,"turns":6.0},{"damage":1.0,"enemies":"Snecko","floor":29.0,"turns":5.0},{"damage":9.0,"enemies":"Cultist and Chosen","floor":30.0,"turns":8.0},{"damage":0.0,"enemies":"Snake Plant","floor":31.0,"turns":5.0},{"damage":0.0,"enemies":"Champ","floor":33.0,"turns":10.0},{"damage":1.0,"enemies":"3 Darklings","floor":35.0,"turns":8.0},{"damage":3.0,"enemies":"3 Shapes","floor":37.0,"turns":6.0},{"damage":2.0,"enemies":"2 Orb Walkers","floor":38.0,"turns":6.0},{"damage":3.0,"enemies":"Orin","floor":39.0,"turns":11.0},{"damage":2.0,"enemies":"Giant Head","floor":41.0,"turns":8.0},{"damage":1.0,"enemies":"Maw","floor":46.0,"turns":6.0},{"damage":3.0,"enemies":"Reptomancer","floor":48.0,"turns":6.0},{"damage":0.0,"enemies":"Replay:Hell Engine","floor":50.0,"turns":8.0},{"damage":0,"enemies":"Shield and Spear","floor":54,"turns":8},{"damage":35,"enemies":"The Heart","floor":55,"turns":14}],"seed_played":"-7994470380927651275","potions_obtained":[{"floor":4.0,"key":"BottledMiracle"},{"floor":7.0,"key":"Reflective Coating"},{"floor":10.0,"key":"Doom Potion"},{"floor":16.0,"key":"BottledMiracle"},{"floor":39.0,"key":"GamblersBrew"},{"floor":41.0,"key":"SkillPotion"}],"is_trial":false,"path_per_floor":["M","?","?","M","?","R","M","R","T","?","R","$","R","E","R","B",null,"M","?","$","?","M","R","M","R","T","E","R","M","M","M","R","B",null,"M","?","M","?","?","R","E","R","T","$","R","M","$","E","R","B",null,"R","$","E","B",null],"character_chosen":"WATCHER","items_purchased":["Omamori","Guide Book","Centennial Puzzle","Ancient Tea Set","OrangePellets"],"campfire_rested":0,"item_purchase_floors":[12,20,44,47,47],"current_hp_per_floor":[65,65,70,59,70,70,70,70,70,53,53,68,68,45,45,22,70,69,35,35,35,35,35,32,32,32,28,28,27,18,18,28,28,35,34,34,31,29,26,26,24,24,24,35,35,34,35,37,37,37,40,40,40,40,17],"gold":107,"neow_bonus":"ONE_RARE_RELIC","is_daily":false,"chose_seed":false,"campfire_upgraded":1,"win_rate":0.0,"timestamp":1614241985,"path_taken":["M","?","?","M","?","R","M","R","T","?","R","$","R","E","R","BOSS","M","?","$","?","?","R","M","R","T","E","R","M","M","M","R","BOSS","M","?","?","?","?","R","E","R","T","?","R","M","$","E","R","BOSS","R","$","E","BOSS"],"items_purchased_type":["Relic","Relic","Relic","Relic","Relic"],"build_version":"2020-12-22","purchased_purges":2,"victory":true,"max_hp_per_floor":[65,65,70,70,70,70,70,70,70,70,70,70,70,70,70,70,70,70,35,35,35,35,35,35,35,35,35,35,35,35,35,35,35,35,35,35,35,35,35,35,35,35,35,35,35,35,35,40,40,40,40,40,40,40,40],"card_choices":[{"not_picked":["EmptyFist","Meditate"],"picked":"Swivel","floor":1.0},{"not_picked":["Crescendo","Replay:Battleflow"],"picked":"CarveReality","floor":4.0},{"not_picked":["JustLucky","Worship"],"picked":"BattleHymn","floor":7.0},{"not_picked":["Crescendo","Prostrate"],"picked":"WreathOfFlame","floor":10.0},{"not_picked":["ThirdEye","Crescendo"],"picked":"Perseverance","floor":10.0},{"not_picked":["FollowUp","Replay:ManipulateFuture"],"picked":"ConjureBlade","floor":14.0},{"not_picked":["Brilliance","Scrawl"],"picked":"DevaForm","floor":16.0},{"not_picked":["WindmillStrike+1"],"picked":"SKIP","floor":18.0},{"not_picked":["CrushJoints"],"picked":"SKIP","floor":22.0},{"not_picked":["FollowUp+1"],"picked":"SKIP","floor":24.0},{"not_picked":["ForeignInfluence+1"],"picked":"SKIP","floor":27.0},{"not_picked":["PathToVictory"],"picked":"SKIP","floor":29.0},{"not_picked":["EmptyFist"],"picked":"SKIP","floor":30.0},{"not_picked":["ThirdEye"],"picked":"SKIP","floor":31.0},{"not_picked":[],"picked":"SpiritShield","floor":33.0},{"not_picked":["Evaluate"],"picked":"SKIP","floor":35.0},{"not_picked":["JustLucky+1"],"picked":"SKIP","floor":37.0},{"not_picked":["DeusExMachina"],"picked":"SKIP","floor":41.0},{"not_picked":["CrushJoints"],"picked":"SKIP","floor":46.0},{"not_picked":["CrushJoints"],"picked":"SKIP","floor":48.0},{"not_picked":["FlyingSleeves"],"picked":"SKIP","floor":54}],"player_experience":69415,"relics_obtained":[{"floor":6.0,"key":"Sundial"},{"floor":8.0,"key":"MealTicket"},{"floor":9.0,"key":"ReplayTheSpireMod:Lightbulb"},{"floor":10.0,"key":"Replay:Bandana"},{"floor":11.0,"key":"Akabeko"},{"floor":13.0,"key":"Replay:WaspNest"},{"floor":14.0,"key":"Kunai"},{"floor":15.0,"key":"War Paint"},{"floor":23.0,"key":"Anchor"},{"floor":25.0,"key":"HoshigumaDish"},{"floor":27.0,"key":"Damaru"},{"floor":28.0,"key":"Oddly Smooth Stone"},{"floor":38.0,"key":"Torii"},{"floor":39.0,"key":"CatCart"},{"floor":40.0,"key":"Meat on the Bone"},{"floor":41.0,"key":"Onion Ring"},{"floor":43.0,"key":"Replay:Wax Seal"},{"floor":45.0,"key":"ShirouKen"},{"floor":48.0,"key":"Durian"},{"floor":49.0,"key":"Happy Flower"},{"floor":54,"key":"Eternal Feather"}],"event_choices":[{"damage_healed":0.0,"max_hp_gain":0.0,"max_hp_loss":0.0,"gold_gain":0.0,"event_name":"Liars Game","player_choice":"Ignored","floor":2.0,"gold_loss":0.0,"damage_taken":0.0},{"damage_healed":0.0,"max_hp_gain":5.0,"max_hp_loss":0.0,"gold_gain":0.0,"event_name":"Big Fish","player_choice":"Donut","floor":3.0,"gold_loss":0.0,"damage_taken":0.0},{"damage_healed":0.0,"max_hp_gain":0.0,"max_hp_loss":35.0,"gold_gain":0.0,"event_name":"Ghosts","player_choice":"Became a Ghost","floor":19.0,"gold_loss":0.0,"damage_taken":0.0,"cards_obtained":["Ghostly","Ghostly","Ghostly","Ghostly","Ghostly"]},{"damage_healed":0.0,"max_hp_gain":0.0,"max_hp_loss":0.0,"gold_gain":0.0,"event_name":"Duplicator","player_choice":"Copied","floor":21.0,"gold_loss":0.0,"damage_taken":0.0,"cards_obtained":["Ghostly"]},{"damage_healed":0.0,"max_hp_gain":0.0,"max_hp_loss":0.0,"gold_gain":0.0,"event_name":"Upgrade Shrine","player_choice":"Upgraded","floor":36.0,"gold_loss":0.0,"damage_taken":0.0,"cards_upgraded":["Ghostly"]},{"damage_healed":0.0,"max_hp_gain":0.0,"max_hp_loss":0.0,"gold_gain":0.0,"event_name":"Mysterious Sphere","player_choice":"Fight","floor":38.0,"gold_loss":0.0,"damage_taken":0.0},{"damage_healed":0.0,"max_hp_gain":0.0,"max_hp_loss":0.0,"gold_gain":0.0,"event_name":"OrinTheCat","player_choice":"Fight","floor":39.0,"gold_loss":0.0,"damage_taken":0.0}],"is_beta":false,"boss_relics":[{"not_picked":["Replay:Fungal Core","Abe\u0027s Treasure"],"picked":"Replay:Grab Bag"},{"not_picked":["ChewingGum","Fusion Hammer"],"picked":"Busted Crown"},{"not_picked":["Runic Dome","Philosopher\u0027s Stone"],"picked":"Cursed Key"},{"not_picked":["Honey Jar","Empty Cage"],"picked":"Ring of Chaos"},{"not_picked":["Replay:Bronze Core","Replay:Drink Me"],"picked":"VioletLotus"}],"items_purged_floors":[12,44],"is_endless":false,"potions_floor_spawned":[4,7,16,22,27,33,37,39,41],"ascension_level":2}}