{"host":"qp7xs8nuzfsyommi","time":1614259414,"event":{"mods":["2.2 Compatiblity","BaseMod","Colored Powertips","DeckTracker","Highlight Path","Minty Spire (QoL Compilation)","Permanent Neow","Quick Restart","StSLib","Weighted Paths"],"gold_per_floor":[111,111,126,143,156,188,188,188,214,228,263,263,293,218,218,289,289,305,305,320,331,5,36,36,36,36,55,55,87,97,131,131,206,206,226,70,88,99,117,149,149,149,149,149,149,149,38,38,38,38,38],"floor_reached":50,"language":"ENG","playtime":2502,"items_purged":["Dualcast"],"score":1421,"play_id":"5241d60d-2b21-4a54-a991-2490788907ee","local_time":"20210225082334","is_ascension_mode":true,"campfire_choices":[{"data":"Buffer","floor":7.0,"key":"SMITH"},{"data":"Hyperbeam","floor":12.0,"key":"SMITH"},{"data":"Self Repair","floor":15.0,"key":"SMITH"},{"data":"Turbo","floor":24.0,"key":"SMITH"},{"floor":28.0,"key":"REST"},{"floor":32.0,"key":"REST"},{"data":"1","floor":42,"key":"LIFT"},{"floor":44,"key":"RECALL"},{"data":"2","floor":46,"key":"LIFT"},{"floor":49,"key":"REST"}],"circlet_count":0,"master_deck":["AscendersBane","Defend_B+1","Defend_B+1","Defend_B","BootSequence+1","Hyperbeam+1","Recycle+1","Buffer+1","Undo","Rebound","Machine Learning","Self Repair+1","Hyperbeam+1","Seek","Madness","Turbo+1","Go for the Eyes","Conserve Battery","Beam Cell","Hyperbeam","Buffer","Impatience","Undo","Double Energy"],"relics":["Astrolabe","War Paint","Dream Catcher","Smiling Mask","Omamori","Philosopher\u0027s Stone","StoneCalendar","Mango","Art of War","White Beast Statue","Calling Bell","Nunchaku","Mummified Hand","Girya","Question Card","Bottled Lightning","Pantograph"],"acts_visited":["Exordium","TheCity","TheBeyond"],"potions_floor_usage":[40,50],"damage_taken":[{"damage":2.0,"enemies":"Jaw Worm","floor":1.0,"turns":3.0},{"damage":7.0,"enemies":"Cultist","floor":3.0,"turns":4.0},{"damage":0.0,"enemies":"Small Slimes","floor":4.0,"turns":2.0},{"damage":0.0,"enemies":"Blue Slaver","floor":5.0,"turns":5.0},{"damage":0.0,"enemies":"Lagavulin","floor":6.0,"turns":7.0},{"damage":0.0,"enemies":"Red Slaver","floor":10.0,"turns":4.0},{"damage":2.0,"enemies":"3 Sentries","floor":11.0,"turns":7.0},{"damage":8.0,"enemies":"Gremlin Nob","floor":13.0,"turns":4.0},{"damage":0.0,"enemies":"Slime Boss","floor":16.0,"turns":8.0},{"damage":0.0,"enemies":"2 Thieves","floor":18.0,"turns":3.0},{"damage":5.0,"enemies":"Shell Parasite","floor":20.0,"turns":4.0},{"damage":21.0,"enemies":"Shelled Parasite and Fungi","floor":21.0,"turns":7.0},{"damage":22.0,"enemies":"Book of Stabbing","floor":23.0,"turns":4.0},{"damage":0.0,"enemies":"Centurion and Healer","floor":27.0,"turns":5.0},{"damage":0.0,"enemies":"Slavers","floor":29.0,"turns":1.0},{"damage":0.0,"enemies":"Snecko","floor":30.0,"turns":4.0},{"damage":53.0,"enemies":"Book of Stabbing","floor":31.0,"turns":7.0},{"damage":0.0,"enemies":"Automaton","floor":33.0,"turns":7.0},{"damage":0.0,"enemies":"3 Darklings","floor":35.0,"turns":4.0},{"damage":4.0,"enemies":"3 Shapes","floor":37.0,"turns":2.0},{"damage":0.0,"enemies":"Writhing Mass","floor":38.0,"turns":5.0},{"damage":48.0,"enemies":"Spire Growth","floor":39.0,"turns":6.0},{"damage":17,"enemies":"Reptomancer","floor":40,"turns":5},{"damage":139,"enemies":"Time Eater","floor":50,"turns":13}],"seed_played":"-9144703470393676432","potions_obtained":[{"floor":1.0,"key":"Fire Potion"},{"floor":4.0,"key":"Energy Potion"},{"floor":13.0,"key":"GamblersBrew"},{"floor":20.0,"key":"AttackPotion"},{"floor":23.0,"key":"GamblersBrew"},{"floor":29.0,"key":"Block Potion"},{"floor":30.0,"key":"DuplicationPotion"},{"floor":31.0,"key":"Block Potion"},{"floor":33.0,"key":"Energy Potion"},{"floor":35.0,"key":"CultistPotion"},{"floor":38.0,"key":"CultistPotion"},{"floor":39.0,"key":"FearPotion"},{"floor":40,"key":"Energy Potion"}],"is_trial":false,"path_per_floor":["M","?","M","M","M","E","R","?","T","M","E","R","E","?","R","B",null,"M","?","M","M","$","E","R","?","T","M","R","E","M","E","R","B",null,"M","$","M","M","M","E","?","R","T","R","T","R","$","?","R","B"],"character_chosen":"DEFECT","items_purchased":["StoneCalendar","Impatience","FairyPotion"],"campfire_rested":3,"item_purchase_floors":[22,36,47],"current_hp_per_floor":[62,62,55,55,55,55,55,55,55,55,60,60,59,59,59,69,71,71,59,64,53,53,55,55,30,30,40,67,67,77,34,61,71,85,90,90,86,90,52,45,45,45,45,45,45,45,45,45,72,0,0],"gold":38,"neow_bonus":"BOSS_RELIC","is_daily":false,"chose_seed":false,"campfire_upgraded":4,"win_rate":0.0,"timestamp":1614259414,"path_taken":["M","?","?","M","M","E","R","?","T","M","E","R","E","?","R","BOSS","M","?","?","M","$","E","R","?","T","M","R","E","M","E","R","BOSS","M","$","M","M","M","E","?","R","T","R","?","R","?","?","R","BOSS"],"items_purchased_type":["Relic","Card","Potion"],"build_version":"2020-12-22","purchased_purges":1,"victory":false,"max_hp_per_floor":[71,71,71,71,71,71,71,71,71,71,71,71,71,71,71,71,71,71,71,71,71,71,85,85,90,90,90,90,90,90,90,90,90,90,90,90,90,90,90,90,90,90,90,90,90,90,90,90,90,90,90],"card_choices":[{"not_picked":["Barrage","Leap","Rebound"],"picked":"SKIP","floor":1.0},{"not_picked":["Go for the Eyes","Capacitor"],"picked":"Buffer","floor":3.0},{"not_picked":["Sweeping Beam","Conserve Battery"],"picked":"Undo","floor":4.0},{"not_picked":["Capacitor","Loop"],"picked":"Rebound","floor":5.0},{"not_picked":["Scrape","Sweeping Beam","Steam Power"],"picked":"SKIP","floor":6.0},{"not_picked":["Rainbow","Go for the Eyes"],"picked":"Self Repair","floor":10.0},{"not_picked":["Doom and Gloom","Double Energy"],"picked":"Hyperbeam","floor":11.0},{"not_picked":["BootSequence","Ball Lightning","Blizzard"],"picked":"SKIP","floor":13.0},{"not_picked":["Rainbow","Multi-Cast"],"picked":"Seek","floor":16.0},{"not_picked":["Leap","Storm","Chill"],"picked":"SKIP","floor":18.0},{"not_picked":["Force Field","Lockon"],"picked":"Turbo","floor":20.0},{"not_picked":["Steam","Lockon"],"picked":"Go for the Eyes","floor":21.0},{"not_picked":["Sweeping Beam+1","Coolheaded"],"picked":"Conserve Battery","floor":23.0},{"not_picked":["Steam","Rebound","Compile Driver"],"picked":"SKIP","floor":27.0},{"not_picked":["Cold Snap","Sweeping Beam"],"picked":"Beam Cell","floor":28.0},{"not_picked":["Conserve Battery","Loop","Compile Driver+1"],"picked":"SKIP","floor":29.0},{"not_picked":["Sweeping Beam","Coolheaded","Genetic Algorithm+1"],"picked":"SKIP","floor":30.0},{"not_picked":["Static Discharge+1","Compile Driver","Loop"],"picked":"SKIP","floor":31.0},{"not_picked":["Recycle","Streamline"],"picked":"Hyperbeam","floor":32.0},{"not_picked":["Multi-Cast","Core Surge"],"picked":"Buffer","floor":33.0},{"not_picked":["Steam","Compile Driver","Consume"],"picked":"SKIP","floor":35.0},{"not_picked":["Coolheaded","Beam Cell","Redo"],"picked":"SKIP","floor":37.0},{"not_picked":["Storm","Go for the Eyes","Cold Snap+1"],"picked":"SKIP","floor":38.0},{"not_picked":["Leap","Coolheaded","Sweeping Beam"],"picked":"SKIP","floor":39.0},{"not_picked":["Darkness+1","Hyperbeam"],"picked":"Undo","floor":40},{"not_picked":["Steam","Rebound","Steam Power"],"picked":"Double Energy","floor":49}],"player_experience":1515881,"relics_obtained":[{"floor":6.0,"key":"War Paint"},{"floor":9.0,"key":"Dream Catcher"},{"floor":11.0,"key":"Smiling Mask"},{"floor":13.0,"key":"Omamori"},{"floor":23.0,"key":"Mango"},{"floor":29.0,"key":"Art of War"},{"floor":31.0,"key":"White Beast Statue"},{"floor":34.0,"key":"Nunchaku"},{"floor":34.0,"key":"Mummified Hand"},{"floor":34.0,"key":"Girya"},{"floor":40,"key":"Question Card"},{"floor":43,"key":"Bottled Lightning"},{"floor":45,"key":"Pantograph"}],"event_choices":[{"damage_healed":0.0,"max_hp_gain":0.0,"max_hp_loss":0.0,"gold_gain":0.0,"event_name":"Upgrade Shrine","player_choice":"Upgraded","floor":2.0,"gold_loss":0.0,"damage_taken":0.0,"cards_upgraded":["Defend_B"]},{"damage_healed":0.0,"max_hp_gain":0.0,"max_hp_loss":0.0,"gold_gain":0.0,"cards_transformed":["Zap"],"event_name":"Living Wall","player_choice":"Change","floor":8.0,"gold_loss":0.0,"damage_taken":0.0,"cards_obtained":["Machine Learning"]},{"cards_removed":["Strike_B"],"damage_healed":0.0,"max_hp_gain":0.0,"max_hp_loss":0.0,"gold_gain":0.0,"event_name":"The Cleric","player_choice":"Card Removal","floor":14.0,"gold_loss":75.0,"damage_taken":0.0},{"damage_healed":0.0,"max_hp_gain":0.0,"max_hp_loss":0.0,"gold_gain":0.0,"event_name":"Knowing Skull","player_choice":"CARD ","floor":19.0,"potions_obtained":[],"gold_loss":0.0,"damage_taken":12.0,"cards_obtained":["Madness"]},{"damage_healed":0.0,"max_hp_gain":5.0,"max_hp_loss":0.0,"gold_gain":0.0,"event_name":"Forgotten Altar","player_choice":"Shed Blood","floor":25.0,"gold_loss":0.0,"damage_taken":30.0},{"damage_healed":0,"gold_gain":0,"player_choice":"Ignored","damage_taken":0,"max_hp_gain":0,"max_hp_loss":0,"event_name":"Tomb of Lord Red Mask","floor":41,"gold_loss":0},{"cards_removed":["Defend_B"],"damage_healed":0,"gold_gain":0,"player_choice":"Removed Skill","damage_taken":0,"max_hp_gain":0,"max_hp_loss":0,"event_name":"Falling","floor":48,"gold_loss":0}],"is_beta":false,"boss_relics":[{"not_picked":["Ectoplasm","Fusion Hammer"],"picked":"Philosopher\u0027s Stone"},{"not_picked":["Sozu","Velvet Choker"],"picked":"Calling Bell"}],"items_purged_floors":[36],"is_endless":false,"potions_floor_spawned":[1,4,6,13,20,23,29,30,31,33,35,37,38,39,40],"killed_by":"Time Eater","ascension_level":20}}