{"host":"feffzurv61v3a0s2","time":1614241652,"event":{"mods":["2.2 Compatiblity","BaseMod","Bestiary","Colored Map","Colored Powertips","Dark Map","Downfall","Hermit","Highlight Path","Minty Spire (QoL Compilation)","Quick Restart","Random Character Button","Random Character Mod","Rare Cards Sparkle","Relic Stats","StSLib","Synergy Search","The Cursed","The Disciple","The Hierophant","The Runesmith"],"gold_per_floor":[99,99,199,349,349,349,376,410,426,439,500,400,413,413,424,524,524,524,544,560,595,2,102,129,140,155,172,172,107,107,107,107],"floor_reached":30,"language":"ENG","playtime":7132,"items_purged":["downfall:Icky","downfall:Aged"],"score":255,"play_id":"36834706-f25b-47f6-9635-687ad59ec52f","local_time":"20210225002732","is_ascension_mode":false,"campfire_choices":[{"data":"sneckomod:Unknown","floor":1.0,"key":"SMITH"},{"data":"sneckomod:Nope","floor":6.0,"key":"SMITH"},{"data":"sneckomod:UnknownUncommonAttack","floor":12.0,"key":"SMITH"},{"data":"sneckomod:UnlimitedRolls","floor":18.0,"key":"SMITH"}],"circlet_count":0,"master_deck":["Lento","sneckomod:Strike","sneckomod:Strike","sneckomod:Strike","sneckomod:Defend","sneckomod:Defend","sneckomod:Defend","sneckomod:TailWhip","sneckomod:SnekBite","sneckomod:Unknown+1","sneckomod:Unknown","sneckomod:Nope+1","sneckomod:UnknownUncommonPower","sneckomod:UnknownWeak","sneckomod:SerpentIdol","sneckomod:UnknownUncommonAttack+1","sneckomod:SoulDraw","sneckomod:UnknownClassCHRONO_GOLD","sneckomod:UnknownRarePower","sneckomod:UnknownClassDEFAULT_GRAY_COLOR","sneckomod:UnlimitedRolls+1","sneckomod:QuickBite","sneckomod:UnknownX+1","sneckomod:UnknownUncommonSkill","sneckomod:UnknownVulnerable+1","sneckomod:Nope","sneckomod:DiceCrush","sneckomod:UnknownUncommonPower","sneckomod:Nope+1","sneckomod:UnknownUncommonSkill+1","Lento","sneckomod:WideSting+1","sneckomod:SnekBeam"],"relics":["sneckomod:SneckoSoul","downfall:HeartsMalice","Orichalcum","Juzu Bracelet","Smiling Mask","downfall:HeartBlessingGreen","downfall:ExtraCursedKey","Runic Dome","Bottled Tornado","Omamori","Blood Vial"],"acts_visited":["Exordium","TheCity"],"potions_floor_usage":[22,22,22,26],"damage_taken":[{"damage":0.0,"enemies":"Jaw Worm","floor":2.0,"turns":1.0},{"damage":0.0,"enemies":"2 Louse","floor":5.0,"turns":1.0},{"damage":0.0,"enemies":"Lagavulin","floor":8.0,"turns":1.0},{"damage":0.0,"enemies":"Small Slimes","floor":9.0,"turns":3.0},{"damage":0.0,"enemies":"Exordium Wildlife","floor":10.0,"turns":3.0},{"damage":28.0,"enemies":"3 Sentries","floor":11.0,"turns":7.0},{"damage":0.0,"enemies":"Gremlin Gang","floor":13.0,"turns":5.0},{"damage":1.0,"enemies":"Red Slaver","floor":15.0,"turns":3.0},{"damage":43.0,"enemies":"WA_ARCHETYPE_RETAIN","floor":16.0,"turns":8.0},{"damage":20.0,"enemies":"3 Byrds","floor":19.0,"turns":5.0},{"damage":29.0,"enemies":"Spheric Guardian","floor":20.0,"turns":6.0},{"damage":0,"enemies":"3 Cultists","floor":21,"turns":6},{"damage":4,"enemies":"downfall:FleeingMerchant","floor":22,"turns":4},{"damage":26,"enemies":"Shelled Parasite and Fungi","floor":25,"turns":7},{"damage":35,"enemies":"Sentry and Sphere","floor":26,"turns":6},{"damage":1,"enemies":"Centurion and Healer","floor":27,"turns":5},{"damage":0,"enemies":"downfall:FleeingMerchant","floor":29,"turns":4},{"damage":18,"enemies":"Slavers","floor":30,"turns":1}],"seed_played":"-7911691198542236639","potions_obtained":[{"floor":10.0,"key":"Block Potion"},{"floor":11.0,"key":"PowerPotion"},{"floor":15.0,"key":"Fire Potion"},{"floor":16.0,"key":"Fire Potion"},{"floor":20.0,"key":"SneckoOil"},{"floor":21,"key":"hexamod:SoulburnPotion"},{"floor":25,"key":"Regen Potion"}],"is_trial":false,"path_per_floor":["R","M","?","?","M","R","T","E","M","M","?","R","M","?","M","B",null,"R","M","M","M","$","?","T","M","M","M","?","$","E"],"character_chosen":"THE_SNECKO","items_purchased":["Bottled Tornado","sneckomod:Nope","sneckomod:DiceCrush","Omamori","sneckomod:UnknownUncommonPower"],"campfire_rested":0,"item_purchase_floors":[22,22,22,22,22],"current_hp_per_floor":[90,90,90,90,90,90,90,90,90,90,62,62,62,62,61,33,90,90,70,41,41,37,37,37,23,5,6,6,8,0,0,0],"gold":107,"neow_bonus":"THREE_ENEMY_KILL","is_daily":false,"chose_seed":false,"campfire_upgraded":4,"win_rate":0.0,"timestamp":1614241652,"path_taken":["R","M","?","?","M","R","T","E","M","M","?","R","M","?","M","BOSS","R","M","M","M","$","?","T","M","M","M","?","?","E"],"items_purchased_type":["Relic","Card","Card","Relic","Card"],"build_version":"2020-12-22","purchased_purges":2,"victory":false,"max_hp_per_floor":[90,90,90,90,90,90,90,90,90,90,90,90,90,90,90,90,90,90,90,90,90,90,90,90,90,90,90,90,90,90,90,90],"relic_stats":{"Blood Vial":10,"counters":[18,73],"Juzu Bracelet":1,"Orichalcum":[102],"Smiling Mask":75,"obtain_stats":[{"Blood Vial":24,"Runic Dome":17,"downfall:HeartsMalice":0,"downfall:HeartBlessingGreen":12,"downfall:ExtraCursedKey":14,"Juzu Bracelet":8,"Omamori":22,"Orichalcum":7,"Bottled Tornado":22,"sneckomod:SneckoSoul":0,"Smiling Mask":11},{"Blood Vial":13,"Runic Dome":9,"downfall:HeartsMalice":0,"downfall:HeartBlessingGreen":6,"downfall:ExtraCursedKey":7,"Juzu Bracelet":3,"Omamori":13,"Orichalcum":2,"Bottled Tornado":13,"sneckomod:SneckoSoul":0,"Smiling Mask":5},{"Blood Vial":50,"Runic Dome":29,"downfall:HeartsMalice":0,"downfall:HeartBlessingGreen":13,"downfall:ExtraCursedKey":18,"Juzu Bracelet":0,"Omamori":50,"Orichalcum":0,"Bottled Tornado":50,"sneckomod:SneckoSoul":0,"Smiling Mask":6}]},"card_choices":[{"not_picked":["sneckomod:UnknownExhaust","sneckomod:UnknownVulnerable"],"picked":"sneckomod:Nope","floor":2.0},{"not_picked":["sneckomod:IronFang","sneckomod:QuickMove"],"picked":"sneckomod:UnknownUncommonPower","floor":5.0},{"not_picked":["sneckomod:IronFang","sneckomod:SoulDraw"],"picked":"sneckomod:UnknownWeak","floor":8.0},{"not_picked":["sneckomod:UnknownWeak","sneckomod:IronFang"],"picked":"sneckomod:SerpentIdol","floor":9.0},{"not_picked":["sneckomod:Unknown1Cost","sneckomod:UnknownUncommonPower"],"picked":"sneckomod:UnknownUncommonAttack","floor":10.0},{"not_picked":["sneckomod:IronFang","sneckomod:SoulRoll"],"picked":"sneckomod:SoulDraw","floor":11.0},{"not_picked":["sneckomod:UnknownCommonAttack","sneckomod:UnknownDraw"],"picked":"sneckomod:UnknownClassCHRONO_GOLD","floor":13.0},{"not_picked":["sneckomod:UnknownUncommonAttack","sneckomod:UnknownCommonAttack"],"picked":"sneckomod:UnknownClassDEFAULT_GRAY_COLOR","floor":15.0},{"not_picked":["sneckomod:SoulExchange","sneckomod:Unknown3Cost"],"picked":"sneckomod:UnlimitedRolls","floor":16.0},{"not_picked":["sneckomod:Unknown1Cost","sneckomod:QuickMove"],"picked":"sneckomod:QuickBite","floor":19.0},{"not_picked":["sneckomod:MasterEye","sneckomod:CheapStock"],"picked":"sneckomod:UnknownX+1","floor":20.0},{"not_picked":["sneckomod:IronFang","sneckomod:UnknownBlock"],"picked":"sneckomod:UnknownUncommonSkill","floor":21},{"not_picked":["sneckomod:Unknown0Cost","sneckomod:UnknownClassCHRONO_GOLD"],"picked":"sneckomod:UnknownVulnerable+1","floor":22},{"not_picked":["sneckomod:QuickBite","sneckomod:SnakeSap"],"picked":"sneckomod:Nope+1","floor":25},{"not_picked":["sneckomod:SoulDraw","sneckomod:UnknownClassDEFAULT_GRAY_COLOR"],"picked":"sneckomod:UnknownUncommonSkill+1","floor":26},{"not_picked":["sneckomod:UnknownDraw","sneckomod:MasterEye"],"picked":"sneckomod:WideSting","floor":27},{"not_picked":["sneckomod:UnknownWeak","sneckomod:DiceBlock"],"picked":"sneckomod:SnekBeam","floor":29}],"player_experience":141905,"relics_obtained":[{"floor":7.0,"key":"Orichalcum"},{"floor":8.0,"key":"Juzu Bracelet"},{"floor":24,"key":"Blood Vial"}],"event_choices":[{"damage_healed":0,"gold_gain":0,"player_choice":"Forge","damage_taken":0,"max_hp_gain":0,"max_hp_loss":0,"event_name":"Accursed Blacksmith","floor":28,"gold_loss":0,"cards_upgraded":["sneckomod:WideSting"]}],"is_beta":false,"boss_relics":[{"not_picked":["bronze:MakeshiftBattery","Tiny House"],"picked":"Runic Dome"}],"items_purged_floors":[22,29],"is_endless":false,"potions_floor_spawned":[10,11,15,16,20,21,25],"killed_by":"Slavers","ascension_level":0}}