{"host":"gsef4mntx4mq50d0","time":1614234944,"event":{"mods":["Act Like it!","Arknights","Aspiration","BaseMod","Block Reminder","Colored Map","Downfall","GifTheSpireLib","Hallownest","HololiveMod","Hubris","Infinite Spire","MarisaÅiñ∂âJÅ@ñÇóùçπÅj","Minty Spire (QoL Compilation)","SIMod","StSLib","The Alterego","The Bug Knight","The Exalted","The Forsaken","The Servant 0.9.4","TheSwordswoman"],"gold_per_floor":[364,378,378,397,253,253,306,322,322,322,337,357,357,370,370,370,370],"floor_reached":16,"language":"ENG","playtime":893,"items_purged":[],"score":94,"play_id":"58e4c2e0-25a6-428d-8e1e-65e5e65e8c26","local_time":"20210225163544","is_ascension_mode":false,"campfire_choices":[{"floor":6,"key":"RECALL"},{"floor":15,"key":"REST"}],"circlet_count":0,"master_deck":["HollowMod:NailStrikeStart","HollowMod:QuickDashStart","HollowMod:QuickDashStart","HollowMod:QuickDashStart","HollowMod:QuickDashStart","HollowMod:FocusHealStart","HollowMod:PogoStrike","HollowMod:InfectedCysts","HollowMod:DashSlash","Endless Agony","Dash","Masterful Stab","HollowMod:InfectedCysts","HollowMod:ShapeofUnn","HollowMod:GoodIntentions","HollowMod:AwokenDreamNail","HollowMod:DashSlash","HollowMod:MantisMark+1","HollowMod:InfectedAttack","HollowMod:DungDefenderAura","HollowMod:DoubleDash","HollowMod:InfectedCysts"],"relics":["HollowMod:VesselMask","Orrery","infinitespire:CheckeredPen"],"acts_visited":["Hallownest:Greenpath"],"potions_floor_usage":[16,16],"damage_taken":[{"damage":6,"enemies":"Hallownest:monsterHuskWarrior","floor":1,"turns":3},{"damage":9,"enemies":"Hallownest:2_MossCreeps","floor":2,"turns":7},{"damage":0,"enemies":"Hallownest:2_Baldur","floor":4,"turns":3},{"damage":0,"enemies":"Hallownest:MossCreep_and_Mosskin","floor":8,"turns":5},{"damage":7,"enemies":"Hallownest:2_Tiktiks_1_Baldur_1_Crawlid","floor":11,"turns":1},{"damage":11,"enemies":"Hallownest:1_Ooma_and_2_Uuma","floor":12,"turns":4},{"damage":31,"enemies":"Hallownest:1_Baldur_1_Crawlid_1_Warrior","floor":14,"turns":4},{"damage":65,"enemies":"Hallownest:BossHornet","floor":16,"turns":14}],"seed_played":"-4120397145030358422","potions_obtained":[{"floor":2,"key":"GamblersBrew"},{"floor":14,"key":"DistilledChaos"}],"is_trial":false,"path_per_floor":["M","M","?","M","$","R","?","M","T","?","M","M","T","M","R","B"],"character_chosen":"THE_BUGKNIGHT","items_purchased":["Orrery"],"campfire_rested":1,"item_purchase_floors":[5],"current_hp_per_floor":[58,61,61,67,67,67,67,73,73,73,66,55,55,30,52,0,0],"gold":370,"neow_bonus":"TWO_FIFTY_GOLD","is_daily":false,"chose_seed":false,"campfire_upgraded":0,"win_rate":0.0,"timestamp":1614234944,"path_taken":["M","M","?","?","$","R","?","M","T","?","M","M","?","?","R","BOSS"],"items_purchased_type":["Relic"],"build_version":"2020-12-22","purchased_purges":0,"victory":false,"max_hp_per_floor":[75,75,75,75,75,75,75,75,75,75,75,75,75,75,75,75,75],"card_choices":[{"not_picked":["HollowMod:RecoilStrike","HollowMod:QuirrelsAssistance"],"picked":"HollowMod:InfectedCysts","floor":1},{"not_picked":["HollowMod:SharpenedNail","HollowMod:WraithStrike"],"picked":"HollowMod:DashSlash","floor":2},{"not_picked":["HollowMod:FallenFury","HollowMod:PureNailStrike"],"picked":"HollowMod:InfectedCysts","floor":4},{"not_picked":["HollowMod:ChannelNail","HollowMod:NewJinnsSoul"],"picked":"HollowMod:ShapeofUnn","floor":5},{"not_picked":["HollowMod:MonarchWings","HollowMod:SiblingsShadow"],"picked":"HollowMod:GoodIntentions","floor":5},{"not_picked":["HollowMod:SharpenedShadows","HollowMod:RecoilStrike"],"picked":"HollowMod:AwokenDreamNail","floor":5},{"not_picked":["HollowMod:ShadowDash","HollowMod:NewJinnsSoul"],"picked":"HollowMod:DashSlash","floor":5},{"not_picked":["HollowMod:VengefulVoid","HollowMod:WhiteLadysBlessing"],"picked":"HollowMod:MantisMark","floor":5},{"not_picked":["HollowMod:SharpenedNail","HollowMod:ShapeofUnn"],"picked":"HollowMod:InfectedAttack","floor":8},{"not_picked":["HollowMod:NewJinnsSoul","HollowMod:CycloneSlash"],"picked":"HollowMod:DungDefenderAura","floor":11},{"not_picked":["HollowMod:QuirrelsAssistance","HollowMod:ChannelNail"],"picked":"HollowMod:DoubleDash","floor":12},{"not_picked":["HollowMod:HuntersJournal","HollowMod:VengefulVoid"],"picked":"HollowMod:InfectedCysts","floor":14}],"player_experience":187336,"relics_obtained":[{"floor":13,"key":"infinitespire:CheckeredPen"}],"event_choices":[],"is_beta":false,"boss_relics":[],"items_purged_floors":[],"is_endless":false,"potions_floor_spawned":[2,14],"killed_by":"Hallownest:BossHornet","ascension_level":0}}