{"host":"sc0o2qwpf9j16a4i","time":1614281125,"event":{"mods":["AchievementEnabler","BaseMod","BetterRewards","Block Reminder","Colored Map","Colored Powertips","Custom Start","Highlight Path","Minty Spire (QoL Compilation)","Relic Stats"],"gold_per_floor":[115,31,31,50,65,97,22,22,22,52,52,71,84,111,111,216,216,233,233,247,247,265,295,295,324,347,360,76,176,209,220,220,315,315,329,382,435,13,13,44,44,44,44,125,153,153,178,9,9,9],"floor_reached":51,"language":"ENG","playtime":1782,"items_purged":["Strike_R"],"score":1227,"play_id":"04468270-6a75-4e9e-b985-590f7978beb6","local_time":"20210225212525","daily_mods":["Specialized","ControlledChaos","Terminal"],"is_ascension_mode":false,"campfire_choices":[{"data":"Seeing Red","floor":8,"key":"SMITH"},{"data":"1","floor":15,"key":"LIFT"},{"data":"2","floor":24,"key":"LIFT"},{"data":"3","floor":32,"key":"LIFT"},{"floor":42,"key":"REST"},{"floor":46,"key":"REST"},{"floor":49,"key":"REST"}],"circlet_count":0,"master_deck":["Bash+1","Juggernaut+1","Juggernaut+1","Juggernaut+1","Juggernaut+1","Seeing Red+1","Immolate+1","Feel No Pain+1","Barricade+1","Fiend Fire+1","Impervious+1","Shrug It Off+1","Metallicize+1","Feel No Pain+1","Havoc+1","Battle Trance+1","Corruption+1","Reaper+1","Cleave+1","Demon Form+1","Intimidate+1","Heavy Blade+1","Fiend Fire+1","Blood for Blood+1","Offering+1","Spot Weakness+1","Feel No Pain+1","Entrench+1","Flame Barrier+1","Shrug It Off","Apotheosis","Mind Blast","Sadistic Nature","Fiend Fire","Havoc+1","Ghostly Armor+1"],"relics":["Burning Blood","Frozen Eye","HornCleat","Pen Nib","Charon\u0027s Ashes","Girya","Bronze Scales","Fusion Hammer","MutagenicStrength","CaptainsWheel","Tiny Chest","Happy Flower","Toolbox","StoneCalendar","Darkstone Periapt","PreservedInsect","Pandora\u0027s Box","WingedGreaves","Vajra","Membership Card","Dead Branch","Mark of the Bloom","Toy Ornithopter","Eternal Feather","Toxic Egg 2","Regal Pillow","Strawberry","Bottled Tornado"],"acts_visited":["Exordium","TheCity","TheBeyond"],"potions_floor_usage":[6,16,23,23,27,30,45,50,50],"damage_taken":[{"damage":0,"enemies":"Small Slimes","floor":1,"turns":4},{"damage":0,"enemies":"2 Louse","floor":4,"turns":3},{"damage":0,"enemies":"Cultist","floor":5,"turns":3},{"damage":14,"enemies":"3 Sentries","floor":6,"turns":5},{"damage":8,"enemies":"Gremlin Nob","floor":10,"turns":4},{"damage":3,"enemies":"Gremlin Gang","floor":12,"turns":2},{"damage":0,"enemies":"Exordium Thugs","floor":13,"turns":3},{"damage":0,"enemies":"Lagavulin","floor":14,"turns":5},{"damage":0,"enemies":"Slime Boss","floor":16,"turns":5},{"damage":0,"enemies":"Chosen","floor":18,"turns":4},{"damage":0,"enemies":"Spheric Guardian","floor":20,"turns":3},{"damage":0,"enemies":"Snecko","floor":22,"turns":3},{"damage":3,"enemies":"Slavers","floor":23,"turns":4},{"damage":0,"enemies":"Gremlin Leader","floor":25,"turns":4},{"damage":0,"enemies":"Snake Plant","floor":27,"turns":3},{"damage":0,"enemies":"Colosseum Slavers","floor":29,"turns":4},{"damage":0,"enemies":"Colosseum Nobs","floor":29,"turns":4},{"damage":0,"enemies":"Slavers","floor":30,"turns":2},{"damage":10,"enemies":"Centurion and Healer","floor":31,"turns":2},{"damage":0,"enemies":"Champ","floor":33,"turns":7},{"damage":0,"enemies":"3 Shapes","floor":35,"turns":2},{"damage":0,"enemies":"2 Orb Walkers","floor":36,"turns":3},{"damage":6,"enemies":"Reptomancer","floor":40,"turns":4},{"damage":6,"enemies":"Giant Head","floor":45,"turns":2},{"damage":0,"enemies":"Donu and Deca","floor":50,"turns":3}],"seed_played":"-1875907846268230615","potions_obtained":[{"floor":4,"key":"FearPotion"},{"floor":6,"key":"BlessingOfTheForge"},{"floor":10,"key":"Dexterity Potion"},{"floor":12,"key":"Explosive Potion"},{"floor":18,"key":"Weak Potion"},{"floor":25,"key":"GamblersBrew"},{"floor":27,"key":"SteroidPotion"},{"floor":29,"key":"Regen Potion"},{"floor":31,"key":"Block Potion"},{"floor":45,"key":"ColorlessPotion"}],"is_trial":true,"path_per_floor":["M","$","?","M","M","E","$","R","T","E","?","M","M","E","R","B",null,"M","?","M","?","M","E","R","E","T","M","$","?","E","M","R","B",null,"M","?","T","$","?","E","?","R","T","T","E","R","T","$","R","B",null],"character_chosen":"IRONCLAD","items_purchased":["Seeing Red","BlessingOfTheForge","Toolbox","Feel No Pain","Havoc","Membership Card","Dead Branch","Entrench","Flame Barrier","HeartOfIron","Bottled Tornado","Havoc+1","Ghostly Armor+1"],"campfire_rested":3,"item_purchase_floors":[2,2,28,28,28,38,38,38,38,38,48,48,48],"current_hp_per_floor":[78,77,76,75,74,66,66,66,66,64,64,67,66,65,64,63,62,61,60,59,58,57,56,55,54,53,52,51,50,49,45,45,46,45,44,43,42,41,40,34,24,24,24,24,18,18,18,18,18,18],"gold":9,"neow_bonus":"","is_daily":false,"chose_seed":false,"campfire_upgraded":1,"win_rate":0.0,"timestamp":1614281125,"path_taken":["M","$","?","M","?","E","?","R","T","E","?","M","M","E","R","BOSS","M","?","M","?","M","E","R","E","T","?","$","?","E","M","R","BOSS","M","?","?","$","?","E","?","R","T","?","E","R","?","?","R","BOSS"],"items_purchased_type":["Card","Potion","Relic","Card","Card","Relic","Relic","Card","Card","Potion","Relic","Card","Card"],"build_version":"2020-12-22","purchased_purges":1,"victory":true,"max_hp_per_floor":[78,77,76,75,74,73,72,71,70,69,68,67,66,65,64,63,62,61,60,59,58,57,56,55,54,53,52,51,50,49,48,47,46,45,44,43,42,41,40,39,38,37,36,35,34,33,39,38,37,36],"relic_stats":{"Darkstone Periapt":0,"Mark of the Bloom":141,"Regal Pillow":15,"Happy Flower":[12],"counters":[25,88],"Dead Branch":[60],"StoneCalendar":[0],"Eternal Feather":0,"Pen Nib":[6],"Charon\u0027s Ashes":[585],"PreservedInsect":183,"Burning Blood":29,"Bronze Scales":[151],"Tiny Chest":2,"Pandora\u0027s Box":["Reaper","Cleave","Demon Form","Intimidate","Heavy Blade","Fiend Fire","Blood for Blood","Offering"],"obtain_stats":[{"Darkstone Periapt":29,"Mark of the Bloom":39,"Regal Pillow":45,"Vajra":37,"StoneCalendar":29,"Bottled Tornado":48,"Burning Blood":0,"Frozen Eye":0,"HornCleat":6,"Strawberry":47,"Toolbox":28,"Tiny Chest":25,"Fusion Hammer":17,"WingedGreaves":36,"Toxic Egg 2":44,"Girya":11,"Happy Flower":26,"Dead Branch":38,"Eternal Feather":43,"Pen Nib":9,"Charon\u0027s Ashes":10,"PreservedInsect":30,"CaptainsWheel":23,"Bronze Scales":14,"MutagenicStrength":19,"Pandora\u0027s Box":34,"Membership Card":38,"Toy Ornithopter":40},{"Darkstone Periapt":17,"Mark of the Bloom":22,"Regal Pillow":24,"Vajra":22,"StoneCalendar":17,"Bottled Tornado":24,"Burning Blood":0,"Frozen Eye":0,"HornCleat":4,"Strawberry":24,"Toolbox":15,"Tiny Chest":14,"Fusion Hammer":9,"WingedGreaves":22,"Toxic Egg 2":23,"Girya":5,"Happy Flower":14,"Dead Branch":22,"Eternal Feather":23,"Pen Nib":4,"Charon\u0027s Ashes":5,"PreservedInsect":18,"CaptainsWheel":13,"Bronze Scales":8,"MutagenicStrength":10,"Pandora\u0027s Box":20,"Membership Card":22,"Toy Ornithopter":23},{"Darkstone Periapt":63,"Mark of the Bloom":79,"Regal Pillow":85,"Vajra":79,"StoneCalendar":63,"Bottled Tornado":85,"Burning Blood":0,"Frozen Eye":0,"HornCleat":15,"Strawberry":85,"Toolbox":55,"Tiny Chest":52,"Fusion Hammer":34,"WingedGreaves":79,"Toxic Egg 2":83,"Girya":19,"Happy Flower":52,"Dead Branch":79,"Eternal Feather":83,"Pen Nib":15,"Charon\u0027s Ashes":19,"PreservedInsect":65,"CaptainsWheel":48,"Bronze Scales":29,"MutagenicStrength":38,"Pandora\u0027s Box":74,"Membership Card":79,"Toy Ornithopter":83}],"Toy Ornithopter":0},"card_choices":[{"not_picked":["Wild Strike","Pommel Strike","Body Slam"],"picked":"SKIP","floor":1},{"not_picked":["Iron Wave","True Grit","Pommel Strike"],"picked":"SKIP","floor":4},{"not_picked":["Dropkick","Sever Soul","Blood for Blood"],"picked":"SKIP","floor":5},{"not_picked":["Intimidate","Dark Embrace"],"picked":"Immolate","floor":6},{"not_picked":["Heavy Blade","Headbutt"],"picked":"Feel No Pain","floor":10},{"not_picked":["Flex","Uppercut","Havoc"],"picked":"SKIP","floor":12},{"not_picked":["Warcry","Wild Strike"],"picked":"Barricade","floor":13},{"not_picked":["Wild Strike","Anger"],"picked":"Fiend Fire","floor":14},{"not_picked":["Double Tap","Fiend Fire"],"picked":"Impervious","floor":16},{"not_picked":["Reckless Charge","Sever Soul"],"picked":"Shrug It Off","floor":18},{"not_picked":["Iron Wave","Fire Breathing"],"picked":"Metallicize+1","floor":20},{"not_picked":["Twin Strike","Anger","Havoc"],"picked":"SKIP","floor":22},{"not_picked":["Wild Strike+1","Infernal Blade","Bloodletting+1"],"picked":"SKIP","floor":23},{"not_picked":["Dropkick+1","Thunderclap","Bludgeon"],"picked":"SKIP","floor":25},{"not_picked":["Heavy Blade","Clothesline","Iron Wave"],"picked":"SKIP","floor":27},{"not_picked":["True Grit","Disarm"],"picked":"Battle Trance","floor":30},{"not_picked":["Warcry","Rupture","Thunderclap"],"picked":"SKIP","floor":31},{"not_picked":["Limit Break","Reaper"],"picked":"Corruption","floor":33},{"not_picked":["Perfected Strike","Uppercut+1"],"picked":"Spot Weakness","floor":35},{"not_picked":["Warcry","Carnage+1"],"picked":"Feel No Pain+1","floor":36},{"not_picked":["Thunderclap","Sever Soul+1"],"picked":"Shrug It Off","floor":40},{"not_picked":["Mayhem","Chrysalis"],"picked":"Apotheosis","floor":41},{"not_picked":["Jack Of All Trades","Purity"],"picked":"Mind Blast","floor":41},{"not_picked":["Forethought","Violence"],"picked":"Sadistic Nature","floor":41},{"not_picked":["Sword Boomerang+1","Headbutt"],"picked":"Fiend Fire","floor":45}],"player_experience":1567674,"relics_obtained":[{"floor":6,"key":"HornCleat"},{"floor":9,"key":"Pen Nib"},{"floor":10,"key":"Charon\u0027s Ashes"},{"floor":14,"key":"Bronze Scales"},{"floor":23,"key":"CaptainsWheel"},{"floor":25,"key":"Tiny Chest"},{"floor":26,"key":"Happy Flower"},{"floor":29,"key":"StoneCalendar"},{"floor":29,"key":"Darkstone Periapt"},{"floor":30,"key":"PreservedInsect"},{"floor":36,"key":"WingedGreaves"},{"floor":37,"key":"Vajra"},{"floor":40,"key":"Toy Ornithopter"},{"floor":43,"key":"Eternal Feather"},{"floor":44,"key":"Toxic Egg 2"},{"floor":45,"key":"Regal Pillow"},{"floor":47,"key":"Strawberry"}],"event_choices":[{"damage_healed":0,"gold_gain":0,"player_choice":"Ignored","damage_taken":0,"max_hp_gain":0,"max_hp_loss":0,"event_name":"NoteForYourself","floor":3,"gold_loss":0},{"cards_removed":["Juggernaut"],"damage_healed":0,"gold_gain":0,"player_choice":"Gave Card","damage_taken":0,"relics_obtained":["Girya"],"max_hp_gain":0,"max_hp_loss":0,"event_name":"WeMeetAgain","floor":11,"gold_loss":0},{"damage_healed":0,"gold_gain":0,"player_choice":"Inject Mutagens","damage_taken":0,"relics_obtained":["MutagenicStrength"],"max_hp_gain":0,"max_hp_loss":0,"event_name":"Drug Dealer","floor":19,"gold_loss":0},{"damage_healed":0,"gold_gain":0,"player_choice":"Upgraded","damage_taken":0,"max_hp_gain":0,"max_hp_loss":0,"event_name":"Upgrade Shrine","floor":21,"gold_loss":0,"cards_upgraded":["Barricade"]},{"damage_healed":0,"gold_gain":0,"player_choice":"Fight","damage_taken":0,"max_hp_gain":0,"max_hp_loss":0,"event_name":"Colosseum","floor":29,"gold_loss":0},{"damage_healed":0,"gold_gain":0,"player_choice":"Fought Nobs","damage_taken":0,"max_hp_gain":0,"max_hp_loss":0,"event_name":"Colosseum","floor":29,"gold_loss":0},{"damage_healed":0,"gold_gain":0,"player_choice":"Fight","damage_taken":0,"max_hp_gain":0,"max_hp_loss":0,"event_name":"Mysterious Sphere","floor":36,"gold_loss":0},{"damage_healed":0,"gold_gain":0,"player_choice":"Upgrade","damage_taken":0,"relics_obtained":["Mark of the Bloom"],"max_hp_gain":0,"max_hp_loss":0,"event_name":"MindBloom","floor":39,"gold_loss":0,"cards_upgraded":["Bash","Juggernaut","Juggernaut","Juggernaut","Juggernaut","Immolate","Feel No Pain","Fiend Fire","Impervious","Shrug It Off","Feel No Pain","Havoc","Battle Trance","Corruption","Reaper","Cleave","Demon Form","Intimidate","Heavy Blade","Fiend Fire","Blood for Blood","Offering","Spot Weakness","Entrench","Flame Barrier"]},{"damage_healed":0,"gold_gain":0,"player_choice":"Memory 3","damage_taken":10,"max_hp_gain":0,"max_hp_loss":0,"event_name":"SensoryStone","floor":41,"gold_loss":0}],"is_beta":false,"boss_relics":[{"not_picked":["Runic Dome","SacredBark"],"picked":"Fusion Hammer"},{"not_picked":["Empty Cage","Tiny House"],"picked":"Pandora\u0027s Box"}],"items_purged_floors":[7],"is_endless":false,"potions_floor_spawned":[4,6,10,12,14,18,25,27,29,31,45],"ascension_level":0}}