{"host":"zcqxp6x6rw0ud13y","time":1614264066,"event":{"mods":["Aspiration","Astrologer","Bard","BaseMod","Beaked The Cultist","Bestiary","Better Altar","Better Match","Better Note","Better Sensory Stone","Better Skull","Better Third Choice","ChefMod","Colored Map","Colored Powertips","Conspire","Downfall","Energized Spire","Fox Events","Friendly Minions","Gremlin Mod","Highlight Path","Hubris","Infinite Spire","Minty Spire (QoL Compilation)","Random Character Button","Rare Cards Sparkle","Reliquary","Replay The Spire","SIMod","Slumbering Mod","Spicy Shops","StSLib","The Blue Laboratory","The Cursed","The Disciple","The Dragon Tamer","The Gatherer","The Hierophant","The Runesmith","The Showman","The Spell Scribe","The Trickster","The Valiant","TheBandit","TheFirefly","Trackpad","Wandering Minibosses"],"gold_per_floor":[116,129,143,143,159,188,202,202,202,202,127,142,160,149,149,149,149],"floor_reached":16,"language":"ENG","playtime":1504,"items_purged":["astrologer:Strike"],"score":106,"play_id":"4832a31d-341a-4978-b474-1e420406f720","local_time":"20210225154106","is_ascension_mode":false,"campfire_choices":[{"data":"astrologer:TheStar","floor":8,"key":"SMITH"},{"data":"astrologer:CometStrike","floor":10,"key":"SMITH"},{"data":"astrologer:MeteorShower","floor":15,"key":"SMITH"}],"circlet_count":0,"master_deck":["astrologer:Strike","astrologer:Strike","astrologer:Strike+1","astrologer:Defend","astrologer:Defend","astrologer:Defend","astrologer:Defend","astrologer:NorthStar","astrologer:TheFool","astrologer:TheStar+1","astrologer:MeteorShower+1","astrologer:Stardust","astrologer:Conjunction","astrologer:CometStrike+1","astrologer:Conjunction"],"relics":["foxEvents:EldersFace","Gremlin Horn","Iron Hammer"],"acts_visited":["Exordium"],"potions_floor_usage":[],"damage_taken":[{"damage":0,"enemies":"theSlumbering:NewCultist","floor":1,"turns":4},{"damage":0,"enemies":"Jaw Worm","floor":2,"turns":4},{"damage":0,"enemies":"2 Louse","floor":3,"turns":2},{"damage":9,"enemies":"2 Fungi Beasts","floor":5,"turns":3},{"damage":24,"enemies":"theSlumbering:Adrasteia","floor":6,"turns":8},{"damage":0,"enemies":"3 Louse","floor":7,"turns":2},{"damage":0,"enemies":"Exordium Wildlife","floor":12,"turns":3},{"damage":0,"enemies":"Looter","floor":13,"turns":3},{"damage":3,"enemies":"theSlumbering:NewSlaver","floor":14,"turns":5},{"damage":45,"enemies":"Slime Boss","floor":16,"turns":9}],"seed_played":"2784242726532308414","potions_obtained":[{"floor":5,"key":"blueLaboratory:BottledHope"},{"floor":6,"key":"LiquidBronze"},{"floor":12,"key":"blueLaboratory:BottleOfRum"},{"floor":14,"key":"Strength Potion"}],"is_trial":false,"path_per_floor":["M","M","M","?","M","E","M","R","T","R","$","M","M","M","R","B"],"character_chosen":"ASTROLOGER","items_purchased":[],"campfire_rested":0,"item_purchase_floors":[],"current_hp_per_floor":[77,77,77,77,68,44,44,44,44,44,44,44,44,41,41,0,0],"gold":149,"neow_bonus":"TEN_PERCENT_HP_BONUS","is_daily":false,"chose_seed":false,"campfire_upgraded":3,"win_rate":0.0,"timestamp":1614264066,"path_taken":["M","M","M","?","M","E","M","R","T","R","?","M","M","M","R","BOSS"],"items_purchased_type":[],"build_version":"2020-12-22","purchased_purges":1,"victory":false,"max_hp_per_floor":[77,77,77,77,77,77,77,77,77,77,77,77,77,77,77,77,77],"card_choices":[{"not_picked":["astrologer:Radiance","astrologer:MeteorShower"],"picked":"astrologer:TheStar","floor":1},{"not_picked":["astrologer:TheHighPriestess","astrologer:TheDevil"],"picked":"astrologer:MeteorShower","floor":2},{"not_picked":["astrologer:TheLovers","astrologer:StarOfRegret"],"picked":"astrologer:Stardust","floor":3},{"not_picked":["astrologer:ReadTheStars","astrologer:Moonlight"],"picked":"astrologer:Conjunction","floor":5},{"not_picked":["astrologer:Radiance","astrologer:GlassStar"],"picked":"astrologer:CometStrike","floor":6},{"not_picked":["astrologer:Fireball","astrologer:ShiningStar"],"picked":"astrologer:Conjunction","floor":7},{"not_picked":["astrologer:Quincunx","astrologer:SpaceDust","astrologer:Glimpse"],"picked":"SKIP","floor":12},{"not_picked":["astrologer:Still","astrologer:Radiance","astrologer:MeteorShower"],"picked":"SKIP","floor":13},{"not_picked":["astrologer:CometStrike","astrologer:TheHighPriestess","astrologer:Conjunction"],"picked":"SKIP","floor":14}],"player_experience":123098,"relics_obtained":[{"floor":6,"key":"Gremlin Horn"},{"floor":9,"key":"Iron Hammer"}],"event_choices":[{"damage_healed":0,"gold_gain":0,"player_choice":"Trade","damage_taken":0,"relics_obtained":["foxEvents:EldersFace"],"max_hp_gain":0,"max_hp_loss":0,"event_name":"FaceTrader","floor":4,"gold_loss":0}],"is_beta":false,"boss_relics":[],"items_purged_floors":[11],"is_endless":false,"potions_floor_spawned":[5,6,12,14],"killed_by":"Slime Boss","ascension_level":0}}