{"host":"1bmpebsu0h6jmm2g","time":1614261521,"event":{"mods":["BaseMod","BetterRewards","Colored Map","DeckTracker","Highlight Path","Keyboard Shortcuts","Minty Spire (QoL Compilation)","Permanent Neow","Quick Restart","Relic Stats","Slay the Relics Exporter","Spicy Shops","StSLib","SuperFastMode","The Poker Player"],"gold_per_floor":[112,131,56,56,56,86,86,99,99,174,206,206,106,124,124,228,228,241,156,156,174,49,82,92,92,92,117,146,171,183,45,45,140,140,160,177,177,177,177,177,177,177],"floor_reached":40,"language":"KOR","playtime":1125,"items_purged":["PokerPlayerMod:Diamond1","PokerPlayerMod:Diamond2","PokerPlayerMod:Club2","PokerPlayerMod:Spade2"],"score":526,"play_id":"9f4e629e-9a20-4a70-9b07-0ce929beac4f","local_time":"20210225225841","is_ascension_mode":true,"metric_token":990,"campfire_choices":[{"data":"PokerPlayerMod:TrumpStrike","floor":7.0,"key":"SMITH"},{"data":"PokerPlayerMod:Duplicate","floor":12.0,"key":"SMITH"},{"data":"PokerPlayerMod:Diamond5","floor":15.0,"key":"SMITH"},{"data":"PokerPlayerMod:Club5","floor":25.0,"key":"SMITH"},{"data":"PokerPlayerMod:FakeSymbols","floor":30.0,"key":"SMITH"},{"data":"PokerPlayerMod:Spade4","floor":32.0,"key":"SMITH"}],"circlet_count":0,"master_deck":["PokerPlayerMod:Diamond3","PokerPlayerMod:Diamond4","PokerPlayerMod:Diamond6","PokerPlayerMod:Spade3","PokerPlayerMod:Spade5","PokerPlayerMod:Heart2","PokerPlayerMod:TrumpStrike+1","PokerPlayerMod:Mulligan","PokerPlayerMod:Duplicate+1","PokerPlayerMod:CardBurn","PokerPlayerMod:Club6","PokerPlayerMod:FakeSymbols+1","PokerPlayerMod:Raise","PokerPlayerMod:Diamond6","Purity"],"relics":["PokerPlayerMod:DeckCase","Incense Burner","PokerPlayerMod:BrokenClock","Eternal Feather","Black Star","StrikeDummy","PokerPlayerMod:FairLicense","Bottled Tornado","PokerPlayerMod:Splitter","PokerPlayerMod:ClubPass","MawBank","Sozu"],"acts_visited":["Exordium","TheCity","TheBeyond"],"potions_floor_usage":[],"damage_taken":[{"damage":8.0,"enemies":"Jaw Worm","floor":1.0,"turns":2.0},{"damage":0.0,"enemies":"Small Slimes","floor":2.0,"turns":1.0},{"damage":16.0,"enemies":"Lagavulin","floor":6.0,"turns":8.0},{"damage":0.0,"enemies":"2 Louse","floor":8.0,"turns":1.0},{"damage":5.0,"enemies":"Gremlin Nob","floor":11.0,"turns":3.0},{"damage":2.0,"enemies":"Blue Slaver","floor":14.0,"turns":3.0},{"damage":15.0,"enemies":"The Guardian","floor":16.0,"turns":6.0},{"damage":1.0,"enemies":"Spheric Guardian","floor":18.0,"turns":3.0},{"damage":15.0,"enemies":"3 Byrds","floor":21.0,"turns":3.0},{"damage":36.0,"enemies":"Slavers","floor":23.0,"turns":4.0},{"damage":0.0,"enemies":"Centurion and Healer","floor":24.0,"turns":4.0},{"damage":0.0,"enemies":"Gremlin Leader","floor":27.0,"turns":4.0},{"damage":9.0,"enemies":"Snecko","floor":28.0,"turns":3.0},{"damage":0.0,"enemies":"Sentry and Sphere","floor":29.0,"turns":3.0},{"damage":26.0,"enemies":"Collector","floor":33.0,"turns":4.0},{"damage":0,"enemies":"Orb Walker","floor":35,"turns":2},{"damage":10,"enemies":"3 Shapes","floor":36,"turns":2},{"damage":32,"enemies":"Reptomancer","floor":40,"turns":2}],"seed_played":"-171890231432483572","potions_obtained":[{"floor":2.0,"key":"Strength Potion"},{"floor":6.0,"key":"SkillPotion"},{"floor":14.0,"key":"Block Potion"},{"floor":16.0,"key":"Block Potion"},{"floor":18.0,"key":"BlessingOfTheForge"},{"floor":27.0,"key":"PowerPotion"},{"floor":29.0,"key":"BlessingOfTheForge"},{"floor":33.0,"key":"GamblersBrew"}],"is_trial":false,"path_per_floor":["M","M","$","?","?","E","R","M","T","?","E","R","$","M","R","B",null,"M","?","?","M","$","E","M","R","T","E","M","M","R","$","R","B",null,"M","M","?","?","?","E"],"character_chosen":"THE_POKER_PLAYER","items_purchased":[],"campfire_rested":0,"item_purchase_floors":[],"current_hp_per_floor":[33,36,36,29,29,17,17,29,29,18,18,27,27,28,34,22,52,51,51,51,46,46,12,15,24,24,24,18,20,29,29,35,9,52,52,42,32,32,32,0,0,0],"gold":177,"neow_bonus":"THREE_RARE_CARDS","is_daily":false,"chose_seed":false,"campfire_upgraded":6,"win_rate":0.0,"timestamp":1614261521,"path_taken":["M","M","$","?","?","E","R","M","T","?","E","R","$","M","R","BOSS","M","?","?","M","$","E","M","R","T","E","M","?","R","$","R","BOSS","M","M","?","?","?","E"],"items_purchased_type":[],"build_version":"2020-12-22","purchased_purges":4,"victory":false,"max_hp_per_floor":[52,52,52,52,52,52,52,52,52,52,52,52,52,52,52,52,52,52,52,52,52,52,52,52,52,52,52,52,52,52,52,52,52,52,52,52,52,52,52,52,52,52],"relic_stats":{"Sozu":4,"counters":[18,58],"Eternal Feather":39,"Black Star":2,"MawBank":48,"obtain_stats":[{"Sozu":34,"PokerPlayerMod:DeckCase":0,"Eternal Feather":11,"Incense Burner":6,"Black Star":17,"PokerPlayerMod:ClubPass":27,"Bottled Tornado":23,"StrikeDummy":19,"MawBank":27,"PokerPlayerMod:BrokenClock":9,"PokerPlayerMod:FairLicense":23,"PokerPlayerMod:Splitter":26},{"Sozu":15,"PokerPlayerMod:DeckCase":0,"Eternal Feather":5,"Incense Burner":3,"Black Star":7,"PokerPlayerMod:ClubPass":12,"Bottled Tornado":10,"StrikeDummy":8,"MawBank":12,"PokerPlayerMod:BrokenClock":4,"PokerPlayerMod:FairLicense":10,"PokerPlayerMod:Splitter":11},{"Sozu":52,"PokerPlayerMod:DeckCase":0,"Eternal Feather":15,"Incense Burner":11,"Black Star":24,"PokerPlayerMod:ClubPass":42,"Bottled Tornado":34,"StrikeDummy":27,"MawBank":42,"PokerPlayerMod:BrokenClock":12,"PokerPlayerMod:FairLicense":34,"PokerPlayerMod:Splitter":38}]},"card_choices":[{"not_picked":["PokerPlayerMod:GamblerForm","PokerPlayerMod:WildCard"],"picked":"PokerPlayerMod:Duplicate","floor":0.0},{"not_picked":["PokerPlayerMod:Diamond2","PokerPlayerMod:Spade1","PokerPlayerMod:FillThePot"],"picked":"SKIP","floor":1.0},{"not_picked":["PokerPlayerMod:Diamond5","PokerPlayerMod:Club3"],"picked":"PokerPlayerMod:CardBurn","floor":2.0},{"not_picked":["PokerPlayerMod:Spade3","PokerPlayerMod:ClubShade","PokerPlayerMod:Trickery"],"picked":"SKIP","floor":6.0},{"not_picked":["PokerPlayerMod:Diamond4","PokerPlayerMod:Spade4"],"picked":"PokerPlayerMod:Club5","floor":8.0},{"not_picked":["PokerPlayerMod:SpadeStrike","PokerPlayerMod:FillThePot","PokerPlayerMod:CardBurn"],"picked":"SKIP","floor":11.0},{"not_picked":["PokerPlayerMod:Club2","PokerPlayerMod:Diamond4","PokerPlayerMod:Spade4"],"picked":"SKIP","floor":14.0},{"not_picked":["PokerPlayerMod:ItsShowtime","PokerPlayerMod:Diamond7"],"picked":"PokerPlayerMod:FakeSymbols","floor":16.0},{"not_picked":["PokerPlayerMod:Spade3","PokerPlayerMod:Club4"],"picked":"PokerPlayerMod:Raise","floor":18.0},{"not_picked":["PokerPlayerMod:CardBurn","PokerPlayerMod:Fold+1","PokerPlayerMod:Spade3"],"picked":"SKIP","floor":21.0},{"not_picked":["PokerPlayerMod:Diamond8","PokerPlayerMod:Configure"],"picked":"PokerPlayerMod:Diamond6","floor":23.0},{"not_picked":["PokerPlayerMod:Fold+1","PokerPlayerMod:Overdeal","PokerPlayerMod:SpadeStrike"],"picked":"SKIP","floor":24.0},{"not_picked":["PokerPlayerMod:Diamond3","PokerPlayerMod:Fold","PokerPlayerMod:Diamond5"],"picked":"SKIP","floor":27.0},{"not_picked":["PokerPlayerMod:Diamond5","PokerPlayerMod:Heart3","PokerPlayerMod:Diamond4"],"picked":"SKIP","floor":28.0},{"not_picked":["PokerPlayerMod:DamnStraight","PokerPlayerMod:CardBurn","PokerPlayerMod:DartThrow"],"picked":"SKIP","floor":29.0},{"not_picked":["PokerPlayerMod:Diamond5","PokerPlayerMod:CloakAndDiamond+1","PokerPlayerMod:Diamond4"],"picked":"SKIP","floor":35},{"not_picked":["PokerPlayerMod:Trickery+1","PokerPlayerMod:SecondChance+1","PokerPlayerMod:HiddenCard+1"],"picked":"SKIP","floor":36},{"not_picked":["Secret Technique","Flash of Steel"],"picked":"Purity","floor":37}],"player_experience":568265,"relics_obtained":[{"floor":6.0,"key":"Incense Burner"},{"floor":9.0,"key":"PokerPlayerMod:BrokenClock"},{"floor":11.0,"key":"Eternal Feather"},{"floor":23.0,"key":"PokerPlayerMod:FairLicense"},{"floor":23.0,"key":"Bottled Tornado"},{"floor":26.0,"key":"PokerPlayerMod:Splitter"},{"floor":27.0,"key":"PokerPlayerMod:ClubPass"},{"floor":27.0,"key":"MawBank"}],"event_choices":[{"cards_removed":["PokerPlayerMod:Spade1"],"damage_healed":0.0,"max_hp_gain":0.0,"max_hp_loss":0.0,"gold_gain":0.0,"event_name":"Golden Wing","player_choice":"Card Removal","floor":4.0,"gold_loss":0.0,"damage_taken":7.0},{"cards_removed":["PokerPlayerMod:Club1"],"damage_healed":0.0,"max_hp_gain":0.0,"max_hp_loss":0.0,"gold_gain":0.0,"event_name":"Living Wall","player_choice":"Forget","floor":5.0,"gold_loss":0.0,"damage_taken":0.0},{"damage_healed":0.0,"max_hp_gain":0.0,"max_hp_loss":0.0,"gold_gain":75.0,"event_name":"World of Goop","player_choice":"Gather Gold","floor":10.0,"gold_loss":0.0,"damage_taken":11.0},{"damage_healed":0.0,"max_hp_gain":0.0,"max_hp_loss":0.0,"gold_gain":0.0,"event_name":"Addict","player_choice":"Obtained Relic","floor":19.0,"gold_loss":85.0,"damage_taken":0.0,"relics_obtained":["StrikeDummy"]},{"cards_removed":["PokerPlayerMod:BadJoker"],"damage_healed":0.0,"max_hp_gain":0.0,"max_hp_loss":0.0,"gold_gain":0.0,"event_name":"Bonfire Elementals","player_choice":"Offered Basic","floor":20.0,"gold_loss":0.0,"damage_taken":0.0},{"damage_healed":0,"gold_gain":0,"player_choice":"Memory 3","damage_taken":10,"max_hp_gain":0,"max_hp_loss":0,"event_name":"SensoryStone","floor":37,"gold_loss":0},{"damage_healed":0,"gold_gain":0,"player_choice":"Ignored","damage_taken":0,"max_hp_gain":0,"max_hp_loss":0,"event_name":"Tomb of Lord Red Mask","floor":38,"gold_loss":0},{"damage_healed":0,"gold_gain":0,"player_choice":"Got Potions","damage_taken":0,"max_hp_gain":0,"max_hp_loss":0,"event_name":"Lab","floor":39,"gold_loss":0}],"is_beta":false,"boss_relics":[{"not_picked":["Busted Crown","Calling Bell"],"picked":"Black Star"},{"not_picked":["Fusion Hammer","Coffee Dripper"],"picked":"Sozu"}],"items_purged_floors":[3,13,22,31],"is_endless":false,"potions_floor_spawned":[2,6,14,16,18,27,29,33,36],"killed_by":"Reptomancer","ascension_level":3}}