{"host":"by8i6f8xc0ywpsd5","time":1614284307,"event":{"mods":["BaseMod","Colored Map","Minty Spire (QoL Compilation)","Relic Stats"],"gold_per_floor":[112,126,146,296,571,599,32,59,59,71,71,71,82,96,96,173,173,185,202,202,202,127,127,158,158,158,158,175,175,186,186,186],"floor_reached":31,"language":"ENG","playtime":850,"items_purged":["Regret"],"score":530,"play_id":"f9844ff0-bd62-4bb4-8310-ab3f56e08aa7","local_time":"20210225221827","is_ascension_mode":true,"campfire_choices":[{"data":"True Grit","floor":11.0,"key":"SMITH"},{"data":"True Grit","floor":15.0,"key":"SMITH"},{"data":"RitualDagger","floor":23,"key":"SMITH"},{"data":"Inflame","floor":25,"key":"SMITH"},{"data":"Shockwave","floor":29,"key":"SMITH"}],"circlet_count":0,"master_deck":["AscendersBane","Strike_R+1","Strike_R+1","Strike_R+1","Strike_R+1","Strike_R+1","Defend_R+1","Defend_R+1","Defend_R+1","Defend_R+1","Bash","Ghostly Armor","Shockwave+1","Dropkick","Shrug It Off","Inflame+1","Sever Soul","True Grit+1","True Grit+1","Feed","Disarm","RitualDagger+1","Feel No Pain"],"relics":["Coffee Dripper","Vajra","Toy Ornithopter","Toolbox","HornCleat","Nunchaku","Runic Dome","Bag of Marbles"],"acts_visited":["Exordium","TheCity"],"potions_floor_usage":[19,28,30],"damage_taken":[{"damage":0.0,"enemies":"Small Slimes","floor":1.0,"turns":3.0},{"damage":0.0,"enemies":"2 Louse","floor":2.0,"turns":3.0},{"damage":0.0,"enemies":"Cultist","floor":3.0,"turns":3.0},{"damage":14.0,"enemies":"Lagavulin","floor":6.0,"turns":5.0},{"damage":17.0,"enemies":"3 Sentries","floor":8.0,"turns":7.0},{"damage":0.0,"enemies":"Looter","floor":10.0,"turns":4.0},{"damage":6.0,"enemies":"Lots of Slimes","floor":13.0,"turns":4.0},{"damage":0.0,"enemies":"2 Fungi Beasts","floor":14.0,"turns":2.0},{"damage":18,"enemies":"Hexaghost","floor":16,"turns":9},{"damage":12,"enemies":"2 Thieves","floor":18,"turns":3},{"damage":10,"enemies":"Spheric Guardian","floor":19,"turns":4},{"damage":14,"enemies":"Gremlin Leader","floor":24,"turns":5},{"damage":0,"enemies":"Cultist and Chosen","floor":28,"turns":3},{"damage":22,"enemies":"Chosen and Byrds","floor":30,"turns":8},{"damage":14,"enemies":"Centurion and Healer","floor":31,"turns":1}],"seed_played":"7652456851819787834","potions_obtained":[{"floor":1.0,"key":"SkillPotion"},{"floor":2.0,"key":"AttackPotion"},{"floor":6.0,"key":"ColorlessPotion"},{"floor":18,"key":"SkillPotion"},{"floor":19,"key":"LiquidMemories"}],"is_trial":false,"path_per_floor":["M","M","M","?","?","E","$","E","T","M","R","?","M","M","R","B",null,"M","M","?","?","?","R","E","R","T","?","M","R","M","M"],"character_chosen":"IRONCLAD","items_purchased":["Shrug It Off","Inflame","Toy Ornithopter","Toolbox","Sever Soul"],"campfire_rested":0,"item_purchase_floors":[7,7,7,7,7],"current_hp_per_floor":[68,68,68,68,68,54,54,37,37,37,37,37,31,31,31,13,60,48,43,37,37,37,37,23,23,23,17,22,22,8,0,0],"gold":186,"neow_bonus":"BOSS_RELIC","is_daily":false,"chose_seed":false,"campfire_upgraded":5,"win_rate":0.0,"timestamp":1614284307,"path_taken":["M","M","M","?","?","E","$","E","T","?","R","?","?","M","R","BOSS","M","M","?","?","?","R","E","R","T","?","M","R","?","M"],"items_purchased_type":["Card","Card","Relic","Relic","Card"],"build_version":"2020-12-22","purchased_purges":1,"victory":false,"max_hp_per_floor":[75,75,75,75,75,75,75,75,75,75,75,75,75,75,75,75,75,75,75,75,75,75,75,75,75,75,75,75,75,78,78,78],"relic_stats":{"Nunchaku":[8],"counters":[15,64],"obtain_stats":[{"Runic Dome":17,"Nunchaku":9,"HornCleat":8,"Vajra":6,"Toolbox":7,"Coffee Dripper":0,"Bag of Marbles":24,"Burning Blood":0,"Toy Ornithopter":7},{"Runic Dome":9,"Nunchaku":5,"HornCleat":5,"Vajra":4,"Toolbox":4,"Coffee Dripper":0,"Bag of Marbles":12,"Burning Blood":0,"Toy Ornithopter":4},{"Runic Dome":40,"Nunchaku":21,"HornCleat":21,"Vajra":14,"Toolbox":14,"Coffee Dripper":0,"Bag of Marbles":52,"Burning Blood":0,"Toy Ornithopter":14}],"Toy Ornithopter":15},"card_choices":[{"not_picked":["Warcry","Searing Blow"],"picked":"Ghostly Armor","floor":1.0},{"not_picked":["Dark Embrace","Cleave"],"picked":"Shockwave","floor":2.0},{"not_picked":["Havoc","Evolve"],"picked":"Perfected Strike","floor":3.0},{"not_picked":["Twin Strike","Pommel Strike"],"picked":"Dropkick","floor":6.0},{"not_picked":["Wild Strike","Body Slam"],"picked":"True Grit","floor":8.0},{"not_picked":["Flame Barrier","Spot Weakness"],"picked":"True Grit","floor":10.0},{"not_picked":["Rampage","True Grit","Sever Soul"],"picked":"SKIP","floor":13.0},{"not_picked":["Iron Wave","Wild Strike","Havoc"],"picked":"SKIP","floor":14.0},{"not_picked":["Immolate","Juggernaut"],"picked":"Feed","floor":16},{"not_picked":["Headbutt","Havoc","Clothesline"],"picked":"SKIP","floor":18},{"not_picked":["Perfected Strike","Havoc"],"picked":"Disarm","floor":19},{"not_picked":["Searing Blow","Clash","Perfected Strike+1"],"picked":"SKIP","floor":24},{"not_picked":["Headbutt","Heavy Blade"],"picked":"Feel No Pain","floor":28},{"not_picked":["Pommel Strike","Uppercut","Havoc"],"picked":"SKIP","floor":30}],"player_experience":1797605,"relics_obtained":[{"floor":6.0,"key":"Vajra"},{"floor":8.0,"key":"HornCleat"},{"floor":9.0,"key":"Nunchaku"},{"floor":24,"key":"Bag of Marbles"}],"event_choices":[{"damage_healed":0.0,"max_hp_gain":0.0,"max_hp_loss":0.0,"gold_gain":150.0,"event_name":"Liars Game","player_choice":"AGREE","floor":4.0,"gold_loss":0.0,"damage_taken":0.0,"cards_obtained":["Doubt"]},{"damage_healed":0.0,"max_hp_gain":0.0,"max_hp_loss":0.0,"gold_gain":275.0,"event_name":"Golden Shrine","player_choice":"Desecrate","floor":5.0,"gold_loss":0.0,"damage_taken":0.0,"cards_obtained":["Regret"]},{"cards_removed":["Doubt"],"damage_healed":0.0,"max_hp_gain":0.0,"max_hp_loss":0.0,"gold_gain":0.0,"event_name":"Purifier","player_choice":"Purged","floor":12.0,"gold_loss":0.0,"damage_taken":0.0},{"damage_healed":0,"gold_gain":0,"player_choice":"Joined the Cult","damage_taken":6,"max_hp_gain":0,"max_hp_loss":0,"event_name":"Nest","floor":20,"gold_loss":0,"cards_obtained":["RitualDagger"]},{"damage_healed":0,"gold_gain":0,"player_choice":"Simplicity","damage_taken":0,"max_hp_gain":0,"max_hp_loss":0,"event_name":"Back to Basics","floor":21,"gold_loss":0,"cards_upgraded":["Strike_R","Strike_R","Strike_R","Strike_R","Strike_R","Defend_R","Defend_R","Defend_R","Defend_R"]},{"cards_removed":["Perfected Strike"],"damage_healed":0,"gold_gain":0,"player_choice":"Gave Gold","damage_taken":0,"max_hp_gain":0,"max_hp_loss":0,"event_name":"Beggar","floor":22,"gold_loss":75},{"damage_healed":0,"gold_gain":0,"player_choice":"","damage_taken":6,"max_hp_gain":0,"max_hp_loss":0,"event_name":"Knowing Skull","floor":27,"potions_obtained":[],"gold_loss":0,"cards_obtained":[]}],"is_beta":false,"boss_relics":[{"not_picked":["Velvet Choker","Fusion Hammer"],"picked":"Runic Dome"}],"items_purged_floors":[7],"is_endless":false,"potions_floor_spawned":[1,2,6,18,19],"killed_by":"Centurion and Healer","ascension_level":20}}