{"host":"h4s2ow0cl6kdwaz8","time":1614277191,"event":{"mods":["AchievementEnabler","BaseMod","Bestiary","Colored Map","Minty Spire (QoL Compilation)","Permanent Neow","Relic Stats"],"gold_per_floor":[111,127,142,162,176,211,211,240,312,326,361,64,83,98,98,200,200,214,313,326,339,353,353,381,381,406,439,449,449,57,67,67,167,167,178,178,198,216,235,263,47,57,57,68,99,99,124,0,0,0,0,0,0,31,31,31],"floor_reached":55,"language":"ENG","playtime":3977,"items_purged":["Strike_G"],"score":978,"play_id":"2e356e3c-adc5-41ec-b79f-6903658231f7","local_time":"20210225181951","is_ascension_mode":true,"campfire_choices":[{"floor":7,"key":"REST"},{"floor":15,"key":"REST"},{"data":"Accuracy","floor":23,"key":"SMITH"},{"floor":25,"key":"REST"},{"floor":29,"key":"REST"},{"floor":32,"key":"RECALL"},{"data":"Wraith Form v2","floor":46,"key":"SMITH"},{"data":"Infinite Blades","floor":49,"key":"SMITH"},{"data":"Caltrops","floor":52,"key":"SMITH"}],"circlet_count":0,"master_deck":["Strike_G+1","Strike_G+1","Strike_G","Strike_G","Defend_G","Defend_G","Defend_G","Defend_G","Defend_G","Survivor","Neutralize+1","Accuracy+1","Reflex","Blade Dance","Underhanded Strike","Cloak And Dagger","Cloak And Dagger","Prepared","Acrobatics","Infinite Blades+1","Prepared","PiercingWail","Wraith Form v2+1","Acrobatics","Acrobatics","Blade Dance+1","Tactician","Reflex+1","Caltrops+1","Blur","Escape Plan"],"relics":["Ring of the Serpent","Whetstone","StrikeDummy","Mercury Hourglass","The Specimen","Regal Pillow","Busted Crown","MealTicket","FossilizedHelix","Sling","Kunai","Boot","PreservedInsect","Toy Ornithopter","Dream Catcher","Blood Vial","Red Mask","Strawberry"],"acts_visited":["Exordium","TheCity","TheBeyond","TheEnding"],"potions_floor_usage":[8,11,11,22,22,27,33,33,38,40,50,55],"damage_taken":[{"damage":0,"enemies":"Cultist","floor":1,"turns":3},{"damage":0,"enemies":"Small Slimes","floor":2,"turns":3},{"damage":3,"enemies":"2 Louse","floor":3,"turns":5},{"damage":1,"enemies":"Large Slime","floor":4,"turns":5},{"damage":6,"enemies":"Lots of Slimes","floor":5,"turns":4},{"damage":27,"enemies":"Lagavulin","floor":6,"turns":7},{"damage":35,"enemies":"Gremlin Nob","floor":8,"turns":5},{"damage":1,"enemies":"Exordium Wildlife","floor":10,"turns":2},{"damage":5,"enemies":"Lagavulin","floor":11,"turns":3},{"damage":0,"enemies":"Large Slime","floor":13,"turns":3},{"damage":1,"enemies":"Looter","floor":14,"turns":3},{"damage":6,"enemies":"Slime Boss","floor":16,"turns":6},{"damage":1,"enemies":"3 Byrds","floor":18,"turns":4},{"damage":0,"enemies":"Spheric Guardian","floor":20,"turns":3},{"damage":1,"enemies":"Cultist and Chosen","floor":21,"turns":5},{"damage":6,"enemies":"Centurion and Healer","floor":22,"turns":3},{"damage":44,"enemies":"Book of Stabbing","floor":24,"turns":7},{"damage":37,"enemies":"Slavers","floor":27,"turns":8},{"damage":10,"enemies":"Snake Plant","floor":28,"turns":4},{"damage":2,"enemies":"Sentry and Sphere","floor":31,"turns":4},{"damage":18,"enemies":"Collector","floor":33,"turns":9},{"damage":12,"enemies":"3 Darklings","floor":35,"turns":5},{"damage":0,"enemies":"Orb Walker","floor":37,"turns":2},{"damage":9,"enemies":"Sphere and 2 Shapes","floor":38,"turns":5},{"damage":2,"enemies":"Maw","floor":39,"turns":7},{"damage":0,"enemies":"Nemesis","floor":40,"turns":5},{"damage":18,"enemies":"Writhing Mass","floor":42,"turns":7},{"damage":4,"enemies":"Spire Growth","floor":44,"turns":4},{"damage":0,"enemies":"Giant Head","floor":45,"turns":6},{"damage":0,"enemies":"Nemesis","floor":47,"turns":4},{"damage":49,"enemies":"Donu and Deca","floor":50,"turns":10},{"damage":47,"enemies":"Shield and Spear","floor":54,"turns":5},{"damage":100,"enemies":"The Heart","floor":55,"turns":6}],"seed_played":"7093957682816019915","potions_obtained":[{"floor":1,"key":"Energy Potion"},{"floor":3,"key":"Energy Potion"},{"floor":4,"key":"Energy Potion"},{"floor":8,"key":"Strength Potion"},{"floor":14,"key":"CunningPotion"},{"floor":20,"key":"Block Potion"},{"floor":24,"key":"Ancient Potion"},{"floor":27,"key":"AttackPotion"},{"floor":28,"key":"Energy Potion"},{"floor":35,"key":"Regen Potion"},{"floor":40,"key":"Ancient Potion"},{"floor":42,"key":"FairyPotion"},{"floor":44,"key":"Ancient Potion"},{"floor":45,"key":"Explosive Potion"},{"floor":54,"key":"Energy Potion"}],"is_trial":false,"path_per_floor":["M","M","M","M","M","E","R","E","T","M","E","$","M","M","R","B",null,"M","?","M","M","M","R","E","R","T","E","M","R","$","M","R","B",null,"M","?","M","M","M","E","$","M","T","M","E","R","E","?","R","B",null,"R","$","E","B"],"character_chosen":"THE_SILENT","items_purchased":["Regal Pillow","Infinite Blades","Sling","Kunai","Caltrops","PreservedInsect"],"campfire_rested":4,"item_purchase_floors":[12,12,30,30,41,41],"current_hp_per_floor":[70,70,67,66,60,33,54,19,19,18,13,13,13,12,48,42,70,69,69,69,68,62,62,18,54,54,17,7,43,58,56,56,38,70,58,58,58,49,47,59,70,52,52,48,48,48,48,48,48,6,70,70,70,30,0,0],"gold":31,"neow_bonus":"UPGRADE_CARD","is_daily":false,"chose_seed":false,"campfire_upgraded":4,"win_rate":0.0,"timestamp":1614277191,"path_taken":["M","M","M","M","M","E","R","E","T","M","E","$","M","M","R","BOSS","M","?","M","M","M","R","E","R","T","E","M","R","$","M","R","BOSS","M","?","M","?","M","E","?","?","T","M","E","R","E","?","R","BOSS","R","$","E","BOSS"],"items_purchased_type":["Relic","Card","Relic","Relic","Card","Relic"],"build_version":"2020-12-22","purchased_purges":1,"victory":false,"max_hp_per_floor":[70,70,70,70,70,70,70,70,70,70,70,70,70,70,70,70,70,70,70,70,70,70,70,70,70,70,70,70,70,70,70,70,70,70,70,70,70,70,70,70,70,70,70,70,70,70,70,70,70,70,70,70,70,77,77,77],"relic_stats":{"Regal Pillow":45,"counters":[33,161],"PreservedInsect":240,"Whetstone":["Strike_G","Strike_G"],"Boot":[76],"Mercury Hourglass":[439],"Blood Vial":4,"Dream Catcher":0,"Busted Crown":38,"MealTicket":26,"Kunai":[80],"obtain_stats":[{"Regal Pillow":12,"The Specimen":11,"PreservedInsect":41,"Whetstone":6,"Sling":30,"Boot":40,"Mercury Hourglass":9,"Blood Vial":47,"Dream Catcher":45,"Busted Crown":17,"Strawberry":54,"MealTicket":24,"Red Mask":48,"Kunai":30,"StrikeDummy":8,"FossilizedHelix":27,"Ring of the Serpent":34,"Toy Ornithopter":43,"Ring of the Snake":0},{"Regal Pillow":9,"The Specimen":9,"PreservedInsect":26,"Whetstone":6,"Sling":19,"Boot":26,"Mercury Hourglass":7,"Blood Vial":30,"Dream Catcher":29,"Busted Crown":12,"Strawberry":32,"MealTicket":17,"Red Mask":30,"Kunai":19,"StrikeDummy":7,"FossilizedHelix":18,"Ring of the Serpent":21,"Toy Ornithopter":27,"Ring of the Snake":0},{"Regal Pillow":37,"The Specimen":37,"PreservedInsect":119,"Whetstone":27,"Sling":83,"Boot":119,"Mercury Hourglass":32,"Blood Vial":140,"Dream Catcher":136,"Busted Crown":49,"Strawberry":155,"MealTicket":71,"Red Mask":140,"Kunai":83,"StrikeDummy":32,"FossilizedHelix":79,"Ring of the Serpent":96,"Toy Ornithopter":126,"Ring of the Snake":0}],"Toy Ornithopter":10},"card_choices":[{"not_picked":["Eviscerate","Flying Knee"],"picked":"Accuracy","floor":1},{"not_picked":["Dodge and Roll","Well Laid Plans"],"picked":"Reflex","floor":2},{"not_picked":["Flechettes","Sucker Punch"],"picked":"Blade Dance","floor":3},{"not_picked":["Endless Agony","Dash"],"picked":"Underhanded Strike","floor":4},{"not_picked":["PiercingWail","Deadly Poison"],"picked":"Cloak And Dagger","floor":5},{"not_picked":["Bane","All Out Attack"],"picked":"Cloak And Dagger","floor":6},{"not_picked":["Dash","Poisoned Stab","Deflect"],"picked":"SKIP","floor":8},{"not_picked":["Leg Sweep","Backflip"],"picked":"Prepared","floor":10},{"not_picked":["Masterful Stab","Finisher"],"picked":"Acrobatics","floor":11},{"not_picked":["Terror","Eviscerate"],"picked":"Prepared","floor":13},{"not_picked":["Die Die Die","Bane"],"picked":"PiercingWail","floor":14},{"not_picked":["Adrenaline","Bullet Time"],"picked":"Wraith Form v2","floor":16},{"not_picked":[],"picked":"Acrobatics","floor":18},{"not_picked":["Backflip"],"picked":"SKIP","floor":20},{"not_picked":["Masterful Stab"],"picked":"SKIP","floor":21},{"not_picked":["Dodge and Roll"],"picked":"SKIP","floor":22},{"not_picked":["Finisher"],"picked":"SKIP","floor":24},{"not_picked":["Dodge and Roll"],"picked":"SKIP","floor":27},{"not_picked":[],"picked":"Acrobatics","floor":28},{"not_picked":["Backstab"],"picked":"SKIP","floor":31},{"not_picked":[],"picked":"Blade Dance+1","floor":35},{"not_picked":["Sucker Punch"],"picked":"SKIP","floor":37},{"not_picked":["Backflip+1"],"picked":"SKIP","floor":38},{"not_picked":[],"picked":"Tactician","floor":39},{"not_picked":[],"picked":"Reflex+1","floor":40},{"not_picked":["Sucker Punch"],"picked":"SKIP","floor":42},{"not_picked":[],"picked":"Blur","floor":44},{"not_picked":["Poisoned Stab+1"],"picked":"SKIP","floor":45},{"not_picked":[],"picked":"Escape Plan","floor":47},{"not_picked":["Riddle With Holes+1"],"picked":"SKIP","floor":54}],"player_experience":235260,"relics_obtained":[{"floor":6,"key":"Whetstone"},{"floor":8,"key":"StrikeDummy"},{"floor":9,"key":"Mercury Hourglass"},{"floor":11,"key":"The Specimen"},{"floor":24,"key":"MealTicket"},{"floor":27,"key":"FossilizedHelix"},{"floor":40,"key":"Boot"},{"floor":43,"key":"Toy Ornithopter"},{"floor":45,"key":"Dream Catcher"},{"floor":47,"key":"Blood Vial"},{"floor":54,"key":"Strawberry"}],"event_choices":[{"damage_healed":0,"gold_gain":99,"player_choice":"Stole From Cult","damage_taken":0,"max_hp_gain":0,"max_hp_loss":0,"event_name":"Nest","floor":19,"gold_loss":0},{"damage_healed":0,"gold_gain":0,"player_choice":"Ignored","damage_taken":0,"max_hp_gain":0,"max_hp_loss":0,"event_name":"SecretPortal","floor":36,"gold_loss":0},{"damage_healed":0,"gold_gain":0,"player_choice":"Paid","damage_taken":0,"relics_obtained":["Red Mask"],"max_hp_gain":0,"max_hp_loss":0,"event_name":"Tomb of Lord Red Mask","floor":48,"gold_loss":124}],"is_beta":false,"boss_relics":[{"not_picked":["Runic Pyramid","Coffee Dripper"],"picked":"Busted Crown"},{"not_picked":["Snecko Eye","Tiny House"],"picked":"Ring of the Serpent"}],"items_purged_floors":[12],"is_endless":false,"potions_floor_spawned":[1,3,4,5,8,14,20,24,27,28,31,35,40,42,44,45,54],"killed_by":"The Heart","ascension_level":3}}