{"host":"1lxw72ckkilnkgp7","time":1614260254,"event":{"mods":["ATMod(阿瑾Mod)","BaseMod","BetterRewards","Custom Start","Marisa（F雨　魔理沙）","Minty Spire (QoL Compilation)","Quick Restart","Replay The Spire","Shop Mod","StSLib","The Servant 0.9.4","[IsaacMod]以撒尖塔","[功能]功能增强和修复MOD"],"gold_per_floor":[118,118,131,141,141,172,172,197,246,261,295,319,350,350,350,666,666,682,682,682,700,719,754,775,813,813,853,853,880,895,895,895,1289,1289,1319,1319,1340,1340,1410,1450,1465,1504,1549,1549,1549,1563,1584,1609,1609,1623,1623,1623,1623,1657,1657],"floor_reached":56,"language":"ZHS","playtime":3103,"items_purged":["Strike_S","Strike_S","Defend_S","Defend_S","Defend_S","Rearm","Defend_S","Rearm","Strike_S","DoubleEdge","Potential"],"score":2389,"play_id":"0b67f9fe-dd9a-4910-8160-a6e96ae728ca","local_time":"20210225213734","is_ascension_mode":true,"campfire_choices":[{"data":"Duplication","floor":15.0,"key":"SMITH"},{"data":"Reprogram","floor":28.0,"key":"SMITH"},{"data":"Solidify","floor":32.0,"key":"SMITH"},{"floor":44,"key":"RECALL"},{"data":"Solidify","floor":49,"key":"SMITH"},{"data":"ShiftingGears","floor":52,"key":"SMITH"}],"circlet_count":0,"master_deck":["AT_EssenceShift+1","InstantArmor","FlawlessForm","SoulSculpture","StarChef","ShiftingGears+1","SilverBlades","SilverBlades","Duplication+1","BottledTime","MurderousAura","Reprogram+1","Reboot","Alleviate","GearUp","Hightail","Solidify+1","Master of Strategy","InstantArmor+1","Barrier","Sunlight","DualDimension+1","Moondial","FanOfKnives","Rearm+1","Solidify+1","TheWorld+1","FloweringNight","Embodiment+1","AT_FamilyPortrait+1","DualDimension+1","KillingDoll+1"],"relics":["Uniform","AT_ATBox","HushsDoor","GuppysPaw","SteamSale","GuppysHead","Medical Kit","AT_BellowingDragoncrestRing","Garlic","Singing Bowl","Replay:Baseball","Prayer Wheel","AT_ChloranthyRing","Bag of Preparation","Girya","Golden Idol","Blue Doll","Vajra","AT_EbonyIvory","Sozu","Membership Card","Ancient Tea Set","Replay:Bottled Flurry","Smiling Mask","PreservedInsect","Bottled Lightning","SalivaCoin","AT_SeraphEmbrace","Bottled Flame","Runic Pyramid","Golden Egg","Regal Pillow","Toolbox","BookofShadows","HandDrill","Matryoshka","Blood Vial","RomanBracelet","Akabeko","MealTicket","Lantern","Replay:Bottled Eggs","Guide Book","BargainBundle","Anchor","UnicornStump"],"acts_visited":["Exordium","TheCity","TheBeyond","TheEnding"],"potions_floor_usage":[55,55,55],"damage_taken":[{"damage":0.0,"enemies":"Jaw Worm","floor":1.0,"turns":3.0},{"damage":0.0,"enemies":"Cultist","floor":3.0,"turns":2.0},{"damage":6.0,"enemies":"Small Slimes","floor":4.0,"turns":2.0},{"damage":8.0,"enemies":"Lagavulin","floor":6.0,"turns":6.0},{"damage":0.0,"enemies":"Blue Slaver","floor":8.0,"turns":3.0},{"damage":3.0,"enemies":"Looter","floor":10.0,"turns":3.0},{"damage":2.0,"enemies":"Replay:BlueRogue","floor":11.0,"turns":6.0},{"damage":0.0,"enemies":"Exordium Wildlife","floor":12.0,"turns":4.0},{"damage":1.0,"enemies":"3 Sentries","floor":13.0,"turns":7.0},{"damage":0.0,"enemies":"Hexaghost","floor":16.0,"turns":8.0},{"damage":0.0,"enemies":"3 Byrds","floor":18.0,"turns":3.0},{"damage":0.0,"enemies":"Chosen","floor":21.0,"turns":3.0},{"damage":0.0,"enemies":"Snecko","floor":22.0,"turns":3.0},{"damage":0.0,"enemies":"Gremlin Leader","floor":23.0,"turns":3.0},{"damage":0.0,"enemies":"Cultist and Chosen","floor":24.0,"turns":3.0},{"damage":3.0,"enemies":"Slavers","floor":25.0,"turns":6.0},{"damage":0.0,"enemies":"Replay:Snechameleon","floor":27.0,"turns":3.0},{"damage":0.0,"enemies":"Centurion and Healer","floor":29.0,"turns":4.0},{"damage":0.0,"enemies":"Sentry and Sphere","floor":30.0,"turns":3.0},{"damage":0.0,"enemies":"Collector","floor":33.0,"turns":4.0},{"damage":0.0,"enemies":"Orb Walker","floor":35.0,"turns":3.0},{"damage":0.0,"enemies":"3 Darklings","floor":37.0,"turns":2.0},{"damage":0.0,"enemies":"Hiden Room Battle","floor":39.0,"turns":2.0},{"damage":0.0,"enemies":"R_Hoarder","floor":40.0,"turns":4.0},{"damage":0.0,"enemies":"Spire Growth","floor":41.0,"turns":2.0},{"damage":0.0,"enemies":"Reptomancer","floor":42.0,"turns":1.0},{"damage":0,"enemies":"Jaw Worm Horde","floor":46,"turns":1},{"damage":0,"enemies":"3 Darklings","floor":47,"turns":2},{"damage":0,"enemies":"4 Shapes","floor":48,"turns":2},{"damage":0,"enemies":"Donu and Deca","floor":50,"turns":3},{"damage":0,"enemies":"Shield and Spear","floor":54,"turns":1},{"damage":0,"enemies":"LittleHush","floor":55,"turns":13}],"seed_played":"5603298350853249867","potions_obtained":[{"floor":1.0,"key":"SkillPotion"},{"floor":1.0,"key":"Fire Potion"},{"floor":4.0,"key":"SkillPotion"},{"floor":6.0,"key":"Explosive Potion"},{"floor":10.0,"key":"Reflective Coating"},{"floor":13.0,"key":"Cursed Concoction"},{"floor":13.0,"key":"Elixir"}],"is_trial":false,"path_per_floor":["M","?","M","M","?","E","?","M","T","M","E","M","E","T","R","B",null,"M","?","$","M","M","E","M","E","T","E","R","M","M","$","R","B",null,"M","$","M","$","?","E","M","E","T","R","$","M","M","M","R","B",null,"R","$","E","B",null],"character_chosen":"THE_SERVANT","items_purchased":["SteamSale","Rearm","InstantArmor","FlawlessForm","GuppysHead","Medical Kit","SoulSculpture","StarChef","AT_BellowingDragoncrestRing","Garlic","Rearm","Singing Bowl","ShiftingGears","Replay:Baseball","Prayer Wheel","AT_ChloranthyRing","SilverBlades","Bag of Preparation","Duplication","Membership Card","Ancient Tea Set","Replay:Bottled Flurry","Master of Strategy","AT_ArchangelStaff","Golden Egg","Regal Pillow","Embodiment","Toolbox","BookofShadows","AT_FamilyPortrait","HandDrill","Replay:Bottled Eggs","Guide Book","BargainBundle","Anchor"],"campfire_rested":0,"item_purchase_floors":[0,0,0,0,0,0,0,0,0,0,0,0,0,0,0,0,0,0,0,20,20,20,20,31,36,36,36,36,38,38,38,45,45,53,53],"current_hp_per_floor":[67,60,60,58,58,52,52,56,56,53,53,53,54,54,54,58,75,79,79,79,81,85,87,89,86,86,86,86,88,88,88,88,88,94,98,98,102,102,87,91,97,99,99,99,110,114,118,122,122,122,122,122,122,124,124],"gold":1657,"neow_bonus":"","is_daily":false,"chose_seed":false,"campfire_upgraded":5,"win_rate":0.0,"timestamp":1614260254,"path_taken":["M","?","?","M","?","E","?","M","T","M","E","M","E","?","R","BOSS","M","?","$","M","M","E","?","E","T","E","R","M","M","$","R","BOSS","M","$","M","$","?","E","M","E","T","R","$","M","M","M","R","BOSS","R","$","E","BOSS"],"items_purchased_type":["Relic","Card","Card","Card","Relic","Relic","Card","Card","Relic","Relic","Card","Relic","Card","Relic","Relic","Relic","Card","Relic","Card","Relic","Relic","Relic","Card","Relic","Relic","Relic","Card","Relic","Relic","Card","Relic","Relic","Relic","Relic","Relic"],"build_version":"2020-12-22","purchased_purges":11,"victory":true,"max_hp_per_floor":[67,67,67,71,66,68,68,72,72,72,74,74,76,76,76,80,80,84,84,84,86,90,92,94,94,94,94,94,96,96,96,96,96,96,100,100,104,104,104,106,110,110,110,110,110,114,118,122,122,122,122,122,122,124,124],"card_choices":[{"not_picked":[],"picked":"ChaosCard","floor":0.0},{"not_picked":["StarChef","Revamp"],"picked":"Potential","floor":1.0},{"not_picked":["DancingSilver","Rearm","Ricochet"],"picked":"Singing Bowl","floor":1.0},{"not_picked":["Starlight","SpecialFormula"],"picked":"BottledTime","floor":3.0},{"not_picked":["Manipulate","Unruled"],"picked":"MurderousAura","floor":3.0},{"not_picked":["DancingSilver","MoonPhase","ShatteredReality"],"picked":"Singing Bowl","floor":4.0},{"not_picked":["Sabotage","Collapse","Rewind"],"picked":"Singing Bowl","floor":4.0},{"not_picked":["BestPractice","RealityMarble","Potential"],"picked":"Singing Bowl","floor":6.0},{"not_picked":["RealityMarble","Rearm","Spin"],"picked":"Singing Bowl","floor":8.0},{"not_picked":["BestPractice","BottledTime","Unruled"],"picked":"Singing Bowl","floor":8.0},{"not_picked":["PendulumOfEternity","Comet"],"picked":"Alleviate","floor":10.0},{"not_picked":["ShatteredReality","Advance"],"picked":"GearUp","floor":10.0},{"not_picked":["Luminosity","Potential","Unruled"],"picked":"Singing Bowl","floor":11.0},{"not_picked":["StarChef","GearUp"],"picked":"Hightail","floor":12.0},{"not_picked":["Revamp","Hightail"],"picked":"DoubleEdge","floor":12.0},{"not_picked":["DoubleEdge","TrueSight","Defy"],"picked":"Singing Bowl","floor":13.0},{"not_picked":["SoulSculpture","TrueSight","Initiator"],"picked":"Singing Bowl","floor":16.0},{"not_picked":["Initiator","Deny"],"picked":"Solidify","floor":16.0},{"not_picked":["FlawlessForm","TrueSight","SilverMatrix"],"picked":"Singing Bowl","floor":16.0},{"not_picked":["ShatteredReality","TimeTheft+1","DoubleEdge+1"],"picked":"Singing Bowl","floor":18.0},{"not_picked":["ReturningBlade","Ricochet","InstantArmor"],"picked":"Singing Bowl","floor":18.0},{"not_picked":["Unruled","TimeWarp"],"picked":"InstantArmor+1","floor":21.0},{"not_picked":["TimeTheft+1","Luminosity","Unruled"],"picked":"Singing Bowl","floor":21.0},{"not_picked":["Replace","Reset","Unruled"],"picked":"Singing Bowl","floor":22.0},{"not_picked":["WasteNot","Spin","TrueSight"],"picked":"Singing Bowl","floor":22.0},{"not_picked":["GearUp","Rearm","Collapse"],"picked":"Singing Bowl","floor":23.0},{"not_picked":["Spin","Rewind+1","Gouge"],"picked":"Singing Bowl","floor":24.0},{"not_picked":["ShatteredReality","DoubleEdge"],"picked":"Barrier","floor":24.0},{"not_picked":["BottledTime","TimeWarp"],"picked":"Sunlight","floor":25.0},{"not_picked":["Rewind+1","Barrier+1"],"picked":"DualDimension","floor":27.0},{"not_picked":["MoonPhase","Potential","Foresight"],"picked":"Singing Bowl","floor":29.0},{"not_picked":["Hightail","Snipe"],"picked":"Moondial","floor":29.0},{"not_picked":["FastForward","PendulumOfEternity"],"picked":"FanOfKnives","floor":30.0},{"not_picked":["ShatteredReality","Deadline"],"picked":"Rearm+1","floor":30.0},{"not_picked":["Duplication","PendulumOfEternity"],"picked":"Solidify","floor":33.0},{"not_picked":["MurderousAura","Deny"],"picked":"TheWorld","floor":33.0},{"not_picked":["Sunlight","KillingDoll"],"picked":"FloweringNight","floor":33.0},{"not_picked":["Defy+1","Collapse+1","WasteNot"],"picked":"Singing Bowl","floor":35.0},{"not_picked":["DancingSilver","DoubleEdge+1","Revamp"],"picked":"Singing Bowl","floor":35.0},{"not_picked":["Moonlight","Manipulate+1","Spin"],"picked":"Singing Bowl","floor":37.0},{"not_picked":["Rewind+1","ShatteredReality","Orbit+1"],"picked":"Singing Bowl","floor":37.0},{"not_picked":["Spin+1","Rewind+1"],"picked":"DualDimension","floor":39.0},{"not_picked":["Starlight","Misdirection","BottledTime"],"picked":"Singing Bowl","floor":40.0},{"not_picked":["DancingSilver+1","Alleviate+1","DoubleEdge+1"],"picked":"Singing Bowl","floor":41.0},{"not_picked":["DoubleEdge","Sunlight","Defy"],"picked":"Singing Bowl","floor":41.0},{"not_picked":["BottledTime","TimeTheft"],"picked":"KillingDoll","floor":42},{"not_picked":["BottledTime+1","RealityMarble+1","TimeWarp+1"],"picked":"Singing Bowl","floor":46},{"not_picked":["SurpressingFire+1","Spin+1","Alleviate+1"],"picked":"Singing Bowl","floor":46},{"not_picked":["Orbit","Moonlight","FastForward+1"],"picked":"Singing Bowl","floor":47},{"not_picked":["Defy","RealityMarble+1","Rewind"],"picked":"Singing Bowl","floor":47},{"not_picked":["ReturningBlade","DoubleEdge","FanOfKnives"],"picked":"Singing Bowl","floor":48},{"not_picked":["SpecialFormula","TrueSight","Starlight+1"],"picked":"Singing Bowl","floor":48},{"not_picked":["ShiftingGears","Deadline+1","Defy+1"],"picked":"Singing Bowl","floor":54}],"player_experience":178326,"relics_obtained":[{"floor":11.0,"key":"Blue Doll"},{"floor":14.0,"key":"Vajra"},{"floor":16.0,"key":"AT_EbonyIvory"},{"floor":23.0,"key":"Smiling Mask"},{"floor":25.0,"key":"PreservedInsect"},{"floor":26.0,"key":"Bottled Lightning"},{"floor":27.0,"key":"SalivaCoin"},{"floor":33.0,"key":"Bottled Flame"},{"floor":39.0,"key":"Matryoshka"},{"floor":39.0,"key":"Blood Vial"},{"floor":40.0,"key":"RomanBracelet"},{"floor":42,"key":"Akabeko"},{"floor":43,"key":"MealTicket"},{"floor":43,"key":"Lantern"},{"floor":54,"key":"UnicornStump"}],"event_choices":[{"cards_removed":["Strike_S"],"damage_healed":0.0,"max_hp_gain":0.0,"max_hp_loss":0.0,"gold_gain":0.0,"event_name":"Golden Wing","player_choice":"Card Removal","floor":2.0,"gold_loss":0.0,"damage_taken":7.0},{"damage_healed":0.0,"max_hp_gain":0.0,"max_hp_loss":5.0,"gold_gain":0.0,"event_name":"Golden Idol","player_choice":"Lose Max HP","floor":5.0,"gold_loss":0.0,"damage_taken":0.0,"relics_obtained":["Golden Idol"]},{"damage_healed":0.0,"max_hp_gain":0.0,"max_hp_loss":0.0,"gold_gain":0.0,"event_name":"Ghosts","player_choice":"Ignored","floor":19.0,"gold_loss":0.0,"damage_taken":0.0},{"damage_healed":0.0,"max_hp_gain":0.0,"max_hp_loss":0.0,"gold_gain":0.0,"event_name":"HidenRoomEvent","player_choice":"Fight","floor":39.0,"gold_loss":0.0,"damage_taken":0.0}],"is_beta":false,"boss_relics":[{"not_picked":["Replay:Drink Me","AT_TrinityForce"],"picked":"Sozu"},{"not_picked":[]},{"not_picked":["Cursed Key","Pandora\u0027s Box"],"picked":"Runic Pyramid"},{"not_picked":[]}],"items_purged_floors":[0,0,0,0,0,31,31,31,36,36,45],"is_endless":false,"potions_floor_spawned":[1,1,4,4,6,6,8,10,11,11,13,13,16,18,22,22,23,24,24,29,30,33,35,39,40,41,41,46,47,48,54,54,54],"ascension_level":5}}