{"host":"uyfpom4rlahfoee4","time":1614230682,"event":{"mods":["BaseMod","Downfall","Minty Spire (QoL Compilation)","StSLib"],"gold_per_floor":[99,115,127,142,442,292,292,17,31,47,64,80,100,100,114,216,216,116,129,149,149,149,177,203,203,214,234,226,226,226,243,263,263,263,263],"floor_reached":33,"language":"ENG","playtime":4183,"items_purged":[],"score":340,"play_id":"a7227ac0-fc42-403e-87fe-c9c0eaac84e5","local_time":"20210224212442","is_ascension_mode":false,"campfire_choices":[{"data":"hexamod:Float","floor":1,"key":"SMITH"},{"data":"hexamod:VolcanoVisage","floor":18,"key":"SMITH"},{"floor":25,"key":"REST"},{"data":"hexamod:ExtraCrispy","floor":30,"key":"SMITH"}],"circlet_count":0,"master_deck":["hexamod:Strike","hexamod:Strike","hexamod:Strike","hexamod:Strike","hexamod:Defend","hexamod:Defend","hexamod:Defend","hexamod:Defend","hexamod:Sear","hexamod:Float+1","hexamod:GhostShield","hexamod:Incineration","hexamod:Toasty","downfall:Icky","downfall:Icky","hexamod:SoulSteal","hexamod:ExtraCrispy+1","hexamod:SpectersWail+1","hexamod:VolcanoVisage+1","hexamod:ThermalTransfer+1","hexamod:Rewind","hexamod:WildfireWeapon+1","CurseOfTheBell","hexamod:ExtraCrispy","hexamod:FastForward+1","hexamod:AdvancingGuard","hexamod:SwordOfDarkness+1","hexamod:GhostflameBarrier","hexamod:Firestarter+1","hexamod:FirstSeal","hexamod:SecondSeal","hexamod:ThirdSeal","hexamod:FourthSeal","hexamod:SpectersWail+1","hexamod:BacktrackSmack+1","hexamod:PhantomCloak","hexamod:PhantomCloak"],"relics":["hexamod:SpiritBrand","Molten Egg 2","Calling Bell","Anchor","Mercury Hourglass","Mango","downfall:HeartBlessingBlue","Bottled Tornado","Strawberry"],"acts_visited":["Exordium","TheCity"],"potions_floor_usage":[16,16,16,27,33],"damage_taken":[{"damage":0,"enemies":"Small Slimes","floor":2,"turns":3},{"damage":0,"enemies":"2 Louse","floor":3,"turns":3},{"damage":0,"enemies":"Cultist","floor":4,"turns":3},{"damage":0,"enemies":"downfall:FleeingMerchant","floor":8,"turns":4},{"damage":5,"enemies":"3 Louse","floor":9,"turns":3},{"damage":15,"enemies":"Exordium Thugs","floor":10,"turns":5},{"damage":0,"enemies":"Exordium Wildlife","floor":11,"turns":2},{"damage":5,"enemies":"downfall:LooterAlt","floor":12,"turns":4},{"damage":3,"enemies":"Large Slime","floor":13,"turns":6},{"damage":18,"enemies":"Lots of Slimes","floor":15,"turns":3},{"damage":19,"enemies":"DF_ARCHETYPE_STREAMLINE","floor":16,"turns":9},{"damage":13,"enemies":"Shell Parasite","floor":19,"turns":6},{"damage":5,"enemies":"downfall:LooterAlt2","floor":20,"turns":4},{"damage":34,"enemies":"Slavers","floor":23,"turns":4},{"damage":0,"enemies":"Chosen and Byrds","floor":26,"turns":3},{"damage":0,"enemies":"Shelled Parasite and Fungi","floor":27,"turns":6},{"damage":22,"enemies":"Centurion and Healer","floor":31,"turns":5},{"damage":25,"enemies":"Snake Plant","floor":32,"turns":5},{"damage":63,"enemies":"IC_MUSHROOM_ARCHETYPE","floor":33,"turns":9}],"seed_played":"-8803105904319195936","potions_obtained":[{"floor":3,"key":"hexamod:EctoCoolerPotion"},{"floor":9,"key":"AttackPotion"},{"floor":12,"key":"DistilledChaos"},{"floor":23,"key":"hexamod:EctoCoolerPotion"},{"floor":27,"key":"Ancient Potion"},{"floor":31,"key":"Ancient Potion"},{"floor":31,"key":"Regen Potion"}],"is_trial":false,"path_per_floor":["R","M","M","M","?","?","T","$","M","M","M","M","M","?","M","B",null,"R","M","M","?","?","E","T","R","M","M","?","?","R","M","M","B"],"character_chosen":"THE_SPIRIT","items_purchased":["Molten Egg 2"],"campfire_rested":1,"item_purchase_floors":[8],"current_hp_per_floor":[77,77,77,77,77,87,87,87,82,67,67,62,59,59,41,22,101,111,98,93,93,93,59,66,101,101,101,94,94,94,72,54,6,6,6],"gold":263,"neow_bonus":"TEN_PERCENT_HP_BONUS","is_daily":false,"chose_seed":false,"campfire_upgraded":3,"win_rate":0.0,"timestamp":1614230682,"path_taken":["R","M","M","M","?","?","T","$","M","?","M","M","M","?","M","BOSS","R","M","M","?","?","E","T","R","M","M","?","?","R","?","M","BOSS"],"items_purchased_type":["Relic"],"build_version":"2020-12-22","purchased_purges":0,"victory":false,"max_hp_per_floor":[77,77,77,77,77,87,87,87,87,87,87,87,87,87,87,87,101,111,111,111,111,111,111,118,118,118,118,118,118,118,118,118,118,118,118],"card_choices":[{"not_picked":["hexamod:Hexaguard","hexamod:ThermalTransfer"],"picked":"hexamod:GhostShield","floor":2},{"not_picked":["hexamod:HeatMetal","hexamod:SpectralAdrenaline"],"picked":"hexamod:Incineration","floor":3},{"not_picked":["hexamod:PhantomFireball","hexamod:SwordOfDarkness"],"picked":"hexamod:Toasty","floor":4},{"not_picked":["hexamod:SuperheatedStrike","hexamod:HeatMetal"],"picked":"hexamod:SoulSteal","floor":8},{"not_picked":["hexamod:Again","hexamod:NecessarySacrifice"],"picked":"hexamod:ExtraCrispy","floor":9},{"not_picked":["hexamod:AdvancingGuard","hexamod:FastForward"],"picked":"hexamod:SpectersWail+1","floor":10},{"not_picked":["hexamod:SwordOfDarkness+1","hexamod:GhostShield"],"picked":"hexamod:VolcanoVisage","floor":11},{"not_picked":["hexamod:FastForward","hexamod:NightmareStrike+1"],"picked":"hexamod:ThermalTransfer+1","floor":12},{"not_picked":["hexamod:SecondSeal","hexamod:HeatCrush+1"],"picked":"hexamod:Rewind","floor":13},{"not_picked":["hexamod:NightmareGuise","hexamod:ChargedBarrage"],"picked":"hexamod:HauntingEcho+1","floor":15},{"not_picked":["hexamod:GiftsFromTheDead","hexamod:GhostflameInferno"],"picked":"hexamod:WildfireWeapon","floor":16},{"not_picked":["hexamod:RadiantFlame+1","hexamod:Firestarter+1"],"picked":"hexamod:ExtraCrispy","floor":19},{"not_picked":["hexamod:ThermalTransfer+1","hexamod:ApocalypticArmor"],"picked":"hexamod:FastForward+1","floor":20},{"not_picked":["hexamod:AdvancingGuard","hexamod:GhostShield"],"picked":"hexamod:SwordOfDarkness+1","floor":23},{"not_picked":["hexamod:BacktrackSmack+1","hexamod:ThermalTransfer+1"],"picked":"hexamod:GhostflameBarrier","floor":26},{"not_picked":["hexamod:ChargedBarrage","hexamod:DynamicBlow+1"],"picked":"hexamod:Firestarter+1","floor":27},{"not_picked":["hexamod:ShieldOfDarkness","hexamod:SpectralAdrenaline+1"],"picked":"hexamod:SpectersWail+1","floor":31},{"not_picked":["hexamod:PowerFromBeyond","hexamod:SpectersWail+1"],"picked":"hexamod:BacktrackSmack+1","floor":31},{"not_picked":["hexamod:SwordOfDarkness+1","hexamod:Rewind"],"picked":"hexamod:PhantomCloak","floor":32},{"not_picked":["hexamod:CatchUp+1","hexamod:FlamesFromBeyond"],"picked":"hexamod:PhantomCloak","floor":32}],"player_experience":183074,"relics_obtained":[{"floor":17,"key":"Anchor"},{"floor":17,"key":"Mercury Hourglass"},{"floor":17,"key":"Mango"},{"floor":23,"key":"Bottled Tornado"},{"floor":24,"key":"Strawberry"}],"event_choices":[{"damage_healed":0,"gold_gain":0,"player_choice":"Read","damage_taken":0,"max_hp_gain":0,"max_hp_loss":0,"event_name":"The Library","floor":21,"gold_loss":0,"cards_obtained":["hexamod:AdvancingGuard"]},{"damage_healed":0,"gold_gain":0,"player_choice":"Ignored","damage_taken":0,"max_hp_gain":0,"max_hp_loss":0,"event_name":"Vampires","floor":22,"gold_loss":0}],"is_beta":false,"boss_relics":[{"not_picked":["bronze:MakeshiftBattery","Philosopher\u0027s Stone"],"picked":"Calling Bell"}],"items_purged_floors":[],"is_endless":false,"potions_floor_spawned":[3,9,12,13,23,27,31],"killed_by":"IC_MUSHROOM_ARCHETYPE","ascension_level":0}}