{"host":"21o28mgl9u9ntir2","time":1614270624,"event":{"mods":["BaseMod","BetterRewards","Colored Powertips","Minty Spire (QoL Compilation)","Quick Restart","Remove Card Discount Mod","SOS（斯巴达之子）","Spicy Shops","StSLib","SuperFastMode","[IsaacMod]以撒尖塔","【遗物卡牌】REMEMod","残留之物"],"gold_per_floor":[110,192,28,28,28,28,47,47,74,93,111,142,155,176,176,271,271,292,127,127,190,190,190,14,41,65,90,90,128,144,163,163,257,257,277,277,124,124,124,164,180,211,238,238,282,64,85,129,129,129,129,129,129,168,168],"floor_reached":56,"language":"ZHS","playtime":1109,"items_purged":["PlaceholderMod:BaseStrike","PlaceholderMod:BaseStrike","PlaceholderMod:BaseDefend","PlaceholderMod:PoisonWhip","PlaceholderMod:BaseStrike","PlaceholderMod:PericyclicReaction+1","PlaceholderMod:HardStrike+1","PlaceholderMod:QualitativeChange+1","PlaceholderMod:BaseDefend"],"score":3025,"play_id":"ce2826f6-5905-4f66-9493-c408ac660b83","local_time":"20210226003024","is_ascension_mode":true,"campfire_choices":[{"data":"PlaceholderMod:FinalSpray","floor":6.0,"key":"SMITH"},{"floor":8.0,"key":"REST"},{"floor":15.0,"key":"RECALL"},{"data":"Sadistic Nature","floor":23.0,"key":"SMITH"},{"data":"PlaceholderMod:PoisonExcitation","floor":28.0,"key":"SMITH"},{"floor":32.0,"key":"REST"},{"data":"PlaceholderMod:Crystal","floor":44.0,"key":"SMITH"},{"floor":49.0,"key":"REST"},{"data":"PlaceholderMod:BaseDefend","floor":52.0,"key":"SMITH"}],"circlet_count":0,"master_deck":["AscendersBane","PlaceholderMod:BaseDefend+1","PlaceholderMod:Crystal+1","PlaceholderMod:FinalSpray+1","PlaceholderMod:FinalSpray+1","PlaceholderMod:DiffusionPoison+1","PlaceholderMod:DirectingGroup+1","PlaceholderMod:PoisonAbsorb+1","Sadistic Nature+1","PlaceholderMod:DirectingGroup+1","PlaceholderMod:PoisonExcitation+1","PlaceholderMod:StrongAcid+1","PlaceholderMod:CorePoison+1","PlaceholderMod:FinalSpray+1","PlaceholderMod:FinalSpray+1"],"relics":["PlaceholderMod:Tancle","HushsDoor","REME_ComplimentaryCards","GuppysHead","Strawberry","Toxic Egg 2","SalivaCoin","TheBean","Lantern","Meat on the Bone","Mercury Hourglass","PreservedInsect","Golden Idol","Anchor","PlaceholderMod:DaolothFragment","Astrolabe","Tiny Chest","Shuriken","Potion Belt","Bottled Tornado","Bag of Preparation","Bronze Scales","Bag of Marbles","MagicMushroom","DollysMirror","Omamori","Bottled Lightning","Oddly Smooth Stone","Darkstone Periapt","Dream Catcher","BookOfRevelations","Gambling Chip","PlaceholderMod:DeVermisMysteriis"],"acts_visited":["Exordium","TheCity","TheBeyond","TheEnding"],"potions_floor_usage":[55],"damage_taken":[{"damage":0.0,"enemies":"Small Slimes","floor":1.0,"turns":1.0},{"damage":0.0,"enemies":"2 Louse","floor":7.0,"turns":1.0},{"damage":0.0,"enemies":"Jaw Worm","floor":10.0,"turns":2.0},{"damage":0.0,"enemies":"Large Slime","floor":11.0,"turns":2.0},{"damage":0.0,"enemies":"3 Sentries","floor":12.0,"turns":1.0},{"damage":0.0,"enemies":"2 Fungi Beasts","floor":13.0,"turns":1.0},{"damage":0.0,"enemies":"3 Louse","floor":14.0,"turns":1.0},{"damage":0.0,"enemies":"Hexaghost","floor":16.0,"turns":2.0},{"damage":0.0,"enemies":"3 Byrds","floor":18.0,"turns":2.0},{"damage":0.0,"enemies":"Hiden Room Battle","floor":21.0,"turns":2.0},{"damage":0.0,"enemies":"2 Thieves","floor":27.0,"turns":1.0},{"damage":0.0,"enemies":"Book of Stabbing","floor":29.0,"turns":2.0},{"damage":0.0,"enemies":"Snake Plant","floor":30.0,"turns":1.0},{"damage":0.0,"enemies":"Chosen and Byrds","floor":31.0,"turns":1.0},{"damage":0.0,"enemies":"Collector","floor":33.0,"turns":2.0},{"damage":0.0,"enemies":"3 Shapes","floor":35.0,"turns":1.0},{"damage":0.0,"enemies":"Giant Head","floor":40.0,"turns":3.0},{"damage":0.0,"enemies":"3 Darklings","floor":41.0,"turns":1.0},{"damage":0.0,"enemies":"Reptomancer","floor":42.0,"turns":2.0},{"damage":0.0,"enemies":"Nemesis","floor":45.0,"turns":1.0},{"damage":0.0,"enemies":"Spire Growth","floor":47.0,"turns":1.0},{"damage":0.0,"enemies":"Giant Head","floor":48.0,"turns":2.0},{"damage":0.0,"enemies":"Donu and Deca","floor":50.0,"turns":3.0},{"damage":0.0,"enemies":"Shield and Spear","floor":54.0,"turns":1.0},{"damage":0,"enemies":"Delirium","floor":55,"turns":26}],"seed_played":"552207540756894663","potions_obtained":[{"floor":10.0,"key":"DuplicationPotion"},{"floor":13.0,"key":"Energy Potion"},{"floor":14.0,"key":"FairyPotion"},{"floor":27.0,"key":"Swift Potion"},{"floor":29.0,"key":"Explosive Potion"},{"floor":33.0,"key":"FearPotion"},{"floor":54.0,"key":"Strength Potion"}],"is_trial":false,"path_per_floor":["M","?","$","?","?","R","M","R","T","M","M","E","M","M","R","B",null,"M","$","?","?","?","R","$","T","T","M","R","E","M","M","R","B",null,"M","?","$","T","?","E","M","E","T","R","E","$","M","E","R","B",null,"R","$","E","B",null],"character_chosen":"THE_PLACEHOLDER","items_purchased":["Strawberry","Toxic Egg 2","SalivaCoin","TheBean","PlaceholderMod:FinalSpray+1","PlaceholderMod:DiffusionPoison","Lantern","PlaceholderMod:DirectingGroup+1","Meat on the Bone","Mercury Hourglass","PreservedInsect","Sadistic Nature","Tiny Chest","Bottled Tornado","PlaceholderMod:PoisonExcitation","PlaceholderMod:CorePoison+1","DollysMirror","Dream Catcher","BookOfRevelations"],"campfire_rested":3,"item_purchase_floors":[0,0,0,0,0,0,0,0,0,0,3,17,19,24,24,34,37,46,46],"current_hp_per_floor":[41,30,30,30,30,30,42,65,65,65,65,65,65,65,65,65,72,72,72,72,72,72,72,72,72,72,72,72,72,72,72,74,74,78,78,74,74,74,74,74,74,74,74,74,74,74,74,74,74,74,74,74,74,74,74],"gold":168,"neow_bonus":"","is_daily":false,"chose_seed":false,"campfire_upgraded":5,"win_rate":0.0,"timestamp":1614270624,"path_taken":["M","?","$","?","?","R","M","R","T","M","?","E","M","M","R","BOSS","M","$","?","?","?","R","$","?","T","M","R","E","M","M","R","BOSS","M","?","$","?","?","E","M","E","T","R","E","$","M","E","R","BOSS","R","$","E","BOSS"],"items_purchased_type":["Relic","Relic","Relic","Relic","Card","Card","Relic","Card","Relic","Relic","Relic","Card","Relic","Relic","Card","Card","Relic","Relic","Relic"],"build_version":"2020-12-22","purchased_purges":9,"victory":true,"max_hp_per_floor":[85,85,85,85,79,79,79,79,79,79,79,79,79,79,79,79,74,74,74,74,74,74,74,74,74,74,74,74,74,74,74,74,74,78,78,74,74,74,74,74,74,74,74,74,74,74,74,74,74,74,74,74,74,74,74],"card_choices":[{"not_picked":[],"picked":"Bomb","floor":0.0},{"not_picked":["PlaceholderMod:HealingAttack","PlaceholderMod:AttackAsDefend","PlaceholderMod:HardStrike"],"picked":"SKIP","floor":1.0},{"not_picked":["PlaceholderMod:FastReaction+1","PlaceholderMod:OHStrongAttack","PlaceholderMod:Sweep"],"picked":"SKIP","floor":7.0},{"not_picked":["PlaceholderMod:HornyCollision","PlaceholderMod:Sweep","PlaceholderMod:Hyperplasia+1"],"picked":"SKIP","floor":10.0},{"not_picked":["PlaceholderMod:InnerStable+1","PlaceholderMod:HornyBlast"],"picked":"Bomb","floor":11.0},{"not_picked":["PlaceholderMod:ProliferateStrike","PlaceholderMod:Break","PlaceholderMod:MultiReaction+1"],"picked":"SKIP","floor":12.0},{"not_picked":["PlaceholderMod:UnpureUse","PlaceholderMod:ParasiteChange+1","PlaceholderMod:RadicalHit"],"picked":"SKIP","floor":13.0},{"not_picked":["PlaceholderMod:HealingAttack","PlaceholderMod:UnpureUse"],"picked":"PlaceholderMod:PoisonAbsorb+1","floor":14.0},{"not_picked":["PlaceholderMod:PericyclicReaction+1","PlaceholderMod:HornyCollision"],"picked":"PlaceholderMod:CorePoison+1","floor":16.0},{"not_picked":["PlaceholderMod:HornyBlast","PlaceholderMod:Turn+1"],"picked":"PlaceholderMod:DirectingGroup+1","floor":18.0},{"not_picked":["PlaceholderMod:SpinBlade","PlaceholderMod:OHStrongAttack","PlaceholderMod:AngryAttack"],"picked":"SKIP","floor":27.0},{"not_picked":["PlaceholderMod:MultiReaction+1","PlaceholderMod:Colorful","PlaceholderMod:EvolutionSpray"],"picked":"SKIP","floor":29.0},{"not_picked":["PlaceholderMod:MultipleOxi+1","PlaceholderMod:DissolvingSpikes"],"picked":"PlaceholderMod:StrongAcid+1","floor":30.0},{"not_picked":["PlaceholderMod:StrongAcid+1","PlaceholderMod:ThreeBenzyolStart","PlaceholderMod:SprayAttack"],"picked":"SKIP","floor":31.0},{"not_picked":["PlaceholderMod:PoisonAbsorb+1","PlaceholderMod:EvolutionSpray+1","PlaceholderMod:CrystallizationStrike"],"picked":"SKIP","floor":35.0},{"not_picked":["PlaceholderMod:DoublePoint+1","PlaceholderMod:DissolvingSpikes","PlaceholderMod:StressReaction+1"],"picked":"SKIP","floor":40.0},{"not_picked":["PlaceholderMod:Colorful","PlaceholderMod:SeverePoisonStrike","PlaceholderMod:AttackAsDefend"],"picked":"SKIP","floor":41.0},{"not_picked":["PlaceholderMod:AbsorbTouch","PlaceholderMod:Colorful+1","PlaceholderMod:HornyBlast"],"picked":"SKIP","floor":42.0},{"not_picked":["PlaceholderMod:SelectReaction+1","PlaceholderMod:AngryAttack","PlaceholderMod:SpinBlade"],"picked":"SKIP","floor":45.0},{"not_picked":["PlaceholderMod:HardStinger+1","PlaceholderMod:CycleAttack","PlaceholderMod:StrongAcid+1"],"picked":"SKIP","floor":47.0},{"not_picked":["PlaceholderMod:OHStrongAttack","PlaceholderMod:StrongAcid+1","PlaceholderMod:NearChange+1"],"picked":"SKIP","floor":48.0},{"not_picked":["PlaceholderMod:ConsolidateHit","PlaceholderMod:ChainPoly+1"],"picked":"PlaceholderMod:FinalSpray+1","floor":54.0}],"player_experience":772998,"relics_obtained":[{"floor":9.0,"key":"Anchor"},{"floor":12.0,"key":"PlaceholderMod:DaolothFragment"},{"floor":21.0,"key":"Shuriken"},{"floor":21.0,"key":"Potion Belt"},{"floor":25.0,"key":"Bag of Preparation"},{"floor":26.0,"key":"Bronze Scales"},{"floor":29.0,"key":"Bag of Marbles"},{"floor":40.0,"key":"Omamori"},{"floor":42.0,"key":"Bottled Lightning"},{"floor":43.0,"key":"Oddly Smooth Stone"},{"floor":45.0,"key":"Darkstone Periapt"},{"floor":48.0,"key":"Gambling Chip"},{"floor":54.0,"key":"PlaceholderMod:DeVermisMysteriis"}],"event_choices":[{"damage_healed":0.0,"max_hp_gain":0.0,"max_hp_loss":0.0,"gold_gain":75.0,"event_name":"World of Goop","player_choice":"Gather Gold","floor":2.0,"gold_loss":0.0,"damage_taken":11.0},{"damage_healed":0.0,"max_hp_gain":0.0,"max_hp_loss":0.0,"gold_gain":0.0,"event_name":"Living Wall","player_choice":"Grow","floor":4.0,"gold_loss":0.0,"damage_taken":0.0,"cards_upgraded":["PlaceholderMod:DiffusionPoison"]},{"damage_healed":0.0,"max_hp_gain":0.0,"max_hp_loss":6.0,"gold_gain":0.0,"event_name":"Golden Idol","player_choice":"Lose Max HP","floor":5.0,"gold_loss":0.0,"damage_taken":0.0,"relics_obtained":["Golden Idol"]},{"damage_healed":0.0,"max_hp_gain":0.0,"max_hp_loss":0.0,"gold_gain":0.0,"event_name":"Beggar","player_choice":"Ignored","floor":20.0,"gold_loss":0.0,"damage_taken":0.0},{"damage_healed":0.0,"max_hp_gain":0.0,"max_hp_loss":0.0,"gold_gain":0.0,"event_name":"HidenRoomEvent","player_choice":"Fight","floor":21.0,"gold_loss":0.0,"damage_taken":0.0},{"cards_removed":["PlaceholderMod:BaseStrike"],"damage_healed":0.0,"max_hp_gain":0.0,"max_hp_loss":0.0,"gold_gain":0.0,"event_name":"Back to Basics","player_choice":"Elegance","floor":22.0,"gold_loss":0.0,"damage_taken":0.0},{"damage_healed":0.0,"max_hp_gain":0.0,"max_hp_loss":4.0,"gold_gain":0.0,"event_name":"Winding Halls","player_choice":"Max HP","floor":36.0,"gold_loss":0.0,"damage_taken":0.0},{"cards_removed":["PlaceholderMod:CorePoison"],"damage_healed":0.0,"max_hp_gain":0.0,"max_hp_loss":0.0,"gold_gain":0.0,"event_name":"Falling","player_choice":"Removed Skill","floor":39.0,"gold_loss":0.0,"damage_taken":0.0}],"is_beta":false,"boss_relics":[{"not_picked":["Coffee Dripper","Runic Dome"],"picked":"Astrolabe"},{"not_picked":[]},{"not_picked":["REME_LowDesire","ChampionBelt"],"picked":"MagicMushroom"},{"not_picked":[]}],"items_purged_floors":[3,3,3,3,3,19,19,19,19],"is_endless":false,"potions_floor_spawned":[10,13,14,27,29,33,41,45,47,54],"ascension_level":13}}