{"host":"2hz3p8f82lqex3pd","time":1614279603,"event":{"mods":["AchievementEnabler","BaseMod","Better Third Choice","Colored Powertips","Minty Spire (QoL Compilation)","StSLib"],"gold_per_floor":[116,116,41,53,70,70,70,105,159,159,171,183,205,244,256,268,268],"floor_reached":16,"language":"ENG","playtime":360,"items_purged":["Bash"],"score":113,"play_id":"a66e3956-e247-4c9d-af5d-0f8bc9bde042","local_time":"20210225140003","is_ascension_mode":true,"campfire_choices":[{"data":"Pommel Strike","floor":6,"key":"SMITH"},{"floor":12,"key":"RECALL"},{"data":"Pommel Strike","floor":15,"key":"SMITH"}],"circlet_count":0,"master_deck":["Strike_R","Strike_R","Strike_R","Strike_R","Strike_R","Defend_R","Defend_R","Defend_R","Defend_R","Impervious","Pommel Strike+1","Seeing Red","Pommel Strike+1"],"relics":["Burning Blood","Ancient Tea Set","Pantograph","Regal Pillow","Akabeko","MawBank","Pen Nib"],"acts_visited":["Exordium"],"potions_floor_usage":[8,8],"damage_taken":[{"damage":7,"enemies":"2 Louse","floor":1,"turns":4},{"damage":0,"enemies":"Small Slimes","floor":4,"turns":3},{"damage":1,"enemies":"Cultist","floor":5,"turns":3},{"damage":18,"enemies":"Gremlin Nob","floor":8,"turns":4},{"damage":0,"enemies":"Exordium Wildlife","floor":13,"turns":2},{"damage":78,"enemies":"Hexaghost","floor":16,"turns":9}],"seed_played":"3824245314685173127","potions_obtained":[{"floor":1,"key":"Fire Potion"},{"floor":4,"key":"Swift Potion"}],"is_trial":false,"path_per_floor":["M","?","$","M","M","R","$","E","T","?","?","R","M","T","R","B"],"character_chosen":"IRONCLAD","items_purchased":[],"campfire_rested":0,"item_purchase_floors":[],"current_hp_per_floor":[79,48,48,54,59,59,59,47,47,47,47,47,53,53,53,0,0],"gold":268,"neow_bonus":"ONE_RANDOM_RARE_CARD","is_daily":false,"chose_seed":false,"campfire_upgraded":2,"win_rate":0.0,"timestamp":1614279603,"path_taken":["M","?","$","M","M","R","$","E","T","?","?","R","?","?","R","BOSS"],"items_purchased_type":[],"build_version":"2020-12-22","purchased_purges":1,"victory":false,"max_hp_per_floor":[80,80,80,80,80,80,80,80,80,80,80,80,80,80,80,80,80],"card_choices":[{"not_picked":["Blood for Blood","Uppercut"],"picked":"Pommel Strike","floor":1},{"not_picked":["Clothesline","Flex"],"picked":"Seeing Red","floor":4},{"not_picked":["Clash","Uppercut","Perfected Strike"],"picked":"SKIP","floor":5},{"not_picked":["Clash","Uppercut","Perfected Strike"],"picked":"SKIP","floor":5},{"not_picked":["Clothesline","Thunderclap"],"picked":"Pommel Strike","floor":8},{"not_picked":["Warcry","Wild Strike","Dropkick"],"picked":"SKIP","floor":13}],"player_experience":214040,"relics_obtained":[{"floor":8,"key":"Regal Pillow"},{"floor":9,"key":"Akabeko"},{"floor":14,"key":"Pen Nib"}],"event_choices":[{"damage_healed":0,"gold_gain":1,"player_choice":"Relic Relic ","damage_taken":31,"max_hp_gain":0,"max_hp_loss":0,"event_name":"betterThird:BetterScrap","floor":2,"gold_loss":0,"cards_obtained":["Crippling Poison"]},{"damage_healed":0,"gold_gain":0,"player_choice":"Box","damage_taken":0,"relics_obtained":["MawBank"],"max_hp_gain":0,"max_hp_loss":0,"event_name":"Big Fish","floor":10,"gold_loss":0,"cards_obtained":["Regret"]},{"cards_removed":["Regret"],"damage_healed":0,"gold_gain":0,"player_choice":"Removed Curses","damage_taken":0,"max_hp_gain":0,"max_hp_loss":0,"event_name":"Fountain of Cleansing","floor":11,"gold_loss":0}],"is_beta":false,"boss_relics":[],"items_purged_floors":[3],"is_endless":false,"potions_floor_spawned":[1,4],"killed_by":"Hexaghost","ascension_level":3}}