{"host":"c9ttvwlbe8exn2np","time":1614263992,"event":{"mods":["BaseMod","Library of Ruina","Library of Ruina Extra","Minty Spire (QoL Compilation)","Quick Restart","StSLib","SuperFastMode"],"gold_per_floor":[117,117,134,84,84,110,110,145,145,176,176,209,209,227,227,332,332,342,342,342,51,62,90,110,141,141,141,169,188,188,203,203,203,203],"floor_reached":33,"language":"KOR","playtime":1168,"items_purged":[],"score":367,"play_id":"d0a7a7f5-e193-4702-a498-b33c3d062ac3","local_time":"20210225233952","is_ascension_mode":true,"campfire_choices":[{"data":"SuanNi","floor":7.0,"key":"SMITH"},{"data":"FrontalAssault","floor":11.0,"key":"SMITH"},{"floor":15.0,"key":"REST"},{"data":"ExtractFuel","floor":27,"key":"SMITH"},{"floor":30,"key":"DIG"},{"floor":32,"key":"DIG"}],"circlet_count":0,"master_deck":["Dodge","LightDefense","LightAttack","LightAttack","LightAttack","LightDefense","LightDefense","LightDefense","ChargeAndCover","FocusedStrikes+1","SuanNi+1","Unlock1","Gigigig","FrontalAssault+1","ViolentFlame","AGoldenOpportunity","AbsorbImpact+1","PuppetBlockade","ExtractFuel+1","CleanUp","Outburst","GrazeTheGrass+1","BindingArms","CrackOfDawn","Outburst+1","Leap_lor","EnergyShield"],"relics":["PageOfLibrarian","Omamori","Strawberry","White Beast Statue","Juzu Bracelet","Regal Pillow","Dream Catcher","Coffee Dripper","MutagenicStrength","Bag of Preparation","Calipers","Shovel","PreservedInsect","PageOfLittleHelper","Red Mask","Boot","Kunai"],"acts_visited":["Exordium","TheCity"],"potions_floor_usage":[16,33,33,33],"damage_taken":[{"damage":0.0,"enemies":"2 Louse","floor":1.0,"turns":2.0},{"damage":4.0,"enemies":"Jaw Worm","floor":3.0,"turns":3.0},{"damage":12.0,"enemies":"Gremlin Nob","floor":6.0,"turns":3.0},{"damage":11.0,"enemies":"Lagavulin","floor":8.0,"turns":4.0},{"damage":5.0,"enemies":"Gremlin Nob","floor":10.0,"turns":3.0},{"damage":9.0,"enemies":"3 Sentries","floor":12.0,"turns":5.0},{"damage":0.0,"enemies":"Small Slimes","floor":14.0,"turns":2.0},{"damage":37,"enemies":"Slime Boss","floor":16,"turns":12},{"damage":18,"enemies":"2 Thieves","floor":18,"turns":3},{"damage":0,"enemies":"3 Byrds","floor":22,"turns":3},{"damage":14,"enemies":"Gremlin Leader","floor":23,"turns":3},{"damage":3,"enemies":"Cultist and Chosen","floor":24,"turns":5},{"damage":8,"enemies":"Slavers","floor":25,"turns":3},{"damage":0,"enemies":"Masked Bandits","floor":28,"turns":3},{"damage":0,"enemies":"Chosen and Byrds","floor":29,"turns":4},{"damage":0,"enemies":"Centurion and Healer","floor":31,"turns":3},{"damage":57,"enemies":"RedHoodMercenary","floor":33,"turns":5}],"seed_played":"3195855266893390372","potions_obtained":[{"floor":3.0,"key":"LiquidBronze"},{"floor":6.0,"key":"Energy Potion"},{"floor":10.0,"key":"Fruit Juice"},{"floor":12.0,"key":"Strength Potion"},{"floor":14.0,"key":"BlessingOfTheForge"},{"floor":16,"key":"SpeedPotion"}],"is_trial":false,"path_per_floor":["M","?","M","?","T","E","R","E","T","E","R","E","?","M","R","B",null,"M","?","T","$","M","E","M","E","T","R","?","M","R","M","R","B"],"character_chosen":"Librarian","items_purchased":["Calipers"],"campfire_rested":1,"item_purchase_floors":[21],"current_hp_per_floor":[60,60,56,56,56,54,54,43,43,38,38,29,16,16,53,22,96,78,78,78,78,75,61,60,54,54,54,54,56,56,58,58,1,1],"gold":203,"neow_bonus":"ONE_RANDOM_RARE_CARD","is_daily":false,"chose_seed":false,"campfire_upgraded":3,"win_rate":0.0,"timestamp":1614263992,"path_taken":["M","?","M","?","?","E","R","E","T","E","R","E","?","M","R","BOSS","M","?","?","?","M","E","M","E","T","R","?","M","R","M","R","BOSS"],"items_purchased_type":["Relic"],"build_version":"2020-12-22","purchased_purges":0,"victory":false,"max_hp_per_floor":[62,62,74,74,74,85,85,81,81,77,81,89,94,74,74,96,96,82,82,82,82,75,74,80,86,86,86,100,87,100,75,75,75,75],"card_choices":[{"not_picked":["SuppressingShot","SunsetBlade","BiAn","Endure","UnavoidableGaze","SerpentineBarrier","PinpointShot","UpbeatPerformance"],"picked":"Unlock1","floor":1.0},{"not_picked":["ClassAndRespect","WillOfThePrescript","GuardingStance","Standoff","NightInTheBackstreets","ChopItOff","SavageMode","EnergyStrike"],"picked":"Gigigig","floor":3.0},{"not_picked":["ReadyUp","FleetEdge","Rampage_lor","FlamingDragonFist","BulkyImpact","Concentration","TendonChords","CoordinatedAssault"],"picked":"FrontalAssault","floor":6.0},{"not_picked":["WillOfThePrescript","Reload","Leap_lor","HeavyPeaks","MultiBlock","FleetEdge","StrikeDown","ExtremeEdge"],"picked":"ViolentFlame","floor":8.0},{"not_picked":["HandleRequest","TieShanKao","FierceCharge","HighKick","EnergyCycle","BackAttack","Reload","ButterflySlash"],"picked":"AGoldenOpportunity","floor":10.0},{"not_picked":["Juggling","SilentNight","ToOvercomeCrisis","SpearedSweep","PreemptiveStrike","Eradication","ButterflySlash","ElectricShock"],"picked":"AbsorbImpact","floor":12.0},{"not_picked":["BiAn","CombatPreparation","HandleRequest","RhinoRam","NightInTheBackstreets","StartinOutLightly","SerpentSwordTechnique","StrongStrike"],"picked":"PuppetBlockade","floor":14.0},{"not_picked":["StrikeDown","LoosenUp","HandlingWork","DesperateStruggle","FleetFootsteps","ButterflySlash","DefenseOrder","ClassAndRespect"],"picked":"ExtractFuel","floor":15.0},{"not_picked":["MirageStorm","TrashDisposal"],"picked":"CleanUp","floor":16},{"not_picked":["Juggling","ToWhereThePrescriptPoints+1","Wallop_lor+1","FrontalAssault+1","EnergyBeam","FleetFootsteps","AutonomousRush","QuickAttack"],"picked":"Outburst","floor":18},{"not_picked":["Rewind","Diversion","Unlock1","MultiHit","Preparation","FocusFire","Punishment","AutonomousRush"],"picked":"GrazeTheGrass+1","floor":22},{"not_picked":["BiAn","SnakesPrey","SuppressingShot","QuickAttack","TrashDisposal","VenomousFangs+1","GreatSerpentsImpact","Track+1"],"picked":"BindingArms","floor":23},{"not_picked":["Faith","DestructiveImpact+1","Preparation","Collision","Rewind","Track+1","ForTheFamily+1","InhaleSmoke"],"picked":"CrackOfDawn","floor":24},{"not_picked":["WildCard","StrongStrike","ClassAndRespect","ShockingBlow+1","Crush","EndlessBattle","BiAn","QuickAttack"],"picked":"Outburst+1","floor":25},{"not_picked":["CrackOfDawn","NightInTheBackstreets+1","SinglePointStab","WildCard","ProselytesBlade+1","AbsorbImpact+1","Tailoring","SetFire"],"picked":"Leap_lor","floor":29},{"not_picked":["Rewind","QuickAttack","ViolentFlame","CutIn+1","ExtractFuel","SerpentSwordTechnique","ForcefulGesture+1","StrikeDown"],"picked":"EnergyShield","floor":31}],"player_experience":558074,"relics_obtained":[{"floor":6.0,"key":"Strawberry"},{"floor":8.0,"key":"White Beast Statue"},{"floor":9.0,"key":"Juzu Bracelet"},{"floor":10.0,"key":"Regal Pillow"},{"floor":12.0,"key":"Dream Catcher"},{"floor":20,"key":"Bag of Preparation"},{"floor":23,"key":"Shovel"},{"floor":25,"key":"PreservedInsect"},{"floor":26,"key":"PageOfLittleHelper"},{"floor":28,"key":"Red Mask"},{"floor":30,"key":"Boot"},{"floor":32,"key":"Kunai"}],"event_choices":[{"damage_healed":0.0,"max_hp_gain":0.0,"max_hp_loss":0.0,"gold_gain":0.0,"event_name":"Big Fish","player_choice":"Box","floor":2.0,"gold_loss":0.0,"damage_taken":0.0,"relics_obtained":["Omamori"],"cards_obtained":["Regret"]},{"cards_removed":["Regret"],"damage_healed":0.0,"max_hp_gain":0.0,"max_hp_loss":0.0,"gold_gain":0.0,"event_name":"The Cleric","player_choice":"Card Removal","floor":4.0,"gold_loss":50.0,"damage_taken":0.0},{"damage_healed":0.0,"max_hp_gain":0.0,"max_hp_loss":0.0,"gold_gain":0.0,"event_name":"Shining Light","player_choice":"Entered Light","floor":13.0,"gold_loss":0.0,"damage_taken":18.0,"cards_upgraded":["FocusedStrikes","AbsorbImpact"]},{"damage_healed":0,"gold_gain":0,"player_choice":"Inject Mutagens","damage_taken":0,"relics_obtained":["MutagenicStrength"],"max_hp_gain":0,"max_hp_loss":0,"event_name":"Drug Dealer","floor":19,"gold_loss":0},{"damage_healed":0,"gold_gain":0,"player_choice":"Fought Bandits","damage_taken":0,"max_hp_gain":0,"max_hp_loss":0,"event_name":"Masked Bandits","floor":28,"gold_loss":0}],"is_beta":false,"boss_relics":[{"not_picked":["Runic Dome","Empty Cage"],"picked":"Coffee Dripper"}],"items_purged_floors":[],"is_endless":false,"potions_floor_spawned":[3,6,10,12,14,16,18,22,23,24,25,28,29,31],"killed_by":"RedHoodMercenary","ascension_level":2}}