{"host":"buf40n17ay3eqtwx","time":1614259534,"event":{"mods":["AchievementEnabler","BaseMod","Colored Map","Colored Powertips","Googly Eyes","Highlight Path","Minty Spire (QoL Compilation)","Permanent Neow","Quick Restart","Rare Cards Sparkle","Relic Stats","StSLib","SuperFastMode","everything is the same but u backflip on backflip"],"gold_per_floor":[115,130,144,24,24,62,62,106,106,106,23,0,0,0,0],"floor_reached":14,"language":"ENG","playtime":596,"items_purged":["Strike_B"],"score":120,"play_id":"3d007417-05d3-4c7d-b4d0-c23d1885d5bd","local_time":"20210225142534","is_ascension_mode":true,"campfire_choices":[{"floor":7,"key":"REST"},{"floor":10,"key":"REST"}],"circlet_count":0,"master_deck":["Strike_B","Strike_B","Strike_B","Defend_B","Defend_B","Defend_B","Defend_B","Zap","Dualcast","Electrodynamics","Hello World","Darkness","Conserve Battery","Redo","Multi-Cast","Capacitor","Barrage"],"relics":["Cracked Core","Golden Idol","Omamori","Blue Candle","Pen Nib"],"acts_visited":["Exordium"],"potions_floor_usage":[8],"damage_taken":[{"damage":9,"enemies":"2 Louse","floor":1,"turns":3},{"damage":9,"enemies":"Jaw Worm","floor":2,"turns":4},{"damage":4,"enemies":"Cultist","floor":3,"turns":4},{"damage":30,"enemies":"Gremlin Nob","floor":6,"turns":4},{"damage":25,"enemies":"Lagavulin","floor":8,"turns":7},{"damage":59,"enemies":"Gremlin Nob","floor":14,"turns":4}],"seed_played":"-984348323759936740","potions_obtained":[{"floor":2,"key":"Weak Potion"},{"floor":3,"key":"LiquidMemories"}],"is_trial":false,"path_per_floor":["M","M","M","$","?","E","R","E","T","R","$","?","$","E"],"character_chosen":"DEFECT","items_purchased":["Redo","Capacitor","Barrage"],"campfire_rested":2,"item_purchase_floors":[4,11,11],"current_hp_per_floor":[66,57,53,53,53,23,43,18,18,38,38,38,38,0,0],"gold":0,"neow_bonus":"ONE_RANDOM_RARE_CARD","is_daily":false,"chose_seed":false,"campfire_upgraded":0,"win_rate":0.0,"timestamp":1614259534,"path_taken":["M","M","M","$","?","E","R","E","T","R","$","?","?","E"],"items_purchased_type":["Card","Card","Card"],"build_version":"2020-12-22","purchased_purges":1,"victory":false,"max_hp_per_floor":[75,75,75,75,69,69,69,69,69,69,69,69,69,69,69],"relic_stats":{"counters":[6,26],"Golden Idol":17,"Blue Candle":[0],"Pen Nib":[0],"obtain_stats":[{"Golden Idol":5,"Blue Candle":8,"Pen Nib":9,"Omamori":6,"Cracked Core":0},{"Golden Idol":3,"Blue Candle":5,"Pen Nib":5,"Omamori":4,"Cracked Core":0},{"Golden Idol":11,"Blue Candle":22,"Pen Nib":22,"Omamori":15,"Cracked Core":0}]},"card_choices":[{"not_picked":["Conserve Battery","Coolheaded"],"picked":"Hello World","floor":1},{"not_picked":["Reprogram","Sweeping Beam"],"picked":"Darkness","floor":2},{"not_picked":["Ball Lightning","Aggregate"],"picked":"Conserve Battery","floor":3},{"not_picked":["Reinforced Body","Chill"],"picked":"Multi-Cast","floor":6},{"not_picked":["Rebound","Streamline","Reprogram"],"picked":"SKIP","floor":8}],"player_experience":281227,"relics_obtained":[{"floor":6,"key":"Omamori"},{"floor":8,"key":"Blue Candle"},{"floor":9,"key":"Pen Nib"}],"event_choices":[{"damage_healed":0,"gold_gain":0,"player_choice":"Lose Max HP","damage_taken":0,"relics_obtained":["Golden Idol"],"max_hp_gain":0,"max_hp_loss":6,"event_name":"Golden Idol","floor":5,"gold_loss":0},{"damage_healed":0,"gold_gain":0,"player_choice":"Left Gold","damage_taken":0,"max_hp_gain":0,"max_hp_loss":0,"event_name":"World of Goop","floor":12,"gold_loss":23}],"is_beta":false,"boss_relics":[],"items_purged_floors":[4],"is_endless":false,"potions_floor_spawned":[2,3],"killed_by":"Gremlin Nob","ascension_level":5}}