{"host":"9oysz4knkucnjyyz","time":1614223221,"event":{"mods":["100% Spire Juice","2.2 Compatiblity","A Penny For Your Troubles","Act Like it!","BaseMod","Better Altar","Better Match","Better Note","Better Sensory Stone","Better Skull","Better Third Choice","BetterRewards","Displayed Cursed Tome","Downfall","Friendly Minions","Googly Eyes","GungeonMod","Hallownest","Hermit","Library of Ruina","Library of Ruina Extra","Lobotomy","LobotomyExtend","Minty Spire (QoL Compilation)","Reliquary","Spicy Shops","Spire Arcade","Spire Birthday Party","StSLib","The Bug Knight","Wide Potions","everything is the same but u backflip on backflip","slay the spire mod where everything is the same but ironclad has a cowboy hat"],"gold_per_floor":[119,139,153,168,168,203,203,220,244,261,276,276,290,303,303,303,303],"floor_reached":16,"language":"ENG","playtime":538,"items_purged":[],"score":183,"play_id":"046216ed-f7cf-4a05-95bf-b9019b41917b","local_time":"20210224222021","is_ascension_mode":false,"campfire_choices":[{"floor":12,"key":"REST"},{"data":"DegradedShockwave","floor":15,"key":"SMITH"}],"circlet_count":0,"master_deck":["DegradedFairy","DegradedFairy","DegradedFairy","DegradedChain","DegradedChain","DegradedLock","DegradedPillar","DegradedPillar","DegradedShockwave+1","Scorched","RulesOfTheBackstreets","Wellcheers","ChopItOff","OSAHOGD","SunsetBlade","WallGazer","BiXi","LeRegole","CleanUp","CleanUp"],"relics":["PageOfLibrarian","CogitoBucket","RabbitCall","LetterFromLob","PageOfQueenBee","BackwardClock","DemoMod:WhiteGuonStone"],"acts_visited":["Exordium"],"potions_floor_usage":[8],"damage_taken":[{"damage":0,"enemies":"2 Louse","floor":1,"turns":1},{"damage":0,"enemies":"Small Slimes","floor":2,"turns":1},{"damage":0,"enemies":"Jaw Worm","floor":3,"turns":1},{"damage":17,"enemies":"Large Slime","floor":4,"turns":3},{"damage":2,"enemies":"3 Sentries","floor":6,"turns":3},{"damage":2,"enemies":"2 Fungi Beasts","floor":8,"turns":2},{"damage":2,"enemies":"3 Louse","floor":10,"turns":2},{"damage":2,"enemies":"Large Slime","floor":11,"turns":2},{"damage":0,"enemies":"Exordium Wildlife","floor":13,"turns":2},{"damage":0,"enemies":"Lots of Slimes","floor":14,"turns":1},{"damage":62,"enemies":"Hexaghost","floor":16,"turns":4}],"seed_played":"511229174638062386","potions_obtained":[{"floor":4,"key":"PowerPotion"},{"floor":11,"key":"ColorlessPotion"},{"floor":14,"key":"Energy Potion"}],"is_trial":false,"path_per_floor":["M","M","M","M","?","E","M","M","T","M","M","R","M","M","R","B"],"character_chosen":"Librarian","items_purchased":[],"campfire_rested":1,"item_purchase_floors":[],"current_hp_per_floor":[60,60,60,43,43,41,41,39,39,37,35,62,62,62,62,0,0],"gold":303,"neow_bonus":"","is_daily":false,"chose_seed":false,"campfire_upgraded":1,"win_rate":0.0,"timestamp":1614223221,"path_taken":["M","M","M","M","?","E","M","M","T","M","M","R","M","M","R","BOSS"],"items_purchased_type":[],"build_version":"2020-12-22","purchased_purges":0,"victory":false,"max_hp_per_floor":[90,90,90,90,90,90,90,90,90,90,90,90,90,90,90,90,90],"card_choices":[{"not_picked":["BigBadWolf","CherryBlossoms"],"picked":"Scorched","floor":1},{"not_picked":["Pound","UncannyStrike","Bvapour","MirageStorm","MultiHit","DefenseOrder","GuardingStance","HiddenBlade"],"picked":"RulesOfTheBackstreets","floor":1},{"not_picked":["FairyFestival","Bloodbath","BeautyBeast"],"picked":"Singing Bowl","floor":2},{"not_picked":["ShyLook","VoidDream"],"picked":"Wellcheers","floor":2},{"not_picked":["SmokingPipe","UpbeatPerformance","UndertakePrescript","GreatSerpentsImpact","Leap_lor","ForTheFamily","ChiWen","EnergyStrike"],"picked":"ChopItOff","floor":2},{"not_picked":["Murderer","GreedKing","MeatLantern"],"picked":"Singing Bowl","floor":3},{"not_picked":["Bloodbath","Funeral"],"picked":"OSAHOGD","floor":3},{"not_picked":["SomberProcuration","RatsGuideToSurvival","EndlessBattle","FierceCharge","ForTheFamily","ICanCookAnything","Wallop_lor","TimeForALittleTest"],"picked":"SunsetBlade","floor":3},{"not_picked":["SnowQueen","Murderer"],"picked":"WallGazer","floor":4},{"not_picked":["CutIn","SunsetBlade","Wallop_lor","FrontalAssault","SuppressingShot","SearingSword","HiddenBlade","BackAttack"],"picked":"BiXi","floor":4},{"not_picked":["MHz","BigBadWolf","Alriune"],"picked":"Singing Bowl","floor":6},{"not_picked":["GroundSmash","DirtyBlow","DarkCloud","SturdyDefense","YourShield","FaintMemories","BlowItUp","GuidanceOfTheGears"],"picked":"LeRegole","floor":6},{"not_picked":["DreamingCurrent","SingingMachine","CrumblingArmor"],"picked":"Singing Bowl","floor":8},{"not_picked":["GreatSerpentsImpact","BackAttack","SkyClearingCut","Concentration","SinglePointStab","Reload","FendThisOffIfYouCan","SerpentSwordTechnique"],"picked":"CleanUp","floor":8},{"not_picked":["LittlePrince","Laetitia","VoidDream"],"picked":"Singing Bowl","floor":10},{"not_picked":["GuardingStance","BiAn","DeepDrag","AsThePrescriptOrders","Diversion","ClassAndRespect","SinglePointStab","BurningFlash","Collision"],"picked":"SKIP","floor":10},{"not_picked":["Rudolta","BigBadWolf","OldLady"],"picked":"Singing Bowl","floor":11},{"not_picked":["DefenseOrder","SpearedSweep","ClassAndRespect","Multislash","FleetEdge","CombatPreparation","UncannyStrike","HeavyPeaks","TendonChords"],"picked":"SKIP","floor":11},{"not_picked":["VoidDream","SpiderBud","CrumblingArmor"],"picked":"Singing Bowl","floor":13},{"not_picked":["Cruelty","Wallop_lor","SharpenedBlade","YourShield","SuppressingShot","AsThePrescriptOrders","DriedUp","SinglePointStab","NightInTheBackstreets"],"picked":"SKIP","floor":13},{"not_picked":["FairyFestival","Bloodbath","PunishingBird"],"picked":"Singing Bowl","floor":14},{"not_picked":["CoordinatedAssault","SunsetBlade","Outburst","Quickness","SerpentSwordTechnique","FervidEmotions","Multislash","Parry2"],"picked":"CleanUp","floor":14}],"player_experience":382327,"relics_obtained":[{"floor":1,"key":"LetterFromLob"},{"floor":6,"key":"PageOfQueenBee"},{"floor":9,"key":"DemoMod:WhiteGuonStone"}],"event_choices":[],"is_beta":false,"boss_relics":[],"items_purged_floors":[],"is_endless":false,"potions_floor_spawned":[4,11,13,14],"killed_by":"Hexaghost","ascension_level":0}}