{"host":"t6r1isv2bex5ovch","time":1614257298,"event":{"mods":["AchievementEnabler","Act Like it!","Aspiration","BaseMod","Better Altar","Better Match","Better Note","Better Sensory Stone","Better Skull","Better Third Choice","Better Vampires","Bossed Relics","Colored Powertips","Displayed Cursed Tome","Evolution","Fox Events","Gremlin Skip","Halation","Highlight Path","Hubris","Infinite Spire","Minty Spire (QoL Compilation)","Reliquary","Ruina","Spire Arcade","StSLib"],"gold_per_floor":[112,37,37,0,16,42,42,70,70,70,87,106,106,132,132,227,227,239,253,153,153,165,165,165,193,193,193,205,33,67,167,167,266,266,301,301,345,388,142,168,168,211,258,274,134,134,147,157,157,157],"floor_reached":51,"language":"ENG","playtime":5263,"items_purged":["Strike_P","Strike_P","Defend_P","Defend_P","Defend_P","Defend_P","Eruption+1"],"score":1013,"play_id":"4639122f-91f6-456f-a7ca-77f5dfce7630","local_time":"20210225234818","is_ascension_mode":true,"campfire_choices":[{"data":"Enlightenment","floor":7.0,"key":"SMITH"},{"data":"TalkToTheHand","floor":10.0,"key":"SMITH"},{"data":"Eruption","floor":15.0,"key":"SMITH"},{"data":"Devotion","floor":23.0,"key":"SMITH"},{"data":"Worship","floor":32.0,"key":"SMITH"},{"data":"Prostrate","floor":41.0,"key":"SMITH"},{"floor":49,"key":"REST"}],"circlet_count":0,"master_deck":["FlyingSleeves","FlyingSleeves","Vigilance","Enlightenment+1","TalkToTheHand+1","Consecrate","FollowUp","Devotion+1","SandsOfTime+1","TalkToTheHand+1","Worship+1","Evaluate","Prostrate+1","Wish","Evaluate","Wireheading+1","Alpha","Prostrate+1","TalkToTheHand+1","Devotion"],"relics":["PureWater","EVO:Axolotl","halation:PinkSoulGem","aspiration:HummingbirdHeart","hubris:BundleOfHerbs","reliquary:Dhvaja","hubris:Towel","reliquary:NewFriend","VioletLotus","hubris:SlimyHat","reliquary:PartyBalloon","Bag of Marbles","Gremlin Horn","The Courier","infinitespire:CursedDice","aspiration:PoetsPen_weak","aspiration:Nostalgia","Burning Blood","reliquary:PorcupineQuills","Lantern"],"acts_visited":["Exordium","TheCity","TheBeyond"],"potions_floor_usage":[50,50],"damage_taken":[{"damage":0.0,"enemies":"2 Louse","floor":1.0,"turns":1.0},{"damage":0.0,"enemies":"Jaw Worm","floor":5.0,"turns":1.0},{"damage":32.0,"enemies":"Lagavulin","floor":6.0,"turns":4.0},{"damage":32.0,"enemies":"3 Sentries","floor":8.0,"turns":10.0},{"damage":0.0,"enemies":"Cultist","floor":11.0,"turns":2.0},{"damage":0.0,"enemies":"2 Fungi Beasts","floor":12.0,"turns":2.0},{"damage":9.0,"enemies":"Gremlin Nob","floor":14.0,"turns":4.0},{"damage":11.0,"enemies":"Hexaghost","floor":16.0,"turns":7.0},{"damage":6.0,"enemies":"Spheric Guardian","floor":18.0,"turns":3.0},{"damage":4.0,"enemies":"Shell Parasite","floor":19.0,"turns":5.0},{"damage":0.0,"enemies":"Snake Plant","floor":22.0,"turns":3.0},{"damage":0.0,"enemies":"Book of Stabbing","floor":25.0,"turns":3.0},{"damage":10.0,"enemies":"Shelled Parasite and Fungi","floor":28.0,"turns":4.0},{"damage":0.0,"enemies":"Gremlin Leader","floor":30.0,"turns":4.0},{"damage":12.0,"enemies":"Colosseum Slavers","floor":31.0,"turns":4.0},{"damage":9.0,"enemies":"Colosseum Nobs","floor":31.0,"turns":6.0},{"damage":0.0,"enemies":"Champ","floor":33.0,"turns":8.0},{"damage":0.0,"enemies":"3 Darklings","floor":35.0,"turns":4.0},{"damage":38.0,"enemies":"3 Shapes","floor":37.0,"turns":2.0},{"damage":4.0,"enemies":"Sphere and 2 Shapes","floor":38.0,"turns":2.0},{"damage":18.0,"enemies":"Reptomancer","floor":40.0,"turns":4.0},{"damage":6.0,"enemies":"Maw","floor":42.0,"turns":5.0},{"damage":7.0,"enemies":"Writhing Mass","floor":44.0,"turns":6.0},{"damage":6.0,"enemies":"Sphere and 2 Shapes","floor":47.0,"turns":3.0},{"damage":13.0,"enemies":"Jaw Worm Horde","floor":48.0,"turns":3.0},{"damage":68,"enemies":"Time Eater","floor":50,"turns":9}],"seed_played":"496681181888359401","potions_obtained":[{"floor":6.0,"key":"Ancient Potion"},{"floor":8.0,"key":"Dexterity Potion"},{"floor":16.0,"key":"Block Potion"},{"floor":18.0,"key":"FearPotion"},{"floor":28.0,"key":"Strength Potion"},{"floor":37.0,"key":"Weak Potion"},{"floor":38.0,"key":"Block Potion"},{"floor":44.0,"key":"PowerPotion"},{"floor":47.0,"key":"StancePotion"}],"is_trial":false,"path_per_floor":["M","$","?","?","M","E","R","E","T","R","M","M","?","E","R","B",null,"M","M","$","?","M","R","?","E","T","AVR","M","$","E","?","R","B",null,"M","AVR","M","M","$","E","R","M","T","M","$","?","M","M","R","B",null],"character_chosen":"WATCHER","items_purchased":["Prostrate","aspiration:Nostalgia"],"campfire_rested":1,"item_purchase_floors":[29,39],"current_hp_per_floor":[79,79,79,85,85,53,53,21,21,21,21,21,21,36,36,31,72,66,62,62,62,62,62,62,62,62,62,52,52,52,36,36,36,73,73,73,35,31,31,24,24,30,30,29,29,29,29,22,47,57],"gold":157,"neow_bonus":"TEN_PERCENT_HP_BONUS","is_daily":false,"chose_seed":false,"campfire_upgraded":6,"win_rate":0.0,"timestamp":1614257298,"path_taken":["M","$","?","?","M","E","R","E","T","R","M","M","?","E","R","BOSS","M","M","$","?","?","R","?","E","T","AVR","M","$","E","?","R","BOSS","M","AVR","M","M","$","E","R","M","T","M","$","?","?","M","R","BOSS"],"items_purchased_type":["Card","Relic"],"build_version":"2020-12-22","purchased_purges":7,"victory":true,"max_hp_per_floor":[79,79,79,85,85,85,85,85,85,85,85,85,85,85,85,85,85,85,85,85,85,85,85,85,85,85,85,85,85,85,85,85,85,85,85,85,85,85,85,85,85,85,85,85,85,85,85,85,85,85],"card_choices":[{"not_picked":["DeceiveReality","BowlingBash","FlyingSleeves"],"picked":"SKIP","floor":1.0},{"not_picked":["Vengeance","Indignation","FlurryOfBlows"],"picked":"SKIP","floor":5.0},{"not_picked":["Vengeance","Evaluate"],"picked":"TalkToTheHand","floor":6.0},{"not_picked":["Adaptation","FlyingSleeves"],"picked":"Consecrate","floor":8.0},{"not_picked":["CrushJoints","WreathOfFlame","EmptyBody"],"picked":"SKIP","floor":11.0},{"not_picked":["Consecrate","EmptyBody"],"picked":"FollowUp","floor":12.0},{"not_picked":["ReachHeaven","Halt","ClearTheMind"],"picked":"SKIP","floor":14.0},{"not_picked":["ConjureBlade","Ragnarok"],"picked":"Devotion","floor":16.0},{"not_picked":["FlyingSleeves+1","CutThroughFate+1"],"picked":"SandsOfTime+1","floor":18.0},{"not_picked":["LessonLearned","Indignation","Worship"],"picked":"SKIP","floor":19.0},{"not_picked":["FlurryOfBlows","EmptyFist","EmptyBody"],"picked":"SKIP","floor":22.0},{"not_picked":["PathToVictory","ForeignInfluence"],"picked":"Worship","floor":25.0},{"not_picked":["Halt","EmptyBody"],"picked":"Evaluate","floor":28.0},{"not_picked":["Tantrum+1","FollowUp","SpiritShield"],"picked":"SKIP","floor":30.0},{"not_picked":["DeusExMachina","Vault"],"picked":"Wish","floor":33.0},{"not_picked":["ThirdEye","FlurryOfBlows"],"picked":"Evaluate","floor":35.0},{"not_picked":["WaveOfTheHand","Consecrate"],"picked":"Wireheading+1","floor":37.0},{"not_picked":["LikeWater","Tantrum"],"picked":"Alpha","floor":38.0},{"not_picked":["PathToVictory+1","Indignation+1","Halt+1"],"picked":"SKIP","floor":40.0},{"not_picked":["PathToVictory+1","Crescendo"],"picked":"Prostrate+1","floor":42.0},{"not_picked":["SashWhip+1","Halt"],"picked":"TalkToTheHand","floor":44.0},{"not_picked":["EmptyMind","EmptyFist+1","CrushJoints"],"picked":"SKIP","floor":47.0},{"not_picked":["ThirdEye+1","BowlingBash"],"picked":"Devotion","floor":48.0}],"player_experience":429833,"relics_obtained":[{"floor":6.0,"key":"aspiration:HummingbirdHeart"},{"floor":8.0,"key":"hubris:BundleOfHerbs"},{"floor":9.0,"key":"reliquary:Dhvaja"},{"floor":14.0,"key":"reliquary:NewFriend"},{"floor":25.0,"key":"reliquary:PartyBalloon"},{"floor":26.0,"key":"Bag of Marbles"},{"floor":30.0,"key":"Gremlin Horn"},{"floor":31.0,"key":"The Courier"},{"floor":31.0,"key":"infinitespire:CursedDice"},{"floor":40.0,"key":"reliquary:PorcupineQuills"},{"floor":43.0,"key":"Lantern"}],"event_choices":[{"damage_healed":0.0,"max_hp_gain":0.0,"max_hp_loss":0.0,"gold_gain":0.0,"event_name":"betterThird:BetterSerpent","player_choice":"RENOUNCE","floor":4.0,"gold_loss":37.0,"damage_taken":37.0,"cards_obtained":["Enlightenment"]},{"damage_healed":0.0,"max_hp_gain":0.0,"max_hp_loss":0.0,"gold_gain":0.0,"event_name":"Duplicator","player_choice":"Copied","floor":21.0,"gold_loss":0.0,"damage_taken":0.0,"cards_obtained":["TalkToTheHand"]},{"damage_healed":0.0,"max_hp_gain":0.0,"max_hp_loss":0.0,"gold_gain":0.0,"event_name":"The Mausoleum","player_choice":"Opened","floor":24.0,"gold_loss":0.0,"damage_taken":0.0,"relics_obtained":["hubris:SlimyHat"]},{"damage_healed":0.0,"max_hp_gain":0.0,"max_hp_loss":0.0,"gold_gain":0.0,"event_name":"Colosseum","player_choice":"Fight","floor":31.0,"gold_loss":0.0,"damage_taken":0.0},{"damage_healed":0.0,"max_hp_gain":0.0,"max_hp_loss":0.0,"gold_gain":0.0,"event_name":"Colosseum","player_choice":"Fought Nobs","floor":31.0,"gold_loss":0.0,"damage_taken":0.0},{"damage_healed":0.0,"max_hp_gain":0.0,"max_hp_loss":0.0,"gold_gain":0.0,"event_name":"Upgrade Shrine","player_choice":"Upgraded","floor":46.0,"gold_loss":0.0,"damage_taken":0.0,"cards_upgraded":["TalkToTheHand"]}],"is_beta":false,"boss_relics":[{"not_picked":["hubris:RunicObelisk","SlaversCollar"],"picked":"VioletLotus"},{"not_picked":["Pandora\u0027s Box","halation:MonkeysPaw"],"picked":"aspiration:PoetsPen_weak"}],"items_purged_floors":[2,20,27,29,36,39,45],"is_endless":false,"potions_floor_spawned":[6,8,16,18,19,28,37,38,44,47],"ascension_level":5}}