{"host":"08xvxt5w1s7zc7e5","time":1614245443,"event":{"mods":["AchievementEnabler","BaseMod","DeckTracker","Minty Spire (QoL Compilation)","Quick Restart","StSLib","SuperFastMode"],"gold_per_floor":[109,29,29,29,52,83,103,147,147,147,109,34,34,58,58,187,187,211,211,211],"floor_reached":19,"language":"KOR","playtime":376,"items_purged":["Regret"],"score":310,"play_id":"3d575144-ccef-4178-a94e-548b97cc2bf7","local_time":"20210225183043","is_ascension_mode":true,"campfire_choices":[{"data":"Neutralize","floor":10.0,"key":"SMITH"},{"data":"Footwork","floor":13.0,"key":"SMITH"},{"data":"Footwork","floor":15,"key":"SMITH"}],"circlet_count":0,"master_deck":["AscendersBane","Strike_G","Strike_G","Strike_G","Strike_G","Strike_G","Defend_G","Defend_G","Defend_G","Defend_G","Defend_G","Survivor","Neutralize+1","Dagger Spray","Footwork+1","Backflip","After Image","Backstab","Terror","Footwork+1","Venomology","CurseOfTheBell"],"relics":["Ring of the Snake","NeowsBlessing","Golden Idol","StoneCalendar","Gambling Chip","Singing Bowl","Pocketwatch","Calling Bell","Omamori","Ninja Scroll","Turnip"],"acts_visited":["Exordium","TheCity"],"potions_floor_usage":[],"damage_taken":[{"damage":0.0,"enemies":"Small Slimes","floor":1.0,"turns":1.0},{"damage":0.0,"enemies":"2 Louse","floor":5.0,"turns":1.0},{"damage":0.0,"enemies":"3 Sentries","floor":6.0,"turns":2.0},{"damage":4.0,"enemies":"Jaw Worm","floor":7.0,"turns":7.0},{"damage":8.0,"enemies":"Gremlin Nob","floor":8.0,"turns":3.0},{"damage":2,"enemies":"Gremlin Gang","floor":14,"turns":6},{"damage":12,"enemies":"Hexaghost","floor":16,"turns":13},{"damage":0,"enemies":"Spheric Guardian","floor":18,"turns":7},{"damage":0,"enemies":"Masked Bandits","floor":19,"turns":1}],"seed_played":"-3535905374606853968","potions_obtained":[{"floor":5.0,"key":"EntropicBrew"},{"floor":7.0,"key":"LiquidBronze"}],"is_trial":false,"path_per_floor":["M","$","?","?","M","E","M","E","T","R","$","$","R","M","R","B",null,"M","?"],"character_chosen":"THE_SILENT","items_purchased":["Footwork","Footwork"],"campfire_rested":0,"item_purchase_floors":[2,11],"current_hp_per_floor":[63,63,63,63,63,63,59,51,51,51,51,51,51,51,51,39,60,62,62,62],"gold":211,"neow_bonus":"THREE_ENEMY_KILL","is_daily":false,"chose_seed":false,"campfire_upgraded":3,"win_rate":0.0,"timestamp":1614245443,"path_taken":["M","$","?","?","M","E","M","E","T","R","?","$","R","?","R","BOSS","M","?"],"items_purchased_type":["Card","Card"],"build_version":"2020-12-22","purchased_purges":1,"victory":false,"max_hp_per_floor":[70,70,65,65,65,65,65,65,65,65,65,65,65,67,67,67,67,69,69,69],"card_choices":[{"not_picked":["Quick Slash","Underhanded Strike"],"picked":"Dagger Spray","floor":1.0},{"not_picked":["Deflect","Acrobatics"],"picked":"Backflip","floor":5.0},{"not_picked":["Backflip","Prepared"],"picked":"After Image","floor":6.0},{"not_picked":["Eviscerate","Choke"],"picked":"Backstab","floor":7.0},{"not_picked":["Leg Sweep","Skewer"],"picked":"Terror","floor":8.0},{"not_picked":["Cloak And Dagger","Flying Knee","Setup"],"picked":"Singing Bowl","floor":14},{"not_picked":["Glass Knife","Malaise"],"picked":"Venomology","floor":16},{"not_picked":["Acrobatics","Blade Dance","Flying Knee+1"],"picked":"Singing Bowl","floor":18}],"player_experience":426459,"relics_obtained":[{"floor":6.0,"key":"Gambling Chip"},{"floor":8.0,"key":"Singing Bowl"},{"floor":9.0,"key":"Pocketwatch"},{"floor":17,"key":"Omamori"},{"floor":17,"key":"Ninja Scroll"},{"floor":17,"key":"Turnip"}],"event_choices":[{"damage_healed":0.0,"max_hp_gain":0.0,"max_hp_loss":5.0,"gold_gain":0.0,"event_name":"Golden Idol","player_choice":"Lose Max HP","floor":3.0,"gold_loss":0.0,"damage_taken":0.0,"relics_obtained":["Golden Idol"]},{"damage_healed":0.0,"max_hp_gain":0.0,"max_hp_loss":0.0,"gold_gain":0.0,"event_name":"Big Fish","player_choice":"Box","floor":4.0,"gold_loss":0.0,"damage_taken":0.0,"relics_obtained":["StoneCalendar"],"cards_obtained":["Regret"]},{"damage_healed":0,"gold_gain":0,"player_choice":"Fought Bandits","damage_taken":0,"max_hp_gain":0,"max_hp_loss":0,"event_name":"Masked Bandits","floor":19,"gold_loss":0}],"is_beta":false,"boss_relics":[{"not_picked":["Sozu","Busted Crown"],"picked":"Calling Bell"}],"items_purged_floors":[12],"is_endless":false,"potions_floor_spawned":[5,7],"killed_by":"Masked Bandits","ascension_level":11}}