{"host":"qksa0nge77ubun9a","time":1614213551,"event":{"mods":["AchievementEnabler","BaseMod","Colored Map","Colored Powertips","Googly Eyes","Highlight Path","Minty Spire (QoL Compilation)","Quick Restart","StSLib"],"gold_per_floor":[115,115,128,17,17,17,46,64,64,84,100,100,133,35,35,110,110,129,157,157,157,167,167,201,211,211,211,226,245,264,276,276,350,350,360,360,360,360],"floor_reached":37,"language":"ENG","playtime":3695,"items_purged":["Strike_R"],"score":794,"play_id":"7d3e7afd-9115-4332-abd8-60082699e8a7","local_time":"20210224163911","is_ascension_mode":true,"campfire_choices":[{"data":"Armaments","floor":6.0,"key":"SMITH"},{"data":"Havoc","floor":15.0,"key":"SMITH"},{"floor":23.0,"key":"REST"},{"floor":27.0,"key":"REST"},{"floor":32.0,"key":"REST"}],"circlet_count":0,"master_deck":["AscendersBane","Strike_R","Strike_R","Strike_R","Defend_R","Defend_R+1","Defend_R+1","Bash","Armaments+1","Body Slam","Metallicize","Dropkick","Havoc+1","Dropkick","Warcry","Metallicize","Rupture","Offering","Rupture+1","Ghostly","Ghostly","Ghostly","Ghostly","Ghostly","Offering","Sword Boomerang","Feel No Pain+1","Rampage","Shrug It Off","Barricade","Rage","Headbutt","Juggernaut","CurseOfTheBell","Seeing Red+1"],"relics":["Burning Blood","Kunai","Vajra","Akabeko","Nunchaku","SacredBark","Red Mask","Anchor","The Courier","Calling Bell","Strawberry","Toxic Egg 2","Girya","Self Forming Clay"],"acts_visited":["Exordium","TheCity","TheBeyond"],"potions_floor_usage":[],"damage_taken":[{"damage":3.0,"enemies":"2 Louse","floor":1.0,"turns":4.0},{"damage":12.0,"enemies":"Jaw Worm","floor":3.0,"turns":3.0},{"damage":13.0,"enemies":"Gremlin Nob","floor":7.0,"turns":4.0},{"damage":0.0,"enemies":"Small Slimes","floor":8.0,"turns":3.0},{"damage":0.0,"enemies":"2 Fungi Beasts","floor":10.0,"turns":4.0},{"damage":4.0,"enemies":"Red Slaver","floor":11.0,"turns":3.0},{"damage":9.0,"enemies":"3 Sentries","floor":13.0,"turns":10.0},{"damage":11.0,"enemies":"Hexaghost","floor":16.0,"turns":10.0},{"damage":23.0,"enemies":"2 Thieves","floor":18.0,"turns":3.0},{"damage":44.0,"enemies":"Masked Bandits","floor":19.0,"turns":7.0},{"damage":7.0,"enemies":"Spheric Guardian","floor":22.0,"turns":6.0},{"damage":19.0,"enemies":"Gremlin Leader","floor":24.0,"turns":8.0},{"damage":9.0,"enemies":"Shelled Parasite and Fungi","floor":25.0,"turns":5.0},{"damage":7.0,"enemies":"Cultist and Chosen","floor":28.0,"turns":8.0},{"damage":9.0,"enemies":"Snecko","floor":29.0,"turns":7.0},{"damage":0.0,"enemies":"Centurion and Healer","floor":30.0,"turns":7.0},{"damage":3.0,"enemies":"Snake Plant","floor":31.0,"turns":8.0},{"damage":12.0,"enemies":"Champ","floor":33.0,"turns":11.0},{"damage":11.0,"enemies":"3 Shapes","floor":35.0,"turns":8.0},{"damage":105,"enemies":"2 Orb Walkers","floor":37,"turns":6}],"seed_played":"-989696706077534048","potions_obtained":[{"floor":3.0,"key":"PowerPotion"},{"floor":8.0,"key":"DistilledChaos"},{"floor":10.0,"key":"Strength Potion"},{"floor":11.0,"key":"DistilledChaos"},{"floor":19.0,"key":"BlessingOfTheForge"},{"floor":24.0,"key":"Explosive Potion"},{"floor":25.0,"key":"Block Potion"},{"floor":30.0,"key":"AttackPotion"}],"is_trial":false,"path_per_floor":["M","?","M","$","?","R","E","M","T","M","M","?","E","$","R","B",null,"M","?","?","?","M","R","E","M","T","R","M","M","M","M","R","B",null,"M","T","?"],"character_chosen":"IRONCLAD","items_purchased":["Dropkick","FairyPotion"],"campfire_rested":3,"item_purchase_floors":[4,14],"current_hp_per_floor":[75,68,62,62,46,46,39,45,45,51,53,35,32,32,32,27,67,50,12,12,12,11,23,10,7,7,19,18,15,21,24,36,30,45,40,40,0,0],"gold":360,"neow_bonus":"TRANSFORM_CARD","is_daily":false,"chose_seed":false,"campfire_upgraded":2,"win_rate":0.0,"timestamp":1614213551,"path_taken":["M","?","M","$","?","R","E","M","T","M","M","?","E","?","R","BOSS","M","?","?","?","M","R","E","M","T","R","M","M","M","M","R","BOSS","M","?","?"],"items_purchased_type":["Card","Potion"],"build_version":"2020-12-22","purchased_purges":1,"victory":false,"max_hp_per_floor":[80,80,80,80,80,80,80,80,80,80,80,80,80,80,80,80,80,80,80,40,40,40,40,40,40,40,40,40,40,40,40,40,40,47,47,47,47,47],"card_choices":[{"not_picked":["Iron Wave","Armaments"],"picked":"Body Slam","floor":1.0},{"not_picked":["Blood for Blood","Thunderclap"],"picked":"Metallicize","floor":3.0},{"not_picked":["Flex","Uppercut"],"picked":"Havoc","floor":7.0},{"not_picked":["Cleave","Havoc"],"picked":"Dropkick","floor":8.0},{"not_picked":["Anger","Searing Blow"],"picked":"Warcry","floor":10.0},{"not_picked":["Whirlwind","Battle Trance"],"picked":"Metallicize","floor":11.0},{"not_picked":["Ghostly Armor","Perfected Strike"],"picked":"Rupture","floor":13.0},{"not_picked":["Immolate","Fiend Fire"],"picked":"Offering","floor":16.0},{"not_picked":["Sever Soul","Clothesline","Perfected Strike"],"picked":"SKIP","floor":18.0},{"not_picked":["Thunderclap","Perfected Strike"],"picked":"Rupture+1","floor":19.0},{"not_picked":["Flex","Warcry"],"picked":"Sword Boomerang","floor":22.0},{"not_picked":["Havoc","Body Slam+1"],"picked":"Feel No Pain+1","floor":24.0},{"not_picked":["Sword Boomerang","Spot Weakness"],"picked":"Rampage","floor":25.0},{"not_picked":["Reckless Charge","Perfected Strike"],"picked":"Shrug It Off","floor":28.0},{"not_picked":["Flame Barrier","Wild Strike"],"picked":"Barricade","floor":29.0},{"not_picked":["Second Wind","Clash"],"picked":"Rage","floor":30.0},{"not_picked":["Reckless Charge","Sword Boomerang"],"picked":"Headbutt","floor":31.0},{"not_picked":["Barricade","Demon Form"],"picked":"Juggernaut","floor":33.0},{"not_picked":["Rage+1","Havoc+1"],"picked":"Seeing Red+1","floor":35.0}],"player_experience":1429956,"relics_obtained":[{"floor":7.0,"key":"Kunai"},{"floor":9.0,"key":"Vajra"},{"floor":13.0,"key":"Nunchaku"},{"floor":19.0,"key":"Red Mask"},{"floor":24.0,"key":"Anchor"},{"floor":26.0,"key":"The Courier"},{"floor":34.0,"key":"Strawberry"},{"floor":34.0,"key":"Toxic Egg 2"},{"floor":34.0,"key":"Girya"},{"floor":36.0,"key":"Self Forming Clay"}],"event_choices":[{"cards_removed":["Defend_R"],"damage_healed":0.0,"max_hp_gain":0.0,"max_hp_loss":0.0,"gold_gain":0.0,"event_name":"Golden Wing","player_choice":"Card Removal","floor":2.0,"gold_loss":0.0,"damage_taken":7.0},{"damage_healed":0.0,"max_hp_gain":0.0,"max_hp_loss":0.0,"gold_gain":0.0,"event_name":"Shining Light","player_choice":"Entered Light","floor":5.0,"gold_loss":0.0,"damage_taken":16.0,"cards_upgraded":["Defend_R","Defend_R"]},{"damage_healed":0.0,"max_hp_gain":0.0,"max_hp_loss":0.0,"gold_gain":0.0,"event_name":"Scrap Ooze","player_choice":"Success","floor":12.0,"gold_loss":0.0,"damage_taken":18.0,"relics_obtained":["Akabeko"]},{"damage_healed":0.0,"max_hp_gain":0.0,"max_hp_loss":0.0,"gold_gain":0.0,"event_name":"Masked Bandits","player_choice":"Fought Bandits","floor":19.0,"gold_loss":0.0,"damage_taken":0.0},{"damage_healed":0.0,"max_hp_gain":0.0,"max_hp_loss":40.0,"gold_gain":0.0,"event_name":"Ghosts","player_choice":"Became a Ghost","floor":20.0,"gold_loss":0.0,"damage_taken":0.0,"cards_obtained":["Ghostly","Ghostly","Ghostly","Ghostly","Ghostly"]},{"damage_healed":0.0,"max_hp_gain":0.0,"max_hp_loss":0.0,"gold_gain":0.0,"event_name":"Duplicator","player_choice":"Copied","floor":21.0,"gold_loss":0.0,"damage_taken":0.0,"cards_obtained":["Offering"]},{"damage_healed":0,"gold_gain":0,"player_choice":"Fight","damage_taken":0,"max_hp_gain":0,"max_hp_loss":0,"event_name":"Mysterious Sphere","floor":37,"gold_loss":0}],"is_beta":false,"boss_relics":[{"not_picked":["Sozu","Snecko Eye"],"picked":"SacredBark"},{"not_picked":["Velvet Choker","Mark of Pain"],"picked":"Calling Bell"}],"items_purged_floors":[4],"is_endless":false,"potions_floor_spawned":[3,8,10,11,19,24,25,29,30],"killed_by":"2 Orb Walkers","ascension_level":13}}