{"host":"hxbbrccw7ig68b38","time":1614270405,"event":{"mods":["BaseMod","Hermit","Minty Spire (QoL Compilation)","Replay The Spire","StSLib","The Cursed"],"gold_per_floor":[113,113,113,113,131,131,163,163,245,264,41,54,64,76,76,188,188,221,253,31,31,53,53,70,85,85,112,136,158,167,195,195,316,316,337,363,379,396,405,405,405,405,474,501,521,540,91,107,107,117],"floor_reached":51,"language":"KOR","playtime":1523,"items_purged":["Mind Blast","Toxin Wave"],"score":730,"play_id":"fb6f1b1a-45a7-45cd-bcd1-0678ad111843","local_time":"20210226012645","daily_mods":["Draft","Hoarder","Vintage","Green Cards","Colorless Cards","Heirloom","Time Dilation","Uncertain Future"],"is_ascension_mode":false,"campfire_choices":[{"floor":6,"key":"REST"},{"data":"Catalyst","floor":8,"key":"SMITH"},{"data":"Catalyst","floor":15,"key":"SMITH"},{"data":"Toxin Wave","floor":23,"key":"SMITH"},{"data":"Specialist","floor":30,"key":"SMITH"},{"data":"Specialist","floor":32,"key":"SMITH"},{"data":"Mind Blast","floor":40,"key":"SMITH"},{"data":"Mind Blast","floor":42,"key":"SMITH"},{"data":"Specialist","floor":49,"key":"SMITH"}],"circlet_count":0,"master_deck":["Specialist+1","Specialist+1","Specialist+1","Deadly Poison","Deadly Poison","Deadly Poison","Deadly Poison","Deadly Poison","Deadly Poison","Acrobatics","Acrobatics","Acrobatics","Deflect","Deflect","Deflect","Replay:Poison Smokescreen","Replay:Poison Smokescreen","Replay:Poison Smokescreen","Deadly Poison","Deadly Poison","Deadly Poison","Backflip+1","Backflip","Backflip","Bane","Bane","Bane","Catalyst+1","Catalyst+1","Catalyst+1","Acrobatics","Acrobatics","Acrobatics","Poisoned Stab","Poisoned Stab","Poisoned Stab","ReplayTheSpireMod:The Works","ReplayTheSpireMod:The Works","Slice","Slice","Slice","PiercingWail","PiercingWail","PiercingWail","Slice","Slice","Slice","Toxin Wave+1","Toxin Wave","Toxin Wave","TheCursedMod:Dregs","TheCursedMod:Dregs","TheCursedMod:Dregs","Crippling Poison","Crippling Poison","Crippling Poison","Corpse Explosion","Corpse Explosion","Corpse Explosion","Mind Blast+1","Mind Blast+1","Mind Blast","Poisoned Stab","Poisoned Stab","Poisoned Stab"],"relics":["Ring of the Snake","replay:Trail_Library","Prayer Wheel","Singing Bowl","NeowsBlessing","Chameleon Ring","Eternal Feather","White Beast Statue","Meat on the Bone","TwistedFunnel","Quantum Egg","Bronze Scales","Replay:Bandana","Astrolabe","MawBank","Tiny Chest","Snake Skull","Mummified Hand","ReplayFunnel","ReplayTheSpireMod:Ninjato","Art of War","CeramicFish","Regal Pillow","Pet Ghost","Oddly Smooth Stone","ChewingGum","Bottled Lightning","Orichalcum","Bag of Marbles","Bag of Preparation","NeowsBlessing","Toxic Egg 2","Paper Crane","Membership Card","StoneCalendar","Unceasing Top"],"acts_visited":["Exordium","TheCity","TheBeyond"],"potions_floor_usage":[13,16,31,31,33,50],"damage_taken":[{"damage":7,"enemies":"Jaw Worm","floor":1,"turns":2},{"damage":0,"enemies":"Small Slimes","floor":5,"turns":1},{"damage":0,"enemies":"Lagavulin","floor":7,"turns":1},{"damage":0,"enemies":"Cultist","floor":10,"turns":1},{"damage":3,"enemies":"Gremlin Gang","floor":12,"turns":2},{"damage":1,"enemies":"2 Fungi Beasts","floor":13,"turns":2},{"damage":0,"enemies":"Looter","floor":14,"turns":1},{"damage":0,"enemies":"Slime Boss","floor":16,"turns":2},{"damage":5,"enemies":"Chosen","floor":18,"turns":3},{"damage":0,"enemies":"Spheric Guardian","floor":19,"turns":2},{"damage":0,"enemies":"Chosen and Byrds","floor":22,"turns":3},{"damage":7,"enemies":"Snake Plant","floor":24,"turns":2},{"damage":13,"enemies":"Centurion and Healer","floor":25,"turns":4},{"damage":2,"enemies":"Cultist and Chosen","floor":27,"turns":3},{"damage":0,"enemies":"Shelled Parasite and Fungi","floor":28,"turns":2},{"damage":20,"enemies":"Centurion and Healer","floor":29,"turns":2},{"damage":18,"enemies":"Slavers","floor":31,"turns":2},{"damage":23,"enemies":"Champ","floor":33,"turns":6},{"damage":12,"enemies":"3 Darklings","floor":35,"turns":3},{"damage":0,"enemies":"Orb Walker","floor":37,"turns":2},{"damage":0,"enemies":"Spire Growth","floor":38,"turns":1},{"damage":0,"enemies":"Nemesis","floor":44,"turns":1},{"damage":0,"enemies":"Transient","floor":45,"turns":1},{"damage":0,"enemies":"3 Darklings","floor":46,"turns":1},{"damage":0,"enemies":"4 Shapes","floor":48,"turns":1},{"damage":23,"enemies":"Replay:Hell Engine","floor":50,"turns":3}],"seed_played":"6658989494957913285","potions_obtained":[{"floor":5,"key":"SpeedPotion"},{"floor":10,"key":"PowerPotion"},{"floor":12,"key":"Ancient Potion"},{"floor":13,"key":"ColorlessPotion"},{"floor":16,"key":"CunningPotion"},{"floor":24,"key":"Cursed Concoction"},{"floor":25,"key":"PowerPotion"},{"floor":28,"key":"Toxic Potion"},{"floor":31,"key":"GamblersBrew"},{"floor":33,"key":"FairyPotion"},{"floor":35,"key":"SmokeBomb"},{"floor":37,"key":"Fire Potion"}],"is_trial":true,"path_per_floor":["M","?","WH","?","M","R","E","R","T","M","$","M","M","M","R","B",null,"M","M","$","?","M","R","M","M","T","M","M","M","R","E","R","B",null,"M","T","M","M","WH","R","?","R","T","E","M","M","$","M","R","B",null],"character_chosen":"THE_SILENT","items_purchased":["TwistedFunnel","Snake Skull","Toxin Wave","Poisoned Stab","Membership Card","StoneCalendar"],"campfire_rested":1,"item_purchase_floors":[11,20,20,47,47,47],"current_hp_per_floor":[63,49,49,42,42,63,65,72,72,72,72,69,68,68,72,74,74,69,69,69,69,69,74,67,54,54,52,52,44,74,58,76,53,76,64,64,64,64,64,76,76,76,76,78,78,78,78,78,78,55],"gold":117,"neow_bonus":"THREE_ENEMY_KILL","is_daily":false,"chose_seed":false,"campfire_upgraded":8,"win_rate":0.0,"timestamp":1614270405,"path_taken":["M","?","WH","?","M","R","E","R","T","M","$","M","M","M","R","BOSS","M","M","$","?","M","R","M","?","T","M","M","?","R","E","R","BOSS","M","?","M","M","WH","R","?","R","T","E","M","M","$","M","R","BOSS"],"items_purchased_type":["Relic","Relic","Card","Card","Relic","Relic"],"build_version":"2020-12-22","purchased_purges":2,"victory":true,"max_hp_per_floor":[70,70,70,70,70,70,72,72,72,72,72,72,72,72,72,74,74,74,74,74,74,74,74,74,74,74,74,74,74,74,76,76,76,76,76,76,76,76,76,76,76,76,76,78,78,78,78,78,78,78],"card_choices":[{"not_picked":["Deadly Poison","Blade Dance"],"picked":"Specialist","floor":0},{"not_picked":["ReplayTheSpireMod:Private Reserves","Blade Dance"],"picked":"Deadly Poison","floor":0},{"not_picked":["Dagger Throw","Dagger Spray"],"picked":"Deadly Poison","floor":0},{"not_picked":["Deadly Poison","Heel Hook"],"picked":"Acrobatics","floor":0},{"not_picked":["Terror","Dodge and Roll"],"picked":"Deflect","floor":0},{"not_picked":["Underhanded Strike","Dodge and Roll"],"picked":"Replay:Poison Smokescreen","floor":0},{"not_picked":["ReplayTheSpireMod:Scrap Shanks","Calculated Gamble"],"picked":"Deadly Poison","floor":0},{"not_picked":["Jack Of All Trades","Acrobatics"],"picked":"Backflip","floor":0},{"not_picked":["Slice","Bandage Up"],"picked":"Bane","floor":0},{"not_picked":["Poisoned Stab","Tactician"],"picked":"Catalyst","floor":0},{"not_picked":["Deep Breath","ReplayTheSpireMod:Speed Training"],"picked":"Acrobatics","floor":0},{"not_picked":["Prepared","Underhanded Strike"],"picked":"Poisoned Stab","floor":0},{"not_picked":["Fluid Movement","Sucker Punch"],"picked":"ReplayTheSpireMod:The Works","floor":0},{"not_picked":["Dodge and Roll","Deadly Poison"],"picked":"Slice","floor":0},{"not_picked":["Acrobatics","Blade Dance"],"picked":"PiercingWail","floor":0},{"not_picked":["Cloak And Dagger","Survey Options","Slice"],"picked":"Singing Bowl","floor":7},{"not_picked":["Glass Knife","Malaise","ReplayTheSpireMod:From All Sides"],"picked":"Singing Bowl","floor":16},{"not_picked":["Setup","Dagger Throw","Expertise+1"],"picked":"Singing Bowl","floor":31},{"not_picked":["Secret Weapon","Midas Touch"],"picked":"Corpse Explosion","floor":33},{"not_picked":["Caltrops","Infinite Blades+1","Blade Dance+1"],"picked":"Singing Bowl","floor":44}],"player_experience":113683,"relics_obtained":[{"floor":1,"key":"Singing Bowl"},{"floor":5,"key":"Chameleon Ring"},{"floor":7,"key":"Eternal Feather"},{"floor":9,"key":"White Beast Statue"},{"floor":10,"key":"Meat on the Bone"},{"floor":12,"key":"Quantum Egg"},{"floor":13,"key":"Bronze Scales"},{"floor":14,"key":"Replay:Bandana"},{"floor":18,"key":"MawBank"},{"floor":19,"key":"Tiny Chest"},{"floor":22,"key":"Mummified Hand"},{"floor":24,"key":"ReplayFunnel"},{"floor":25,"key":"ReplayTheSpireMod:Ninjato"},{"floor":26,"key":"Art of War"},{"floor":27,"key":"CeramicFish"},{"floor":28,"key":"Regal Pillow"},{"floor":29,"key":"Pet Ghost"},{"floor":31,"key":"Oddly Smooth Stone"},{"floor":35,"key":"Bottled Lightning"},{"floor":36,"key":"Orichalcum"},{"floor":37,"key":"Bag of Marbles"},{"floor":38,"key":"Bag of Preparation"},{"floor":43,"key":"Toxic Egg 2"},{"floor":45,"key":"Paper Crane"},{"floor":48,"key":"Unceasing Top"}],"event_choices":[{"damage_healed":0,"gold_gain":0,"player_choice":"Entered Light","damage_taken":14,"max_hp_gain":0,"max_hp_loss":0,"event_name":"Shining Light","floor":2,"gold_loss":0,"cards_upgraded":["Backflip","Catalyst"]},{"cards_removed":["ReplayTheSpireMod:The Works"],"damage_healed":0,"gold_gain":0,"player_choice":"Card Removal","damage_taken":7,"max_hp_gain":0,"max_hp_loss":0,"event_name":"Golden Wing","floor":4,"gold_loss":0},{"damage_healed":0,"gold_gain":0,"player_choice":"1 cards matched","damage_taken":0,"max_hp_gain":0,"max_hp_loss":0,"event_name":"Match and Keep!","floor":21,"gold_loss":0,"cards_obtained":["TheCursedMod:Dregs"]}],"is_beta":false,"boss_relics":[{"not_picked":["Replay:Wanted Poster","Calling Bell"],"picked":"Astrolabe"},{"not_picked":["HoveringKite","Coffee Dripper"],"picked":"ChewingGum"}],"items_purged_floors":[11,47],"is_endless":false,"potions_floor_spawned":[5,10,12,13,14,16,18,19,22,24,25,27,28,29,31,33,35,37,38,44,45,46,48],"ascension_level":0}}