{"host":"ox77rn1xcurm2t5a","time":1614257010,"event":{"mods":["2.2 Compatiblity","AchievementEnabler","Act Like it!","Aspiration","BaseMod","Best Route Mod","Better Match","Better Note","Better Sensory Stone","Block Reminder","Colored Map","Colored Powertips","Conjunction","Conspire","Custom Start","Energized Spire","GifTheSpireLib","Gold Saver","Gremlin Skip","Halation","Highlight Path","Hubris","Infinite Spire","Minty Spire (QoL Compilation)","Pale of the Ancients","Quick Restart","Reliquary","Replay The Spire","Reworked Bosses","ShortenTheSpire","Spire Exporter","StSLib","Stuff the Spire","Wandering Minibosses"],"gold_per_floor":[197,122,134,148,48,48,73,73,96,96,128,119,119,136,136,235,235,248,253,203,26,26,26],"floor_reached":22,"language":"ENG","playtime":601,"items_purged":["Strike_R","Defend_R"],"score":314,"play_id":"ff45facb-3487-49e2-8a78-ae3e211d3b6a","local_time":"20210225144330","is_ascension_mode":true,"campfire_choices":[{"data":"Perfected Strike","floor":6,"key":"SMITH"},{"data":"Bash","floor":8,"key":"SMITH"},{"floor":13,"key":"RECALL"},{"data":"Cleave","floor":15,"key":"SMITH"}],"circlet_count":0,"master_deck":["AscendersBane","Strike_R","Strike_R","Strike_R","Strike_R","Defend_R","Defend_R","Bash+1","Cleave+1","Perfected Strike+1","Twin Strike","Berserk","Heavy Blade","Clash+1"],"relics":["Burning Blood","reliquary:RoseTintedGlasses","infinitespire:EmpoweringShard","reliquary:Aerogel","SlaversCollar","Gremlin Food"],"acts_visited":["Exordium","TheCity"],"potions_floor_usage":[3,4,16,18,20],"damage_taken":[{"damage":6,"enemies":"Cultist","floor":1,"turns":4},{"damage":0,"enemies":"Small Slimes","floor":3,"turns":2},{"damage":2,"enemies":"2 Louse","floor":4,"turns":4},{"damage":35,"enemies":"3 Sentries","floor":7,"turns":6},{"damage":32,"enemies":"Gremlin Nob","floor":11,"turns":4},{"damage":0,"enemies":"Large Slime","floor":12,"turns":5},{"damage":1,"enemies":"2 Fungi Beasts","floor":14,"turns":2},{"damage":34,"enemies":"Fading Forest","floor":16,"turns":11},{"damage":20,"enemies":"3 Byrds","floor":18,"turns":5},{"damage":28,"enemies":"2 Thieves","floor":19,"turns":4},{"damage":22,"enemies":"3 Cultists","floor":20,"turns":5},{"damage":12,"enemies":"Snake Plant","floor":22,"turns":1}],"seed_played":"-5334541470489850745","potions_obtained":[{"floor":1,"key":"Fire Potion"},{"floor":3,"key":"Ancient Potion"},{"floor":7,"key":"Reflective Coating"},{"floor":14,"key":"SkillPotion"},{"floor":19,"key":"SkillPotion"}],"is_trial":false,"path_per_floor":["M","$","M","M","$","R","E","R","T","?","E","M","R","M","R","B",null,"M","M","M","$","M"],"character_chosen":"IRONCLAD","items_purchased":["Clash+1","Gremlin Food"],"campfire_rested":0,"item_purchase_floors":[21,21],"current_hp_per_floor":[72,72,78,80,80,80,51,51,51,51,25,31,31,36,36,16,64,50,28,12,12,0,0],"gold":26,"neow_bonus":"RANDOM_COMMON_RELIC","is_daily":false,"chose_seed":false,"campfire_upgraded":3,"win_rate":0.0,"timestamp":1614257010,"path_taken":["M","$","?","M","$","R","E","R","T","?","E","M","R","?","R","BOSS","M","M","M","$","M"],"items_purchased_type":["Card","Relic"],"build_version":"2020-12-22","purchased_purges":2,"victory":false,"max_hp_per_floor":[80,80,80,80,80,80,80,80,80,80,80,80,80,80,80,80,80,80,80,80,80,80,80],"card_choices":[{"not_picked":["Disarm","Body Slam"],"picked":"Cleave","floor":1},{"not_picked":["hubris:ReadiedAction","Juggernaut","Iron Wave"],"picked":"SKIP","floor":3},{"not_picked":["Clothesline","True Grit"],"picked":"Perfected Strike","floor":4},{"not_picked":["Shockwave","ReplayTheSpireMod:Strike From Hell","Burning Pact"],"picked":"SKIP","floor":7},{"not_picked":["Flex","Reckless Charge","Iron Wave"],"picked":"SKIP","floor":11},{"not_picked":["StuffTheSpire:RockThrow","Evolve"],"picked":"Twin Strike","floor":12},{"not_picked":["Armaments","infinitespire:OneForAll","StuffTheSpire:Slingshot"],"picked":"SKIP","floor":14},{"not_picked":["Corruption","Demonic Infusion"],"picked":"Berserk","floor":16},{"not_picked":["Ghostly Armor","Anger"],"picked":"Heavy Blade","floor":18},{"not_picked":["Clothesline","Replay:Undeath\u0027s Touch","Life Link"],"picked":"SKIP","floor":19},{"not_picked":["StuffTheSpire:Slingshot","Armaments","hubris:ReadiedAction"],"picked":"SKIP","floor":20}],"player_experience":3258273,"relics_obtained":[{"floor":7,"key":"infinitespire:EmpoweringShard"},{"floor":11,"key":"reliquary:Aerogel"}],"event_choices":[{"cards_removed":["Defend_R"],"damage_healed":0,"gold_gain":0,"player_choice":"Card Removal","damage_taken":0,"max_hp_gain":0,"max_hp_loss":0,"event_name":"Wheel of Change","floor":10,"gold_loss":0}],"is_beta":false,"boss_relics":[{"not_picked":["Ectoplasm","Ooze Armor"],"picked":"SlaversCollar"}],"items_purged_floors":[2,5],"is_endless":false,"potions_floor_spawned":[1,3,7,14,19],"killed_by":"Snake Plant","ascension_level":12}}