{"host":"r4aerl4ckfvw1dw3","time":1614212152,"event":{"mods":["BaseMod","BetterRewards","Minty Spire (QoL Compilation)","Quick Restart","StSLib"],"gold_per_floor":[113,129,204,5,16,49,49,66,117,132,132,132,156,156,156,156,156],"floor_reached":16,"language":"ENG","playtime":1396,"items_purged":[],"score":153,"play_id":"bef51cf9-b19c-4572-9e2d-7e38191ca0bd","local_time":"20210224161552","is_ascension_mode":true,"campfire_choices":[{"floor":7,"key":"REST"},{"floor":12,"key":"REST"},{"floor":15,"key":"REST"}],"circlet_count":0,"master_deck":["AscendersBane","Strike_B","Strike_B","Strike_B","Strike_B","Defend_B","Defend_B","Defend_B","Defend_B","Zap","Dualcast","Electrodynamics","Defragment","Genetic Algorithm","Doom and Gloom","Sweeping Beam","Hologram","Conserve Battery"],"relics":["Cracked Core","Medical Kit","Lantern","Golden Idol","Anchor"],"acts_visited":["Exordium"],"potions_floor_usage":[10,10],"damage_taken":[{"damage":12,"enemies":"Jaw Worm","floor":1,"turns":3},{"damage":4,"enemies":"Small Slimes","floor":2,"turns":3},{"damage":4,"enemies":"Cultist","floor":5,"turns":4},{"damage":32,"enemies":"3 Sentries","floor":6,"turns":4},{"damage":11,"enemies":"Blue Slaver","floor":8,"turns":4},{"damage":12,"enemies":"Exordium Wildlife","floor":10,"turns":4},{"damage":4,"enemies":"Large Slime","floor":13,"turns":5},{"damage":47,"enemies":"Hexaghost","floor":16,"turns":11}],"seed_played":"5162665354176188984","potions_obtained":[{"floor":1,"key":"Strength Potion"},{"floor":6,"key":"Regen Potion"},{"floor":13,"key":"FocusPotion"}],"is_trial":false,"path_per_floor":["M","M","?","$","M","E","R","M","T","M","?","R","M","?","R","B"],"character_chosen":"DEFECT","items_purchased":["Medical Kit","Weak Potion"],"campfire_rested":3,"item_purchase_floors":[4,4],"current_hp_per_floor":[56,52,41,41,37,5,27,16,16,9,9,29,25,22,42,0,0],"gold":156,"neow_bonus":"ONE_RANDOM_RARE_CARD","is_daily":false,"chose_seed":false,"campfire_upgraded":0,"win_rate":0.0,"timestamp":1614212152,"path_taken":["M","M","?","$","M","E","R","M","T","M","?","R","M","?","R","BOSS"],"items_purchased_type":["Relic","Potion"],"build_version":"2020-12-22","purchased_purges":0,"victory":false,"max_hp_per_floor":[75,75,75,75,75,75,75,75,75,75,69,69,69,69,69,69,69],"card_choices":[{"not_picked":["Sweeping Beam","Stack"],"picked":"Defragment","floor":1},{"not_picked":["Streamline","Steam"],"picked":"Genetic Algorithm","floor":2},{"not_picked":["Hologram","Auto Shields"],"picked":"Doom and Gloom","floor":5},{"not_picked":["Auto Shields","Steam","Rebound"],"picked":"SKIP","floor":6},{"not_picked":["Beam Cell","Buffer"],"picked":"Sweeping Beam","floor":8},{"not_picked":["FTL","Double Energy"],"picked":"Hologram","floor":10},{"not_picked":["Heatsinks","Fusion"],"picked":"Conserve Battery","floor":13}],"player_experience":712908,"relics_obtained":[{"floor":9,"key":"Lantern"}],"event_choices":[{"damage_healed":0,"gold_gain":75,"player_choice":"Gather Gold","damage_taken":11,"max_hp_gain":0,"max_hp_loss":0,"event_name":"World of Goop","floor":3,"gold_loss":0},{"damage_healed":0,"gold_gain":0,"player_choice":"Lose Max HP","damage_taken":0,"relics_obtained":["Golden Idol"],"max_hp_gain":0,"max_hp_loss":6,"event_name":"Golden Idol","floor":11,"gold_loss":0},{"damage_healed":0,"gold_gain":0,"player_choice":"Success","damage_taken":3,"relics_obtained":["Anchor"],"max_hp_gain":0,"max_hp_loss":0,"event_name":"Scrap Ooze","floor":14,"gold_loss":0}],"is_beta":false,"boss_relics":[],"items_purged_floors":[],"is_endless":false,"potions_floor_spawned":[1,6,8,13],"killed_by":"Hexaghost","ascension_level":10}}