{"host":"u5p72gjg7qm9i6r4","time":1614229648,"event":{"mods":["AchievementEnabler","BaseMod","Curses Come First","Highlight Path","Minty Spire (QoL Compilation)","Rare Cards Sparkle","StSLib"],"gold_per_floor":[117,135,310,323,341,341,441,466,466,466,476,476,476,490,490,589,589,599,609,628,639,639,672,672,685,759,774,774,360,377,377,377,377,377],"floor_reached":33,"language":"ENG","playtime":1899,"items_purged":["Doubt"],"score":418,"play_id":"182c7657-56b4-4ba3-a952-5ca3879a89dc","local_time":"20210224230728","is_ascension_mode":true,"campfire_choices":[{"data":"Backflip","floor":6.0,"key":"SMITH"},{"floor":10.0,"key":"REST"},{"floor":13.0,"key":"REST"},{"floor":15.0,"key":"REST"},{"floor":24.0,"key":"REST"},{"floor":28.0,"key":"REST"},{"floor":32,"key":"REST"}],"circlet_count":0,"master_deck":["Strike_G","Strike_G","Strike_G","Strike_G","Strike_G","Defend_G","Defend_G","Defend_G","Defend_G","Defend_G","Survivor","Neutralize","Dagger Spray","All Out Attack","Deadly Poison","Backflip+1","After Image","Blade Dance","Envenom","Cloak And Dagger","Infinite Blades","Leg Sweep","Ghostly","Ghostly","Ghostly","Ghostly","Ghostly","Terror","Blade Dance","Footwork+1"],"relics":["Ring of the Serpent","Kunai","Singing Bowl","Mango","Molten Egg 2","Strawberry","Ancient Tea Set","CultistMask"],"acts_visited":["Exordium","TheCity"],"potions_floor_usage":[33,33],"damage_taken":[{"damage":0.0,"enemies":"Small Slimes","floor":1.0,"turns":4.0},{"damage":0.0,"enemies":"2 Louse","floor":2.0,"turns":2.0},{"damage":5.0,"enemies":"Cultist","floor":4.0,"turns":5.0},{"damage":5.0,"enemies":"Blue Slaver","floor":5.0,"turns":5.0},{"damage":43.0,"enemies":"Lagavulin","floor":8.0,"turns":6.0},{"damage":6.0,"enemies":"3 Louse","floor":11.0,"turns":3.0},{"damage":0.0,"enemies":"Gremlin Nob","floor":12.0,"turns":1.0},{"damage":8.0,"enemies":"Gremlin Gang","floor":14.0,"turns":2.0},{"damage":33.0,"enemies":"Slime Boss","floor":16.0,"turns":16.0},{"damage":5.0,"enemies":"Chosen","floor":18.0,"turns":6.0},{"damage":18.0,"enemies":"Spheric Guardian","floor":19.0,"turns":9.0},{"damage":34.0,"enemies":"Centurion and Healer","floor":20.0,"turns":13.0},{"damage":12.0,"enemies":"Shelled Parasite and Fungi","floor":21.0,"turns":8.0},{"damage":1.0,"enemies":"Book of Stabbing","floor":23.0,"turns":7.0},{"damage":13.0,"enemies":"Snake Plant","floor":25.0,"turns":7.0},{"damage":13.0,"enemies":"Centurion and Healer","floor":27.0,"turns":8.0},{"damage":4,"enemies":"Sentry and Sphere","floor":30,"turns":12},{"damage":45,"enemies":"Collector","floor":33,"turns":15}],"seed_played":"-2660219579798154433","potions_obtained":[{"floor":2.0,"key":"Poison Potion"},{"floor":5.0,"key":"SmokeBomb"},{"floor":16.0,"key":"CultistPotion"},{"floor":19.0,"key":"LiquidMemories"},{"floor":20.0,"key":"Explosive Potion"},{"floor":25.0,"key":"Energy Potion"},{"floor":30,"key":"LiquidMemories"}],"is_trial":false,"path_per_floor":["M","M","?","M","M","R","?","E","T","R","M","E","R","M","R","B",null,"M","M","M","M","?","E","R","M","T","M","R","$","M","?","R","B"],"character_chosen":"THE_SILENT","items_purchased":["Strawberry","Block Potion","Ancient Tea Set"],"campfire_rested":6,"item_purchase_floors":[29,29,29],"current_hp_per_floor":[70,70,70,65,60,60,60,17,17,40,36,36,59,51,74,41,70,67,49,15,3,3,16,32,19,19,8,24,31,27,27,45,0,0],"gold":377,"neow_bonus":"TEN_PERCENT_HP_BONUS","is_daily":false,"chose_seed":false,"campfire_upgraded":1,"win_rate":0.0,"timestamp":1614229648,"path_taken":["M","M","?","M","M","R","?","E","T","R","M","E","R","M","R","BOSS","M","M","M","?","?","E","R","M","T","M","R","$","M","?","R","BOSS"],"items_purchased_type":["Relic","Potion","Relic"],"build_version":"2020-12-22","purchased_purges":1,"victory":false,"max_hp_per_floor":[77,77,77,77,77,77,77,77,77,77,79,79,79,79,79,79,79,81,81,81,81,40,54,54,54,54,56,56,63,63,63,63,63,63],"card_choices":[{"not_picked":["Sucker Punch","Infinite Blades"],"picked":"Dagger Spray","floor":1.0},{"not_picked":["Slice","Outmaneuver"],"picked":"All Out Attack","floor":2.0},{"not_picked":["Sucker Punch","Acrobatics"],"picked":"Deadly Poison","floor":4.0},{"not_picked":["Blade Dance","Leg Sweep"],"picked":"Backflip","floor":5.0},{"not_picked":["All Out Attack","Acrobatics"],"picked":"After Image","floor":8.0},{"not_picked":["Bane","PiercingWail","Flying Knee"],"picked":"Singing Bowl","floor":11.0},{"not_picked":["Burst","Cloak And Dagger"],"picked":"Blade Dance","floor":14.0},{"not_picked":["Wraith Form v2","Venomology"],"picked":"Envenom","floor":16.0},{"not_picked":["Escape Plan","Bane","Dagger Throw"],"picked":"Singing Bowl","floor":18.0},{"not_picked":["Dash","Blade Dance"],"picked":"Cloak And Dagger","floor":19.0},{"not_picked":["Concentrate+1","Outmaneuver"],"picked":"Infinite Blades","floor":20.0},{"not_picked":["Masterful Stab","Dagger Spray"],"picked":"Leg Sweep","floor":21.0},{"not_picked":["Caltrops+1","Malaise"],"picked":"Terror","floor":23.0},{"not_picked":["Quick Slash","Dash"],"picked":"Blade Dance","floor":25.0},{"not_picked":["Noxious Fumes","Escape Plan","Terror+1"],"picked":"Singing Bowl","floor":27.0},{"not_picked":["Finisher+1","Flechettes+1"],"picked":"Footwork+1","floor":30}],"player_experience":162783,"relics_obtained":[{"floor":8.0,"key":"Kunai"},{"floor":9.0,"key":"Singing Bowl"},{"floor":23.0,"key":"Mango"},{"floor":26.0,"key":"Molten Egg 2"}],"event_choices":[{"damage_healed":0.0,"max_hp_gain":0.0,"max_hp_loss":0.0,"gold_gain":175.0,"event_name":"Liars Game","player_choice":"AGREE","floor":3.0,"gold_loss":0.0,"damage_taken":0.0,"cards_obtained":["Doubt"]},{"damage_healed":0.0,"max_hp_gain":0.0,"max_hp_loss":0.0,"gold_gain":100.0,"event_name":"Golden Shrine","player_choice":"Pray","floor":7.0,"gold_loss":0.0,"damage_taken":0.0},{"damage_healed":0.0,"max_hp_gain":0.0,"max_hp_loss":41.0,"gold_gain":0.0,"event_name":"Ghosts","player_choice":"Became a Ghost","floor":22.0,"gold_loss":0.0,"damage_taken":0.0,"cards_obtained":["Ghostly","Ghostly","Ghostly","Ghostly","Ghostly"]},{"damage_healed":0,"gold_gain":0,"player_choice":"Trade","damage_taken":0,"relics_obtained":["CultistMask"],"max_hp_gain":0,"max_hp_loss":0,"event_name":"FaceTrader","floor":31,"gold_loss":0}],"is_beta":false,"boss_relics":[{"not_picked":["Tiny House","Runic Dome"],"picked":"Ring of the Serpent"}],"items_purged_floors":[29],"is_endless":false,"potions_floor_spawned":[2,5,16,19,20,25,30],"killed_by":"Collector","ascension_level":8}}