{"host":"dhv3u8yhd2rnugsp","time":1614217474,"event":{"mods":["100% Spire Juice","BaseMod","Block Reminder","Colored Map","Googly Eyes","Highlight Path","Minty Spire (QoL Compilation)","Permanent Neow","Quick Restart","Random Character Button","StSLib"],"gold_per_floor":[118,118,17,29,48,48,81,94,94,94,113,113,147,165,165,258,258,277,17,17,28,28,55,55,71,94,106,466,500,24,44,44,122,122,139,156,156,156,175,208,208,233,233,12,12,38,48,77,77,77,77,77,77,24,51,51],"floor_reached":57,"language":"ENG","playtime":4471,"items_purged":["Strike_G","Flechettes","Grand Finale"],"score":2914,"play_id":"26475f61-4dde-4262-b269-49296dfe24c8","local_time":"20210224194434","is_ascension_mode":true,"campfire_choices":[{"data":"Apotheosis","floor":6.0,"key":"SMITH"},{"floor":10.0,"key":"REST"},{"floor":15.0,"key":"RECALL"},{"floor":24.0,"key":"REST"},{"floor":32.0,"key":"REST"},{"floor":41.0,"key":"REST"},{"data":"Die Die Die","floor":49.0,"key":"SMITH"},{"data":"Crippling Poison","floor":53.0,"key":"SMITH"}],"circlet_count":0,"master_deck":["AscendersBane","Survivor","Neutralize","Apotheosis+1","Crippling Poison+1","Deadly Poison","Blade Dance","Leg Sweep","Dash","PiercingWail","Die Die Die+1","Malaise","Terror","After Image","Dodge and Roll","Accuracy","Well Laid Plans","Endless Agony","Backstab","Noxious Fumes+1","Leg Sweep","Acrobatics","After Image","Prepared","Blade Dance","Catalyst","Escape Plan","Night Terror","Calculated Gamble+1","Blind","PiercingWail","Noxious Fumes+1","Regret","Cloak And Dagger","Parasite","Blur","Blade Dance"],"relics":["Ring of the Snake","Spirit Poop","Singing Bowl","Bottled Lightning","Bloody Idol","Paper Crane","Pandora\u0027s Box","DollysMirror","White Beast Statue","Frozen Egg 2","Pantograph","Cursed Key","Darkstone Periapt","Dream Catcher","Eternal Feather","OrangePellets","FossilizedHelix","PreservedInsect","Gambling Chip"],"acts_visited":["Exordium","TheCity","TheBeyond","TheEnding"],"potions_floor_usage":[],"damage_taken":[{"damage":7.0,"enemies":"Small Slimes","floor":1.0,"turns":4.0},{"damage":4.0,"enemies":"Cultist","floor":4.0,"turns":3.0},{"damage":0.0,"enemies":"Jaw Worm","floor":5.0,"turns":4.0},{"damage":13.0,"enemies":"3 Sentries","floor":7.0,"turns":9.0},{"damage":10.0,"enemies":"Exordium Wildlife","floor":8.0,"turns":4.0},{"damage":0.0,"enemies":"3 Louse","floor":11.0,"turns":3.0},{"damage":1.0,"enemies":"Lagavulin","floor":13.0,"turns":6.0},{"damage":0.0,"enemies":"Lots of Slimes","floor":14.0,"turns":1.0},{"damage":28.0,"enemies":"Slime Boss","floor":16.0,"turns":13.0},{"damage":1.0,"enemies":"Spheric Guardian","floor":18.0,"turns":4.0},{"damage":0.0,"enemies":"3 Byrds","floor":21.0,"turns":5.0},{"damage":27.0,"enemies":"Slavers","floor":23.0,"turns":6.0},{"damage":9.0,"enemies":"Shelled Parasite and Fungi","floor":25.0,"turns":6.0},{"damage":0.0,"enemies":"3 Cultists","floor":27.0,"turns":5.0},{"damage":6.0,"enemies":"Book of Stabbing","floor":29.0,"turns":5.0},{"damage":0.0,"enemies":"Chosen and Byrds","floor":31.0,"turns":5.0},{"damage":3.0,"enemies":"Champ","floor":33.0,"turns":11.0},{"damage":0.0,"enemies":"Orb Walker","floor":35.0,"turns":4.0},{"damage":1.0,"enemies":"3 Shapes","floor":36.0,"turns":5.0},{"damage":6.0,"enemies":"Spire Growth","floor":39.0,"turns":6.0},{"damage":7.0,"enemies":"Nemesis","floor":40.0,"turns":8.0},{"damage":11.0,"enemies":"Giant Head","floor":42.0,"turns":7.0},{"damage":13.0,"enemies":"Reptomancer","floor":46.0,"turns":7.0},{"damage":4.0,"enemies":"Writhing Mass","floor":47.0,"turns":7.0},{"damage":3.0,"enemies":"Giant Head","floor":48.0,"turns":9.0},{"damage":30.0,"enemies":"Awakened One","floor":50.0,"turns":15.0},{"damage":78.0,"enemies":"Donu and Deca","floor":51.0,"turns":10.0},{"damage":43.0,"enemies":"Shield and Spear","floor":55.0,"turns":6.0},{"damage":110,"enemies":"The Heart","floor":56,"turns":10}],"seed_played":"6103177568804621098","potions_obtained":[{"floor":1.0,"key":"Swift Potion"},{"floor":4.0,"key":"BlessingOfTheForge"},{"floor":11.0,"key":"Swift Potion"},{"floor":14.0,"key":"FearPotion"},{"floor":16.0,"key":"Strength Potion"},{"floor":23.0,"key":"SteroidPotion"},{"floor":25.0,"key":"FearPotion"},{"floor":27.0,"key":"Fire Potion"},{"floor":29.0,"key":"SteroidPotion"},{"floor":31.0,"key":"Regen Potion"},{"floor":33.0,"key":"Block Potion"},{"floor":40.0,"key":"Dexterity Potion"},{"floor":42.0,"key":"Energy Potion"},{"floor":46.0,"key":"LiquidMemories"},{"floor":48.0,"key":"Swift Potion"},{"floor":55.0,"key":"FairyPotion"}],"is_trial":false,"path_per_floor":["M","?","$","M","M","R","E","M","T","R","M","?","E","M","R","B",null,"M","$","?","M","?","E","R","M","T","M","?","E","$","M","R","B",null,"M","M","?","?","M","E","R","E","T","$","$","E","M","E","R","B","B",null,"R","$","E","B",null],"character_chosen":"THE_SILENT","items_purchased":["Deadly Poison","DollysMirror","Catalyst","Pantograph","OrangePellets","Cloak And Dagger","Blade Dance"],"campfire_rested":4,"item_purchase_floors":[3,19,30,30,44,44,54],"current_hp_per_floor":[52,52,52,48,48,48,35,25,25,44,44,44,43,45,45,17,51,50,50,50,55,55,33,51,47,52,59,43,42,42,47,64,64,64,64,66,63,57,56,54,67,63,69,69,69,63,70,74,85,55,2,64,85,85,49,14],"gold":51,"neow_bonus":"RANDOM_COLORLESS_2","is_daily":false,"chose_seed":false,"campfire_upgraded":3,"win_rate":0.0,"timestamp":1614217474,"path_taken":["M","?","$","?","M","R","E","M","T","R","M","?","E","M","R","BOSS","M","$","?","M","?","E","R","M","T","M","?","E","$","?","R","BOSS","M","M","?","?","M","E","R","E","T","?","$","E","M","E","R","BOSS","BOSS","R","$","E","BOSS"],"items_purchased_type":["Card","Relic","Card","Relic","Relic","Card","Card"],"build_version":"2020-12-22","purchased_purges":3,"victory":true,"max_hp_per_floor":[66,66,66,66,66,66,66,66,66,66,66,60,60,62,62,62,62,62,62,62,62,62,62,62,62,62,64,64,64,64,64,64,64,64,64,66,63,67,67,67,67,69,75,75,75,77,83,85,85,85,85,85,85,85,87,87],"card_choices":[{"not_picked":["The Bomb","Violence"],"picked":"Apotheosis","floor":0.0},{"not_picked":["Slice","Backflip"],"picked":"Crippling Poison","floor":1.0},{"not_picked":["Accuracy","Blur"],"picked":"Blade Dance","floor":4.0},{"not_picked":["Heel Hook","Riddle With Holes","Caltrops"],"picked":"SKIP","floor":5.0},{"not_picked":["Prepared","Escape Plan"],"picked":"Leg Sweep","floor":7.0},{"not_picked":["Acrobatics","Dagger Throw"],"picked":"Dash","floor":8.0},{"not_picked":["Dagger Spray","Flying Knee"],"picked":"PiercingWail","floor":11.0},{"not_picked":["Slice","Deadly Poison"],"picked":"Die Die Die","floor":13.0},{"not_picked":["Choke","Dash","Skewer"],"picked":"Singing Bowl","floor":14.0},{"not_picked":["Unload","Burst"],"picked":"Malaise","floor":16.0},{"not_picked":["Flechettes","Dodge and Roll"],"picked":"Noxious Fumes+1","floor":18.0},{"not_picked":["Well Laid Plans","Backflip"],"picked":"Acrobatics","floor":21.0},{"not_picked":["Sucker Punch","All Out Attack"],"picked":"After Image","floor":23.0},{"not_picked":["Slice","PiercingWail"],"picked":"Prepared","floor":25.0},{"not_picked":["Dodge and Roll","Backflip","Dagger Throw"],"picked":"Singing Bowl","floor":27.0},{"not_picked":["Dagger Spray","Venomology"],"picked":"Blade Dance","floor":29.0},{"not_picked":["Dagger Throw","Choke+1"],"picked":"Escape Plan","floor":31.0},{"not_picked":["Adrenaline","Grand Finale"],"picked":"Night Terror","floor":33.0},{"not_picked":["Finisher+1","Outmaneuver+1"],"picked":"Calculated Gamble+1","floor":35.0},{"not_picked":["Backflip","Bane+1","Dagger Throw"],"picked":"Singing Bowl","floor":36.0},{"not_picked":["PanicButton","Trip","Transmutation"],"picked":"Singing Bowl","floor":38.0},{"not_picked":["Bandage Up","Swift Strike"],"picked":"Blind","floor":38.0},{"not_picked":["PanicButton","Transmutation","Forethought"],"picked":"Singing Bowl","floor":38.0},{"not_picked":["Quick Slash+1","Infinite Blades+1"],"picked":"PiercingWail","floor":39.0},{"not_picked":["Grand Finale","All Out Attack+1"],"picked":"Noxious Fumes+1","floor":40.0},{"not_picked":["Sucker Punch","Riddle With Holes+1","Bouncing Flask"],"picked":"Singing Bowl","floor":42.0},{"not_picked":["Outmaneuver","Poisoned Stab+1","Well Laid Plans+1"],"picked":"Singing Bowl","floor":46.0},{"not_picked":["Leg Sweep","Deadly Poison+1"],"picked":"Blur","floor":47.0},{"not_picked":["Dash+1","Underhanded Strike","Poisoned Stab"],"picked":"Singing Bowl","floor":48.0},{"not_picked":["Skewer","Eviscerate","Blur"],"picked":"Singing Bowl","floor":55.0}],"player_experience":1695835,"relics_obtained":[{"floor":7.0,"key":"Singing Bowl"},{"floor":9.0,"key":"Bottled Lightning"},{"floor":13.0,"key":"Paper Crane"},{"floor":23.0,"key":"White Beast Statue"},{"floor":29.0,"key":"Frozen Egg 2"},{"floor":40.0,"key":"Darkstone Periapt"},{"floor":42.0,"key":"Dream Catcher"},{"floor":43.0,"key":"Eternal Feather"},{"floor":46.0,"key":"FossilizedHelix"},{"floor":48.0,"key":"PreservedInsect"},{"floor":55.0,"key":"Gambling Chip"}],"event_choices":[{"cards_removed":["Writhe"],"damage_healed":0.0,"max_hp_gain":0.0,"max_hp_loss":0.0,"gold_gain":0.0,"event_name":"Bonfire Elementals","player_choice":"Offered Curse","floor":2.0,"gold_loss":0.0,"damage_taken":0.0,"relics_obtained":["Spirit Poop"]},{"damage_healed":0.0,"max_hp_gain":0.0,"max_hp_loss":6.0,"gold_gain":0.0,"event_name":"Golden Idol","player_choice":"Lose Max HP","floor":12.0,"gold_loss":0.0,"damage_taken":0.0,"relics_obtained":["Golden Idol"]},{"damage_healed":0.0,"max_hp_gain":0.0,"max_hp_loss":0.0,"gold_gain":0.0,"event_name":"Forgotten Altar","player_choice":"Gave Idol","floor":20.0,"relics_lost":["Golden Idol"],"gold_loss":0.0,"damage_taken":0.0,"relics_obtained":["Bloody Idol"]},{"damage_healed":0.0,"max_hp_gain":0.0,"max_hp_loss":0.0,"gold_gain":0.0,"event_name":"Vampires","player_choice":"Ignored","floor":22.0,"gold_loss":0.0,"damage_taken":0.0},{"damage_healed":0.0,"max_hp_gain":0.0,"max_hp_loss":0.0,"gold_gain":360.0,"event_name":"Knowing Skull","player_choice":"GOLD GOLD GOLD GOLD ","floor":28.0,"potions_obtained":[],"gold_loss":0.0,"damage_taken":36.0,"cards_obtained":[]},{"damage_healed":0.0,"max_hp_gain":0.0,"max_hp_loss":3.0,"gold_gain":0.0,"event_name":"Winding Halls","player_choice":"Max HP","floor":37.0,"gold_loss":0.0,"damage_taken":0.0},{"damage_healed":0.0,"max_hp_gain":0.0,"max_hp_loss":0.0,"gold_gain":0.0,"event_name":"SensoryStone","player_choice":"Memory 3","floor":38.0,"gold_loss":0.0,"damage_taken":10.0}],"is_beta":false,"boss_relics":[{"not_picked":["SlaversCollar","Empty Cage"],"picked":"Pandora\u0027s Box"},{"not_picked":["Black Star","Astrolabe"],"picked":"Cursed Key"}],"items_purged_floors":[3,19,30],"is_endless":false,"potions_floor_spawned":[1,4,11,14,16,23,25,27,29,31,33,35,36,39,40,42,46,47,48,55],"ascension_level":20}}