{"host":"vyjryxuuuxkt43k4","time":1614263235,"event":{"mods":["AchievementEnabler","BaseMod","Colored Map","DeckTracker","Keyboard Shortcuts","Minty Spire (QoL Compilation)","Permanent Neow","Quick Restart","StSLib","SuperFastMode","everything is the same but u backflip on backflip"],"gold_per_floor":[112,73,73,83,8,43,43,43,67,92,108,139,158,191,191,191,191],"floor_reached":16,"language":"KOR","playtime":745,"items_purged":[],"score":256,"play_id":"3dbb3b9a-26fd-4ed6-aae4-3b0cc1a6b2e1","local_time":"20210225232715","is_ascension_mode":true,"campfire_choices":[{"data":"Armaments","floor":7,"key":"SMITH"},{"data":"Inflame","floor":15,"key":"SMITH"}],"circlet_count":0,"master_deck":["AscendersBane","Strike_R","Strike_R","Strike_R","Strike_R","Defend_R","Defend_R","Defend_R","Defend_R","Bash","Body Slam+1","Feel No Pain","Armaments+1","Double Tap","Dual Wield","Shrug It Off","Inflame+1"],"relics":["Burning Blood","Bag of Marbles","Toy Ornithopter","Vajra","InkBottle","Bottled Tornado","Anchor"],"acts_visited":["Exordium"],"potions_floor_usage":[10,11,12,14,16],"damage_taken":[{"damage":2,"enemies":"2 Louse","floor":1,"turns":2},{"damage":6,"enemies":"Small Slimes","floor":4,"turns":6},{"damage":28,"enemies":"3 Sentries","floor":6,"turns":23},{"damage":14,"enemies":"Lagavulin","floor":10,"turns":7},{"damage":1,"enemies":"Cultist","floor":11,"turns":4},{"damage":10,"enemies":"3 Sentries","floor":12,"turns":13},{"damage":12,"enemies":"Red Slaver","floor":13,"turns":4},{"damage":42,"enemies":"Gremlin Nob","floor":14,"turns":4},{"damage":26,"enemies":"The Guardian","floor":16,"turns":6}],"seed_played":"2895764600991617110","potions_obtained":[{"floor":4,"key":"Energy Potion"},{"floor":6,"key":"GamblersBrew"},{"floor":11,"key":"ElixirPotion"},{"floor":13,"key":"AttackPotion"},{"floor":14,"key":"Weak Potion"}],"is_trial":false,"path_per_floor":["M","$","?","M","?","E","R","?","T","E","M","E","M","E","R","B"],"character_chosen":"IRONCLAD","items_purchased":["Feel No Pain"],"campfire_rested":0,"item_purchase_floors":[2],"current_hp_per_floor":[72,72,72,72,72,50,50,50,50,47,57,58,52,21,21,0,0],"gold":191,"neow_bonus":"RANDOM_COMMON_RELIC","is_daily":false,"chose_seed":false,"campfire_upgraded":2,"win_rate":0.0,"timestamp":1614263235,"path_taken":["M","$","?","M","?","E","R","?","T","E","M","E","M","E","R","BOSS"],"items_purchased_type":["Card"],"build_version":"2020-12-22","purchased_purges":0,"victory":false,"max_hp_per_floor":[75,75,75,75,75,75,75,75,75,75,75,75,75,75,75,75,75],"card_choices":[{"not_picked":["Twin Strike","Combust"],"picked":"Body Slam","floor":1},{"not_picked":["Battle Trance","Rampage"],"picked":"Armaments","floor":4},{"not_picked":["Perfected Strike","Feel No Pain"],"picked":"Double Tap","floor":6},{"not_picked":["Flex","Havoc","Twin Strike"],"picked":"SKIP","floor":10},{"not_picked":["Iron Wave","Armaments"],"picked":"Dual Wield","floor":11},{"not_picked":["Iron Wave","Infernal Blade","Metallicize"],"picked":"SKIP","floor":12},{"not_picked":["Iron Wave","Infernal Blade","Metallicize"],"picked":"SKIP","floor":12},{"not_picked":["Armaments","Clothesline"],"picked":"Shrug It Off","floor":13},{"not_picked":["Brutality","Cleave"],"picked":"Inflame","floor":14}],"player_experience":1061733,"relics_obtained":[{"floor":6,"key":"Toy Ornithopter"},{"floor":9,"key":"Vajra"},{"floor":10,"key":"InkBottle"},{"floor":12,"key":"Bottled Tornado"},{"floor":14,"key":"Anchor"}],"event_choices":[{"damage_healed":0,"gold_gain":0,"player_choice":"Ignored","damage_taken":0,"max_hp_gain":0,"max_hp_loss":0,"event_name":"Liars Game","floor":3,"gold_loss":0},{"cards_removed":["Strike_R"],"damage_healed":0,"gold_gain":0,"player_choice":"Card Removal","damage_taken":0,"max_hp_gain":0,"max_hp_loss":0,"event_name":"The Cleric","floor":5,"gold_loss":75},{"damage_healed":0,"gold_gain":0,"player_choice":"Upgraded","damage_taken":0,"max_hp_gain":0,"max_hp_loss":0,"event_name":"Upgrade Shrine","floor":8,"gold_loss":0,"cards_upgraded":["Body Slam"]}],"is_beta":false,"boss_relics":[],"items_purged_floors":[],"is_endless":false,"potions_floor_spawned":[4,6,11,13,14],"killed_by":"The Guardian","ascension_level":20}}