{"host":"04x9isxu4s2lvye3","time":1614222017,"event":{"mods":["BaseMod","Colored Powertips","Highlight Path","Minty Spire (QoL Compilation)"],"gold_per_floor":[116,116,191,209,229,229,245,245,271,271,193,193,92,92,92,164,164,180,191,66,16,16,16,16,16,16,45,45,45,45,45],"floor_reached":30,"language":"ENG","playtime":1091,"items_purged":["Strike_G","Strike_G","Envenom","Riddle With Holes"],"score":418,"play_id":"a38c12a1-791f-4134-9653-457eb7f0b8a0","local_time":"20210224220017","is_ascension_mode":true,"campfire_choices":[{"data":"Leg Sweep","floor":6.0,"key":"SMITH"},{"data":"Endless Agony","floor":8.0,"key":"SMITH"},{"data":"Finisher","floor":10.0,"key":"SMITH"},{"data":"Prepared","floor":12.0,"key":"SMITH"},{"floor":15.0,"key":"REST"},{"data":"Envenom","floor":23.0,"key":"SMITH"},{"floor":25.0,"key":"REST"},{"floor":28,"key":"REST"}],"circlet_count":0,"master_deck":["AscendersBane","Survivor","Neutralize","Finisher+1","Leg Sweep+1","Endless Agony+1","Tactician","Prepared+1","Blade Dance","Tools of the Trade","Outmaneuver","All Out Attack","Venomology","Envenom+1","Flechettes","Backflip","Corpse Explosion","Endless Agony","Underhanded Strike","Decay"],"relics":["HoveringKite","Smiling Mask","Pandora\u0027s Box","Enchiridion","Tiny Chest","Bronze Scales"],"acts_visited":["Exordium","TheCity"],"potions_floor_usage":[30,30],"damage_taken":[{"damage":9.0,"enemies":"Jaw Worm","floor":1.0,"turns":5.0},{"damage":2.0,"enemies":"2 Louse","floor":4.0,"turns":3.0},{"damage":2.0,"enemies":"Cultist","floor":5.0,"turns":5.0},{"damage":1.0,"enemies":"Large Slime","floor":7.0,"turns":7.0},{"damage":18.0,"enemies":"The Guardian","floor":16.0,"turns":18.0},{"damage":0.0,"enemies":"Chosen","floor":18.0,"turns":3.0},{"damage":11.0,"enemies":"Spheric Guardian","floor":19.0,"turns":4.0},{"damage":33,"enemies":"Slavers","floor":27,"turns":4},{"damage":38,"enemies":"Book of Stabbing","floor":30,"turns":3}],"seed_played":"5225842594168397673","potions_obtained":[{"floor":4.0,"key":"Weak Potion"},{"floor":5.0,"key":"Explosive Potion"},{"floor":7.0,"key":"Strength Potion"},{"floor":16.0,"key":"Block Potion"},{"floor":18.0,"key":"DuplicationPotion"}],"is_trial":false,"path_per_floor":["M","?","?","M","M","R","M","R","T","R","$","R","$","?","R","B",null,"M","M","$","$","?","R","?","R","T","E","R","?","E"],"character_chosen":"THE_SILENT","items_purchased":["Prepared","Blade Dance","Corpse Explosion"],"campfire_rested":3,"item_purchase_floors":[11,13,20],"current_hp_per_floor":[50,50,39,37,35,35,34,34,34,34,34,34,34,34,53,35,58,58,47,47,47,47,47,26,45,45,12,31,31,0,0],"gold":45,"neow_bonus":"BOSS_RELIC","is_daily":false,"chose_seed":false,"campfire_upgraded":5,"win_rate":0.0,"timestamp":1614222017,"path_taken":["M","?","?","M","M","R","M","R","T","R","$","R","$","?","R","BOSS","M","M","?","$","?","R","?","R","T","E","R","?","E"],"items_purchased_type":["Card","Card","Card"],"build_version":"2020-12-22","purchased_purges":4,"victory":false,"max_hp_per_floor":[66,66,66,66,66,66,66,66,66,66,66,66,66,66,66,66,66,66,66,66,66,66,66,66,66,66,66,66,66,66,66],"card_choices":[{"not_picked":["Backflip","Cloak And Dagger"],"picked":"Finisher","floor":1.0},{"not_picked":["Setup","Caltrops"],"picked":"Leg Sweep","floor":4.0},{"not_picked":["Terror","Eviscerate"],"picked":"Endless Agony","floor":5.0},{"not_picked":["PiercingWail","Deadly Poison"],"picked":"Tactician","floor":7.0},{"not_picked":["Storm of Steel","Burst"],"picked":"Tools of the Trade","floor":16.0},{"not_picked":["Heel Hook","Dagger Spray","Dagger Throw"],"picked":"SKIP","floor":18.0},{"not_picked":["Outmaneuver","Backstab"],"picked":"Backflip","floor":19.0},{"not_picked":["Deadly Poison","Dagger Spray"],"picked":"Underhanded Strike","floor":27}],"player_experience":321568,"relics_obtained":[{"floor":9.0,"key":"Smiling Mask"},{"floor":24.0,"key":"Enchiridion"},{"floor":26.0,"key":"Tiny Chest"},{"floor":27,"key":"Bronze Scales"}],"event_choices":[{"damage_healed":0.0,"max_hp_gain":0.0,"max_hp_loss":0.0,"gold_gain":0.0,"event_name":"Liars Game","player_choice":"Ignored","floor":2.0,"gold_loss":0.0,"damage_taken":0.0},{"damage_healed":0.0,"max_hp_gain":0.0,"max_hp_loss":0.0,"gold_gain":75.0,"event_name":"World of Goop","player_choice":"Gather Gold","floor":3.0,"gold_loss":0.0,"damage_taken":11.0},{"cards_removed":["Strike_G"],"damage_healed":0.0,"max_hp_gain":0.0,"max_hp_loss":0.0,"gold_gain":0.0,"event_name":"Bonfire Elementals","player_choice":"Offered Basic","floor":14.0,"gold_loss":0.0,"damage_taken":0.0},{"damage_healed":0.0,"max_hp_gain":0.0,"max_hp_loss":0.0,"gold_gain":0.0,"event_name":"The Library","player_choice":"Read","floor":22.0,"gold_loss":0.0,"damage_taken":0.0,"cards_obtained":["Endless Agony"]},{"damage_healed":0.0,"max_hp_gain":0.0,"max_hp_loss":0.0,"gold_gain":0.0,"event_name":"Cursed Tome","player_choice":"Obtained Book","floor":24.0,"gold_loss":0.0,"damage_taken":21.0},{"damage_healed":0,"gold_gain":0,"player_choice":"Cursed","damage_taken":0,"max_hp_gain":0,"max_hp_loss":0,"event_name":"Wheel of Change","floor":29,"gold_loss":0,"cards_obtained":["Decay"]}],"is_beta":false,"boss_relics":[{"not_picked":["Calling Bell","SlaversCollar"],"picked":"Pandora\u0027s Box"}],"items_purged_floors":[11,13,20,21],"is_endless":false,"potions_floor_spawned":[4,5,7,16,18],"killed_by":"Book of Stabbing","ascension_level":16}}