{"host":"hxbbrccw7ig68b38","time":1614237670,"event":{"mods":["BaseMod","Hermit","Minty Spire (QoL Compilation)","Replay The Spire","StSLib","The Cursed"],"gold_per_floor":[117,132,132,149,163,176,101,101,101,120,73,93,93,113,113,212,262,276,276,276,346,363,363,373,391,415,415,415,435,435,450,450,450,450],"floor_reached":33,"language":"KOR","playtime":1452,"items_purged":["Eclipse"],"score":243,"play_id":"3796df65-13a9-4799-9be5-8376cba158b0","local_time":"20210225162110","is_ascension_mode":false,"campfire_choices":[{"data":"Rampage","floor":13,"key":"SMITH"},{"floor":15,"key":"REST"},{"floor":23,"key":"REST"},{"floor":27,"key":"REST"},{"floor":30,"key":"REST"},{"floor":32,"key":"REST"}],"circlet_count":0,"master_deck":["Strike_R","Strike_R","Strike_R+1","Strike_R","Defend_R","Defend_R","Defend_R","Defend_R","Bash","Anger","Sword Boomerang","Offering","Rampage+1","Shrug It Off","Pommel Strike","Feed","Rage","ReplayTheSpireMod:Muscle Training+1","Necronomicurse","Armaments","Rampage","Twin Strike","Pummel","Shrug It Off","Armaments"],"relics":["Burning Blood","Tiny House","Necronomicon","Blue Doll","Bronze Scales","Torii"],"acts_visited":["Exordium","TheCity"],"potions_floor_usage":[16,22,25,25],"damage_taken":[{"damage":0,"enemies":"Small Slimes","floor":1,"turns":3},{"damage":0,"enemies":"Cultist","floor":2,"turns":2},{"damage":8,"enemies":"Jaw Worm","floor":4,"turns":3},{"damage":0,"enemies":"Large Slime","floor":5,"turns":4},{"damage":15,"enemies":"Looter","floor":6,"turns":3},{"damage":17,"enemies":"Lots of Slimes","floor":10,"turns":4},{"damage":15,"enemies":"Exordium Thugs","floor":12,"turns":5},{"damage":6,"enemies":"Exordium Wildlife","floor":14,"turns":2},{"damage":85,"enemies":"Hexaghost","floor":16,"turns":9},{"damage":23,"enemies":"3 Byrds","floor":18,"turns":6},{"damage":30,"enemies":"Shell Parasite","floor":22,"turns":5},{"damage":39,"enemies":"Centurion and Healer","floor":24,"turns":4},{"damage":48,"enemies":"Shelled Parasite and Fungi","floor":25,"turns":5},{"damage":29,"enemies":"Snecko","floor":29,"turns":5},{"damage":23,"enemies":"Chosen and Byrds","floor":31,"turns":5},{"damage":58,"enemies":"Collector","floor":33,"turns":7}],"seed_played":"-9119565280161832546","potions_obtained":[{"floor":2,"key":"SpeedPotion"},{"floor":12,"key":"PowerPotion"},{"floor":14,"key":"FairyPotion"},{"floor":16,"key":"Toxic Potion"},{"floor":17,"key":"FairyPotion"},{"floor":22,"key":"Reflective Coating"}],"is_trial":false,"path_per_floor":["M","M","?","M","M","M","$","?","T","M","$","M","R","M","R","B",null,"M","?","?","?","M","R","M","M","T","R","T","M","R","M","R","B"],"character_chosen":"IRONCLAD","items_purchased":["Shrug It Off"],"campfire_rested":5,"item_purchase_floors":[11],"current_hp_per_floor":[80,80,80,78,80,71,71,80,80,69,69,60,60,60,80,26,85,71,55,55,55,31,57,24,13,13,40,40,17,44,30,58,0,0],"gold":450,"neow_bonus":"TRANSFORM_CARD","is_daily":false,"chose_seed":false,"campfire_upgraded":1,"win_rate":0.0,"timestamp":1614237670,"path_taken":["M","M","?","M","?","M","$","?","T","M","$","?","R","M","R","BOSS","M","?","?","?","M","R","?","M","T","R","?","M","R","M","R","BOSS"],"items_purchased_type":["Card"],"build_version":"2020-12-22","purchased_purges":1,"victory":false,"max_hp_per_floor":[80,80,80,80,80,80,80,80,80,80,80,80,80,80,80,80,85,88,88,88,88,88,88,88,91,91,91,91,91,91,94,94,94,94],"card_choices":[{"not_picked":["True Grit","Defy Death"],"picked":"Anger","floor":1},{"not_picked":["Rupture","Iron Wave"],"picked":"Sword Boomerang","floor":2},{"not_picked":["Clash","Wild Strike"],"picked":"Offering","floor":4},{"not_picked":["Hemokinesis","Reckless Charge"],"picked":"Rampage","floor":5},{"not_picked":["Body Slam","Clash","Blood for Blood"],"picked":"SKIP","floor":6},{"not_picked":["Shockwave","Feel No Pain","Wild Strike"],"picked":"SKIP","floor":10},{"not_picked":["Feel No Pain","True Grit","ReplayTheSpireMod:Strike From Hell"],"picked":"SKIP","floor":12},{"not_picked":["Carnage","Anger"],"picked":"Pommel Strike","floor":14},{"not_picked":["Bludgeon","Demonic Infusion"],"picked":"Feed","floor":16},{"not_picked":["Sever Soul","Anger"],"picked":"Rage","floor":17},{"not_picked":["Bloodletting","Twin Strike"],"picked":"ReplayTheSpireMod:Muscle Training+1","floor":18},{"not_picked":["Flex","Replay:Undeath\u0027s Touch"],"picked":"Armaments","floor":21},{"not_picked":["ReplayTheSpireMod:Limb From Limb","Headbutt"],"picked":"Rampage","floor":21},{"not_picked":["Abandon","Anger"],"picked":"Twin Strike","floor":22},{"not_picked":["Brutality","Body Slam+1"],"picked":"Pummel","floor":24},{"not_picked":["ReplayTheSpireMod:Strike From Hell","True Grit"],"picked":"Shrug It Off","floor":25},{"not_picked":["Combust","Iron Wave"],"picked":"Armaments","floor":29},{"not_picked":["Second Wind","Bloodletting","Wild Strike"],"picked":"SKIP","floor":31}],"player_experience":106955,"relics_obtained":[{"floor":19,"key":"Necronomicon"},{"floor":21,"key":"Blue Doll"},{"floor":26,"key":"Bronze Scales"},{"floor":28,"key":"Torii"}],"event_choices":[{"damage_healed":0,"gold_gain":0,"player_choice":"Ignored","damage_taken":0,"max_hp_gain":0,"max_hp_loss":0,"event_name":"NoteForYourself","floor":3,"gold_loss":0},{"damage_healed":9,"gold_gain":0,"player_choice":"Full Heal","damage_taken":0,"max_hp_gain":0,"max_hp_loss":0,"event_name":"Wheel of Change","floor":8,"gold_loss":0},{"damage_healed":0,"gold_gain":0,"player_choice":"Obtained Book","damage_taken":16,"max_hp_gain":0,"max_hp_loss":0,"event_name":"Cursed Tome","floor":19,"gold_loss":0},{"damage_healed":0,"gold_gain":0,"player_choice":"Ignored","damage_taken":0,"max_hp_gain":0,"max_hp_loss":0,"event_name":"Ghosts","floor":20,"gold_loss":0}],"is_beta":false,"boss_relics":[{"not_picked":["Runic Pyramid","Replay:Drink Me"],"picked":"Tiny House"}],"items_purged_floors":[7],"is_endless":false,"potions_floor_spawned":[2,12,14,16,18,22,24],"killed_by":"Collector","ascension_level":0}}