{"host":"b7qo4gia7dvxrdtr","time":1614276057,"event":{"mods":["BaseMod","Highlight Path","Minty Spire (QoL Compilation)","StSLib","The Animator"],"gold_per_floor":[20,31,42,72,90,90,116,116,116,151,151,151,151],"floor_reached":12,"language":"ENG","playtime":1220,"items_purged":[],"score":117,"play_id":"17595623-ed2e-4143-867d-92ad1cf427fd","local_time":"20210226020057","is_ascension_mode":true,"campfire_choices":[{"floor":6,"key":"RECALL"},{"floor":8,"key":"REST"}],"circlet_count":0,"master_deck":["animator:Strike_GoblinSlayer","animator:Defend_GoblinSlayer+1","animator:Strike","animator:Strike","animator:Strike","animator:Defend","animator:Defend","animator:Defend","animator:LizardPriest","animator:DwarfShaman","animator:TanyaDegurechaff","animator:Vesta","animator:Yuuichirou","animator:Mikaela","animator:Witch","animator:Greed","animator:Kaijin","animator:KrulTepes"],"relics":["animator:LivingPicture","animator:TheMissingPiece","animator:PurgingStone","Question Card","Bottled Tornado","animator:ShionDessert","SsserpentHead"],"acts_visited":[],"potions_floor_usage":[7,10],"damage_taken":[{"damage":6,"enemies":"Small Slimes","floor":1,"turns":5},{"damage":0,"enemies":"Cultist","floor":2,"turns":4},{"damage":0,"enemies":"2 Louse","floor":3,"turns":2},{"damage":5,"enemies":"Large Slime","floor":4,"turns":5},{"damage":15,"enemies":"Red Slaver","floor":5,"turns":6},{"damage":30,"enemies":"Lagavulin","floor":7,"turns":9},{"damage":17,"enemies":"Gremlin Nob","floor":10,"turns":5},{"damage":5,"enemies":"3 Sentries","floor":12,"turns":5}],"seed_played":"4267708827318030954","potions_obtained":[{"floor":1,"key":"Ancient Potion"},{"floor":3,"key":"Ancient Potion"},{"floor":4,"key":"SkillPotion"},{"floor":7,"key":"Energy Potion"}],"is_trial":false,"path_per_floor":["M","M","M","M","M","R","E","R","T","E","?","E"],"character_chosen":"THE_ANIMATOR","items_purchased":[],"campfire_rested":1,"item_purchase_floors":[],"current_hp_per_floor":[53,53,53,48,33,33,3,22,22,5,5,0,0],"gold":151,"neow_bonus":"RANDOM_COLORLESS_2","is_daily":false,"chose_seed":false,"campfire_upgraded":0,"win_rate":0.0,"timestamp":1614276057,"path_taken":["M","M","M","M","M","R","E","R","T","E","?","E"],"items_purchased_type":[],"build_version":"2020-12-22","purchased_purges":0,"victory":false,"max_hp_per_floor":[66,66,66,66,66,66,66,66,66,66,66,66,66],"card_choices":[{"not_picked":["animator:HarukoHaruhara","animator:Emilia"],"picked":"animator:TanyaDegurechaff","floor":0},{"not_picked":["animator:Vanir","animator:KrulTepes"],"picked":"animator:Vesta","floor":1},{"not_picked":["animator:Darkness","animator:Fredrika"],"picked":"animator:Yuuichirou","floor":2},{"not_picked":["animator:Jibril","animator:ElricEdward"],"picked":"animator:Mikaela","floor":3},{"not_picked":["animator:LizardPriest","animator:Priestess"],"picked":"animator:Witch","floor":4},{"not_picked":["animator:MaesHughes","animator:Megumin"],"picked":"animator:Greed","floor":5},{"not_picked":["animator:Millim","animator:Mikaela"],"picked":"animator:Kaijin","floor":7},{"not_picked":["animator:Shuna","animator:EmiyaShirou","animator:Megumin"],"picked":"animator:KrulTepes","floor":10}],"player_experience":793713,"relics_obtained":[{"floor":7,"key":"Question Card"},{"floor":9,"key":"Bottled Tornado"},{"floor":10,"key":"animator:ShionDessert"}],"event_choices":[{"damage_healed":0,"gold_gain":0,"player_choice":"Trade","damage_taken":0,"relics_obtained":["SsserpentHead"],"max_hp_gain":0,"max_hp_loss":0,"event_name":"FaceTrader","floor":11,"gold_loss":0}],"is_beta":false,"boss_relics":[],"items_purged_floors":[],"is_endless":false,"potions_floor_spawned":[1,3,4,7],"killed_by":"3 Sentries","ascension_level":6}}