{"host":"jegehu1t82aiec5j","time":1614262324,"event":{"mods":["BaseMod","Colored Map","Minty Spire (QoL Compilation)","Relic Stats","StSLib"],"gold_per_floor":[109,127,52,52,70,70,99,99,99,132,94,121,191,220,220,293,293,312,325,250,175,189,219,219,219,243,92,121,71,98,118,118,192,192,212,232,232,232],"floor_reached":39,"language":"ENG","playtime":2035,"items_purged":["Strike_G"],"score":1242,"play_id":"487dd55d-d629-4ebd-9ed9-d86e9fa61a6f","local_time":"20210225091204","is_ascension_mode":true,"campfire_choices":[{"data":"Neutralize","floor":6,"key":"SMITH"},{"data":"Predator","floor":8,"key":"SMITH"},{"data":"Skewer","floor":15,"key":"SMITH"},{"data":"A Thousand Cuts","floor":24,"key":"SMITH"},{"data":"Footwork","floor":32,"key":"SMITH"}],"circlet_count":0,"master_deck":["AscendersBane","Strike_G","Defend_G","Defend_G","Defend_G","Defend_G","Defend_G","Survivor","Neutralize+1","Mayhem","Mayhem","Mayhem","Mayhem","Mayhem","Mayhem","Mayhem","Mayhem","Mayhem","Mayhem","Mayhem","Mayhem","Mayhem","Mayhem","Mayhem","Mayhem","Mayhem","Mayhem","Mayhem","Mayhem","Mayhem","Mayhem","Mayhem","Mayhem","Mayhem","Underhanded Strike","Predator+1","Die Die Die","Dash","PiercingWail","Skewer+1","Riddle With Holes","Predator","Poisoned Stab","A Thousand Cuts+1","PiercingWail","Dagger Spray","Eviscerate","Necronomicurse","Footwork+1","Bouncing Flask","Crippling Poison+1","Deflect","Adrenaline","Leg Sweep","Dash+1"],"relics":["Ring of the Snake","WarpedTongs","Bird Faced Urn","FossilizedHelix","Ginger","Blue Candle","Eternal Feather","TungstenRod","Coffee Dripper","Regal Pillow","Necronomicon","Omamori","Matryoshka","Ice Cream","Black Star"],"acts_visited":["Exordium","TheCity","TheBeyond"],"potions_floor_usage":[1,23,38],"damage_taken":[{"damage":25,"enemies":"2 Louse","floor":1,"turns":5},{"damage":24,"enemies":"Jaw Worm","floor":2,"turns":6},{"damage":1,"enemies":"Cultist","floor":5,"turns":5},{"damage":19,"enemies":"Gremlin Nob","floor":7,"turns":5},{"damage":20,"enemies":"3 Sentries","floor":10,"turns":6},{"damage":18,"enemies":"Gremlin Nob","floor":12,"turns":5},{"damage":0,"enemies":"Lagavulin","floor":14,"turns":6},{"damage":18,"enemies":"The Guardian","floor":16,"turns":7},{"damage":16,"enemies":"Shell Parasite","floor":18,"turns":5},{"damage":17,"enemies":"Chosen","floor":19,"turns":5},{"damage":4,"enemies":"Snecko","floor":22,"turns":5},{"damage":57,"enemies":"Gremlin Leader","floor":23,"turns":6},{"damage":35,"enemies":"Slavers","floor":28,"turns":5},{"damage":18,"enemies":"Book of Stabbing","floor":30,"turns":5},{"damage":37,"enemies":"Shelled Parasite and Fungi","floor":31,"turns":5},{"damage":36,"enemies":"Collector","floor":33,"turns":7},{"damage":0,"enemies":"Orb Walker","floor":35,"turns":4},{"damage":28,"enemies":"3 Darklings","floor":36,"turns":5},{"damage":64,"enemies":"Time Eater","floor":38,"turns":8}],"seed_played":"1142355062183731997","potions_obtained":[{"floor":0,"key":"Regen Potion"},{"floor":0,"key":"Regen Potion"},{"floor":12,"key":"DuplicationPotion"},{"floor":14,"key":"Dexterity Potion"},{"floor":23,"key":"SpeedPotion"}],"is_trial":false,"path_per_floor":["M","M","?","?","M","R","E","R","T","E","$","E","T","E","R","B",null,"M","M","$","?","M","E","R","?","T","$","E","?","E","M","R","B",null,"M","M","?","B",null],"character_chosen":"THE_SILENT","items_purchased":["Riddle With Holes","Footwork","Bouncing Flask"],"campfire_rested":0,"item_purchase_floors":[11,27,27],"current_hp_per_floor":[66,66,66,66,66,66,66,66,66,66,66,64,64,66,66,54,63,59,55,55,55,66,45,66,49,49,49,48,48,64,55,66,42,60,66,58,58,26],"gold":232,"neow_bonus":"THREE_SMALL_POTIONS","is_daily":false,"chose_seed":false,"campfire_upgraded":5,"win_rate":0.0,"timestamp":1614262324,"path_taken":["M","M","?","?","?","R","E","R","T","E","$","E","?","E","R","BOSS","M","M","$","?","M","E","R","?","T","$","E","?","E","?","R","BOSS","M","M","?","BOSS"],"items_purchased_type":["Card","Card","Card"],"build_version":"2020-12-22","purchased_purges":1,"victory":true,"max_hp_per_floor":[66,66,66,66,66,66,66,66,66,66,66,66,66,66,66,66,66,66,66,66,66,66,66,66,66,66,66,66,66,66,66,66,66,66,66,66,66,66],"relic_stats":{"Regal Pillow":0,"counters":[19,105],"Bird Faced Urn":[353],"Blue Candle":[8],"Eternal Feather":32,"Necronomicon":[21],"Black Star":0,"Ginger":[8],"obtain_stats":[{"Ice Cream":30,"Regal Pillow":23,"Blue Candle":10,"Eternal Feather":13,"Omamori":26,"Ginger":9,"WarpedTongs":0,"Matryoshka":28,"Bird Faced Urn":0,"Coffee Dripper":17,"Necronomicon":25,"Black Star":34,"FossilizedHelix":7,"TungstenRod":14,"Ring of the Snake":0},{"Ice Cream":14,"Regal Pillow":12,"Blue Candle":5,"Eternal Feather":6,"Omamori":12,"Ginger":4,"WarpedTongs":0,"Matryoshka":13,"Bird Faced Urn":0,"Coffee Dripper":8,"Necronomicon":12,"Black Star":16,"FossilizedHelix":4,"TungstenRod":7,"Ring of the Snake":0},{"Ice Cream":76,"Regal Pillow":66,"Blue Candle":27,"Eternal Feather":32,"Omamori":66,"Ginger":21,"WarpedTongs":0,"Matryoshka":71,"Bird Faced Urn":0,"Coffee Dripper":45,"Necronomicon":66,"Black Star":88,"FossilizedHelix":21,"TungstenRod":38,"Ring of the Snake":0}],"TungstenRod":61,"Ring of the Snake":[38],"WarpedTongs":[105]},"card_choices":[{"not_picked":["Endless Agony","Slice"],"picked":"Underhanded Strike","floor":1},{"not_picked":["Envenom","Deflect"],"picked":"Predator","floor":2},{"not_picked":["Dagger Throw","Bane"],"picked":"Dash","floor":5},{"not_picked":["Quick Slash","Reflex"],"picked":"PiercingWail","floor":7},{"not_picked":["Blade Dance","Setup"],"picked":"Skewer","floor":10},{"not_picked":["Outmaneuver","Deadly Poison"],"picked":"Predator","floor":12},{"not_picked":["Blade Dance","Distraction"],"picked":"Poisoned Stab","floor":14},{"not_picked":["Adrenaline","Unload"],"picked":"A Thousand Cuts","floor":16},{"not_picked":["Outmaneuver","Dagger Spray"],"picked":"PiercingWail","floor":18},{"not_picked":["Flechettes","Sucker Punch"],"picked":"Dagger Spray","floor":19},{"not_picked":["Crippling Poison","PiercingWail"],"picked":"Eviscerate","floor":22},{"not_picked":["Dagger Throw","Escape Plan","Underhanded Strike"],"picked":"SKIP","floor":23},{"not_picked":["Leg Sweep","Night Terror"],"picked":"Crippling Poison","floor":28},{"not_picked":["Blade Dance","Backstab+1","Tools of the Trade"],"picked":"SKIP","floor":30},{"not_picked":["Backflip","Setup+1"],"picked":"Deflect","floor":31},{"not_picked":["Glass Knife","Doppelganger"],"picked":"Adrenaline","floor":33},{"not_picked":["Catalyst","Dash"],"picked":"Leg Sweep","floor":35},{"not_picked":["Sucker Punch+1","Endless Agony"],"picked":"Dash+1","floor":36}],"player_experience":2650069,"relics_obtained":[{"floor":7,"key":"FossilizedHelix"},{"floor":9,"key":"Ginger"},{"floor":10,"key":"Blue Candle"},{"floor":13,"key":"Eternal Feather"},{"floor":14,"key":"TungstenRod"},{"floor":23,"key":"Regal Pillow"},{"floor":25,"key":"Necronomicon"},{"floor":26,"key":"Omamori"},{"floor":28,"key":"Matryoshka"},{"floor":30,"key":"Ice Cream"}],"event_choices":[{"cards_removed":["Strike_G"],"damage_healed":0,"gold_gain":0,"player_choice":"Card Removal","damage_taken":0,"max_hp_gain":0,"max_hp_loss":0,"event_name":"The Cleric","floor":3,"gold_loss":75},{"damage_healed":0,"gold_gain":0,"cards_transformed":["Strike_G"],"player_choice":"Transformed","damage_taken":0,"max_hp_gain":0,"max_hp_loss":0,"event_name":"Transmorgrifier","floor":4,"gold_loss":0,"cards_obtained":["Die Die Die"]},{"cards_removed":["Strike_G"],"damage_healed":0,"gold_gain":0,"player_choice":"Gave Gold","damage_taken":0,"max_hp_gain":0,"max_hp_loss":0,"event_name":"Beggar","floor":21,"gold_loss":75},{"damage_healed":0,"gold_gain":0,"player_choice":"Obtained Book","damage_taken":21,"max_hp_gain":0,"max_hp_loss":0,"event_name":"Cursed Tome","floor":25,"gold_loss":0},{"damage_healed":0,"gold_gain":0,"player_choice":"Upgrade","damage_taken":0,"max_hp_gain":0,"max_hp_loss":0,"event_name":"Designer","floor":29,"gold_loss":50,"cards_upgraded":["Crippling Poison"]},{"damage_healed":0,"gold_gain":0,"player_choice":"Took Portal","damage_taken":0,"max_hp_gain":0,"max_hp_loss":0,"event_name":"SecretPortal","floor":37,"gold_loss":0}],"is_beta":false,"boss_relics":[{"not_picked":["SlaversCollar","Velvet Choker"],"picked":"Coffee Dripper"},{"not_picked":["Calling Bell","HoveringKite"],"picked":"Black Star"}],"items_purged_floors":[20],"is_endless":false,"potions_floor_spawned":[12,14,16,22,23,28,33,35],"ascension_level":15}}