{"host":"43gh4c2f6tt319we","time":1614229620,"event":{"mods":["ATMod(∞¢Ë™Mod)","Act Like it!","Arknights","BaseMod","Gensokyo","Hallownest","KinomotoSakuraMod(ƒæ÷Æ±æ”£)","Lobotomy","Minty Spire (QoL Compilation)","Pale of the Ancients","Reimu£®≤©¿ˆ¡È√Œ£©","Relic Filter Mod","Remilia£®¿Ÿ√◊¿Ú—«£©","StSLib","The Alterego","The Animator","The Bug Knight","Yakumo Yukari mod","Youmu£®ªÍ∆«—˝√Œ£©"],"gold_per_floor":[999,1010,1027,623,553,553,553,588,558,609,609,609,609,392,375,375,479,479,697,697,709,709,959,959,885,885,910,921,374,374,374,376,376,680,680,693,709,709,723,735,735,763,773,773,773,773,773,806,825,825,825,835,847,947,667,667,685,685,130,130,130],"floor_reached":112,"language":"ZHS","playtime":5134,"items_purged":["animator:Curse_GriefSeed","alterego_mod:Strike","Clumsy","alterego_mod:Strike+1"],"score":2075,"play_id":"74628e17-c7ef-4605-a704-82db1a85cbbc","local_time":"20210225140700","is_ascension_mode":false,"campfire_choices":[{"data":"alterego_mod:Impale","floor":57.0,"key":"SMITH"},{"data":"alterego_mod:IndependentAction","floor":61,"key":"SMITH"},{"data":"alterego_mod:BigMeatyClaws","floor":63,"key":"SMITH"},{"data":"alterego_mod:BrynhildrsRune","floor":66,"key":"SMITH"},{"data":"alterego_mod:Weigh","floor":74,"key":"SMITH"},{"data":"alterego_mod:Stockings","floor":81,"key":"SMITH"},{"data":"alterego_mod:Defend","floor":83,"key":"SMITH"},{"data":"alterego_mod:Palingenesis","floor":95,"key":"SMITH"},{"data":"alterego_mod:Palingenesis+1","floor":100,"key":"SMITH"},{"data":"alterego_mod:Palingenesis+2","floor":106,"key":"SMITH"},{"data":"alterego_mod:Lift","floor":108,"key":"SMITH"}],"circlet_count":0,"master_deck":["alterego_mod:Strike+1","alterego_mod:Defend+1","alterego_mod:Defend+1","alterego_mod:Defend+1","alterego_mod:Defend+1","alterego_mod:Impale+1","alterego_mod:BigMeatyClaws+1","alterego_mod:BrynhildrsRune+1","AT_ShrugMaster+1","alterego_mod:Birthday","alterego_mod:Mirror+1","alterego_mod:Nekomimi+1","alterego_mod:InsideBaseball","alterego_mod:IndependentAction+1","alterego_mod:Weigh+1","alterego_mod:ClassAdvantage+1","alterego_mod:Venus+1","alterego_mod:AlterEgo+1","alterego_mod:Stockings+1","alterego_mod:Smother+1","alterego_mod:Palingenesis+4","alterego_mod:Lift+1","AT_EmpoweredMortalDraw","alterego_mod:RocketPunch+1","Gensokyo:DreamlikeParadise+1","alterego_mod:Valentines+1"],"relics":["alterego_mod:MasochisticConstitution","AT_ATBox","AT_SilvercatRing","Gensokyo:OccultBall","Blood Vial","Gensokyo:NagashiBinaDoll","DollysMirror","Sozu","Gensokyo:DirgeOfMelancholy","Vajra","TungstenRod","Gensokyo:ConquerorOfFear","Pen Nib","AT_MortalBlade","Pantograph","AT_ArchangelStaff","Letter Opener","paleoftheancients:Timepiece","paleoftheancients:KeyRelic","Bronze Scales","paleoftheancients:SoulOfTheCollector","AT_SunfireAegis","Mummified Hand","Art of War"],"acts_visited":["Exordium","Gensokyo:Gensokyo","Gensokyo:Gensokyoer","Gensokyo:Gensokyoest"],"potions_floor_usage":[102],"damage_taken":[{"damage":1.0,"enemies":"Gensokyo:Python","floor":52.0,"turns":7.0},{"damage":2.0,"enemies":"Gensokyo:3_Fairies","floor":53.0,"turns":5.0},{"damage":2.0,"enemies":"Gensokyo:Mamizou","floor":58.0,"turns":8.0},{"damage":7,"enemies":"Gensokyo:Gryphon","floor":59,"turns":1},{"damage":13,"enemies":"Gensokyo:2_Rabbits","floor":65,"turns":5},{"damage":9,"enemies":"Gensokyo:Kokoro","floor":67,"turns":13},{"damage":2,"enemies":"Gensokyo:CosmicMonolith","floor":69,"turns":5},{"damage":7,"enemies":"Gensokyo:AngelMirror","floor":71,"turns":3},{"damage":9,"enemies":"Gensokyo:3_Gloops","floor":78,"turns":4},{"damage":0,"enemies":"Gensokyo:Koishi","floor":82,"turns":4},{"damage":12,"enemies":"Gensokyo:Kaguya","floor":84,"turns":7},{"damage":4,"enemies":"Gensokyo:AncientGuardian","floor":86,"turns":4},{"damage":10,"enemies":"Gensokyo:3_Bats","floor":87,"turns":3},{"damage":0,"enemies":"Gensokyo:3_Boulders","floor":89,"turns":3},{"damage":16,"enemies":"Gensokyo:4_Bats","floor":90,"turns":2},{"damage":0,"enemies":"Gensokyo:Marisa","floor":92,"turns":4},{"damage":0,"enemies":"Gensokyo:AtlasGolem","floor":93,"turns":4},{"damage":0,"enemies":"Gensokyo:AtlasGolem","floor":97,"turns":7},{"damage":8,"enemies":"Gensokyo:Kasen","floor":98,"turns":4},{"damage":6,"enemies":"Gensokyo:Rafflesia","floor":99,"turns":5},{"damage":20,"enemies":"Gensokyo:Yuyuko","floor":101,"turns":7},{"damage":25,"enemies":"Gensokyo:Yuyuko","floor":102,"turns":8},{"damage":3,"enemies":"Gensokyo:Yuyuko","floor":103,"turns":8},{"damage":20,"enemies":"Gensokyo:Yuyuko","floor":107,"turns":9},{"damage":82,"enemies":"paleoftheancients:N","floor":111,"turns":16}],"seed_played":"4682025105263886227","potions_obtained":[{"floor":52.0,"key":"LiquidMemories"},{"floor":53.0,"key":"Swift Potion"}],"is_trial":false,"path_per_floor":["M","M","$","?","?","R","E","M","T","R","?","R","COS","M","R","B",null,"M","?","M","?","?","R","COS","?","T","M","$","?","R","E","R","B",null,"M","M","?","M","M","?","E","M","T","R","?","?","E","M","R","B","M","M","?","$","R","M","R","$","?","B",null],"character_chosen":"The_Alterego","items_purchased":["AT_SilvercatRing","alterego_mod:Nekomimi","alterego_mod:Stockings","alterego_mod:Smother","TungstenRod","AT_SunfireAegis","Mummified Hand","Art of War"],"campfire_rested":0,"item_purchase_floors":[54,54,79,79,79,105,109,109],"current_hp_per_floor":[70,77,78,78,78,78,78,79,75,75,75,75,75,75,74,74,70,96,97,97,91,91,91,91,91,91,91,85,85,85,85,89,89,82,95,94,89,89,91,78,78,83,88,88,88,88,88,85,84,84,101,91,102,102,102,102,104,104,104,104,65],"gold":130,"neow_bonus":"RANDOM_COLORLESS_2","is_daily":false,"chose_seed":false,"campfire_upgraded":11,"win_rate":0.0,"timestamp":1614229620,"path_taken":["M","M","$","?","?","R","E","M","T","R","?","R","COS","M","R","BOSS","M","?","M","?","?","R","COS","?","T","?","?","?","R","E","R","BOSS","M","M","?","M","M","?","E","?","T","R","?","?","E","M","R","BOSS","M","M","?","$","R","M","R","$","?","BOSS"],"items_purchased_type":["Relic","Card","Card","Card","Relic","Relic","Relic","Relic"],"build_version":"2020-12-22","purchased_purges":4,"victory":true,"max_hp_per_floor":[90,91,92,92,92,92,92,93,94,94,94,94,94,94,95,95,96,96,97,97,98,98,93,93,93,93,93,94,94,94,94,94,94,95,95,96,97,97,97,98,98,98,98,98,98,98,98,99,100,100,101,102,103,103,103,103,104,104,104,104,105],"card_choices":[{"not_picked":["AT_FalsePromise","AT_BreakingExtremeWeapon"],"picked":"Chrysalis","floor":51.0},{"not_picked":["alterego_mod:DustData","alterego_mod:DestructionOfProperty"],"picked":"alterego_mod:Birthday","floor":52.0},{"not_picked":["alterego_mod:Lingerie","alterego_mod:PerceptionDisorder"],"picked":"alterego_mod:Mirror","floor":53.0},{"not_picked":["alterego_mod:Undulate","alterego_mod:Schoolgirl"],"picked":"alterego_mod:InsideBaseball","floor":58},{"not_picked":["alterego_mod:Pet","alterego_mod:MagicResistance"],"picked":"alterego_mod:IndependentAction","floor":59},{"not_picked":["alterego_mod:DeftHands","alterego_mod:Complex","alterego_mod:Cooking"],"picked":"SKIP","floor":65},{"not_picked":["alterego_mod:STier","alterego_mod:TrickOrTreatment"],"picked":"alterego_mod:Weigh","floor":67},{"not_picked":["alterego_mod:Weigh","alterego_mod:Venus"],"picked":"alterego_mod:ClassAdvantage","floor":67},{"not_picked":["alterego_mod:GIGAMILK","alterego_mod:TrickOrTreatment"],"picked":"alterego_mod:Venus","floor":67},{"not_picked":["alterego_mod:MagicResistance","alterego_mod:HighServant+1","alterego_mod:Rip"],"picked":"SKIP","floor":69},{"not_picked":["alterego_mod:DeftHands","alterego_mod:Bounce","alterego_mod:PerceptionDisorder"],"picked":"SKIP","floor":71},{"not_picked":["alterego_mod:Undulate","alterego_mod:SakuraLabyrinth","alterego_mod:Maid"],"picked":"SKIP","floor":78},{"not_picked":["alterego_mod:DustData","alterego_mod:Santa","alterego_mod:1TonWallop"],"picked":"SKIP","floor":82},{"not_picked":["alterego_mod:IdEs","alterego_mod:PainIsPleasure"],"picked":"alterego_mod:Palingenesis","floor":84},{"not_picked":["alterego_mod:Weigh","alterego_mod:Alter"],"picked":"alterego_mod:Lift","floor":84},{"not_picked":["alterego_mod:BoobPocket+1","alterego_mod:Jiggle","alterego_mod:Bounce"],"picked":"SKIP","floor":86},{"not_picked":["alterego_mod:Undulate+1","alterego_mod:DeftHands"],"picked":"alterego_mod:RocketPunch+1","floor":87},{"not_picked":["alterego_mod:Mirror+1","alterego_mod:Cooking+1","alterego_mod:Rip"],"picked":"SKIP","floor":89},{"not_picked":["alterego_mod:Complex+1","alterego_mod:1TonWallop+1","alterego_mod:Mirror"],"picked":"SKIP","floor":90},{"not_picked":["alterego_mod:Complex+1","alterego_mod:1TonWallop+1","alterego_mod:Mirror"],"picked":"SKIP","floor":90},{"not_picked":["alterego_mod:Bounce+1","alterego_mod:DeftHands","alterego_mod:Smother+1"],"picked":"SKIP","floor":92},{"not_picked":["alterego_mod:PerceptionDisorder+1","alterego_mod:DestructionOfProperty","alterego_mod:Santa"],"picked":"SKIP","floor":93},{"not_picked":["Gensokyo:LifeSpringInfinity+1","Gensokyo:UnlikelyAid+1"],"picked":"Gensokyo:DreamlikeParadise+1","floor":97},{"not_picked":["alterego_mod:Bounce","alterego_mod:VirginLaserPalladion","alterego_mod:PerceptionDisorder+1"],"picked":"SKIP","floor":98},{"not_picked":["alterego_mod:SuperDuperMasochism","alterego_mod:HighServant+1"],"picked":"alterego_mod:Valentines+1","floor":99},{"not_picked":["alterego_mod:1TonWallop+1","alterego_mod:Maid+1","alterego_mod:TrashNCrash+1"],"picked":"SKIP","floor":102},{"not_picked":["alterego_mod:Bounce+1","alterego_mod:DestructionOfProperty+1","alterego_mod:Lingerie"],"picked":"SKIP","floor":103},{"not_picked":["alterego_mod:Bounce+1","alterego_mod:Crossover+1","alterego_mod:Smother"],"picked":"SKIP","floor":107}],"player_experience":555101,"relics_obtained":[{"floor":58,"key":"Bag of Marbles"},{"floor":59,"key":"Gensokyo:OccultBall"},{"floor":60,"key":"Blood Vial"},{"floor":67,"key":"Gensokyo:OccultBall"},{"floor":77,"key":"Vajra"},{"floor":82,"key":"Gensokyo:ConquerorOfFear"},{"floor":82,"key":"Pen Nib"},{"floor":84,"key":"Gensokyo:OccultBall"},{"floor":92,"key":"Pantograph"},{"floor":94,"key":"AT_ArchangelStaff"},{"floor":98,"key":"Letter Opener"},{"floor":102,"key":"Gensokyo:OccultBall"},{"floor":103,"key":"paleoftheancients:SoulOfTheCollector"},{"floor":107,"key":"Gensokyo:OccultBall"}],"event_choices":[{"damage_healed":0,"gold_gain":100,"player_choice":"Pray","damage_taken":0,"max_hp_gain":0,"max_hp_loss":0,"event_name":"Golden Shrine","floor":104,"gold_loss":0}],"is_beta":false,"boss_relics":[{"not_picked":["RedLine:ReiMu","AT_TrinityForce"],"picked":"Sozu"},{"not_picked":["Black Star","Circlet"],"picked":"AT_MortalBlade"}],"items_purged_floors":[54,79,105,109],"is_endless":false,"potions_floor_spawned":[52,53,78,82,89,92,102,103],"ascension_level":0}}