{"host":"kux12pw67lc1ca9q","time":1614269593,"event":{"mods":["2.2 Compatiblity","Act Like it!","Ascension Unlocker","Aspiration","BaseMod","Better Altar","Better Match","Better Sensory Stone","Better Skull","Better Third Choice","BetterRewards","Block Reminder","CCEM2","Displayed Cursed Tome","Elementarium","Energized Spire","Gensokyo","GifTheSpireLib","Hallownest","Hermit","Infinite Spire","JesterMod","Jorbs\u0027s Wanderer Trilogy","Lobotomy","Marisa????????","Marked Mod","Menagerie","Minty Spire (QoL Compilation)","Permanent Neow","Potionbrewer","Quick Restart","Reimu??????","Replay The Spire","Ruina","SCP261 Mod","Shade Mod","Shop Mod","Spicy Shops","Spikes Relics","StSLib","Stuff the Spire","The Bug Knight","The Cursed","The Death Knight","The Hayseed","The Hierophant","The Judge","The Juggle","The Mystic","The Necromancer","The Runesmith","The Showman","The Witch","TheFirefly","Virulent Crown","Wandering Minibosses","thorton"],"gold_per_floor":[112,129,146,146,28,28,60,60,60,60,60],"floor_reached":10,"language":"ENG","playtime":847,"items_purged":[],"score":122,"play_id":"47a1d8e8-c01e-4158-bcff-4a90cb420e2b","local_time":"20210225161313","is_ascension_mode":true,"campfire_choices":[{"data":"StuffTheSpire:Python","floor":6,"key":"SMITH"}],"circlet_count":0,"master_deck":["AscendersBane","Strike_G","Strike_G","Strike_G","Strike_G","Strike_G","Defend_G+1","Defend_G+1","Defend_G+1","Defend_G+1","Defend_G+1","Survivor","Neutralize+1","OldLady","Predator","CherryBlossoms","StuffTheSpire:Python+1","Backstab+1","Clumsy","StuffTheSpire:DoubleShiv","StuffTheSpire:ReptileScales","Menagerie:SagesJudgement"],"relics":["Ring of the Snake","CogitoBucket","Menagerie:ExplorersFlag","Whetstone","Replay:Bottled Eggs","Paper Crane"],"acts_visited":["Menagerie:Menagerie"],"potions_floor_usage":[7],"damage_taken":[{"damage":4,"enemies":"Menagerie:StygianBoar","floor":1,"turns":5},{"damage":6,"enemies":"Menagerie:MonstrousExperiment","floor":2,"turns":6},{"damage":6,"enemies":"Menagerie:WhisperingWraith","floor":3,"turns":7},{"damage":23,"enemies":"Menagerie:VoidReaper","floor":7,"turns":7},{"damage":20,"enemies":"Menagerie:MaskedSummoner","floor":10,"turns":10}],"seed_played":"-7658574136630580722","potions_obtained":[{"floor":1,"key":"potionbrewer:CleansingPotion"},{"floor":3,"key":"SCP261:PenguinPunchPotion"}],"is_trial":false,"path_per_floor":["M","M","M","?","$","R","E","?","T","E"],"character_chosen":"THE_SILENT","items_purchased":["Whetstone","StuffTheSpire:DoubleShiv"],"campfire_rested":0,"item_purchase_floors":[5,5],"current_hp_per_floor":[55,49,43,43,43,43,20,18,18,0,0],"gold":60,"neow_bonus":"","is_daily":false,"chose_seed":false,"campfire_upgraded":1,"win_rate":0.0,"timestamp":1614269593,"path_taken":["M","M","M","?","$","R","E","?","T","E"],"items_purchased_type":["Relic","Card"],"build_version":"2020-12-22","purchased_purges":0,"victory":false,"max_hp_per_floor":[66,66,66,66,66,66,66,66,66,66,66],"card_choices":[{"not_picked":["MHz","Porccubus","Murderer"],"picked":"Singing Bowl","floor":1},{"not_picked":["Rudolta","CrumblingArmor"],"picked":"OldLady","floor":1},{"not_picked":["Poison Darts","Riddle With Holes"],"picked":"Predator","floor":1},{"not_picked":["RedShoes","WhitesApple"],"picked":"CherryBlossoms","floor":2},{"not_picked":["Sucker Punch","Deflect"],"picked":"StuffTheSpire:Python","floor":2},{"not_picked":["MHz","Freischutz","Funeral"],"picked":"Singing Bowl","floor":3},{"not_picked":["Flying Knee","Slice"],"picked":"Backstab","floor":3},{"not_picked":["VoidDream","Yin","QueenOfHatred"],"picked":"Singing Bowl","floor":7},{"not_picked":["Acrobatics","Poisoned Stab"],"picked":"StuffTheSpire:ReptileScales","floor":7}],"player_experience":1349868,"relics_obtained":[{"floor":7,"key":"Replay:Bottled Eggs"},{"floor":9,"key":"Paper Crane"}],"event_choices":[{"damage_healed":0,"gold_gain":0,"player_choice":"Take","damage_taken":0,"relics_obtained":["Menagerie:ExplorersFlag"],"max_hp_gain":0,"max_hp_loss":0,"event_name":"Menagerie:AtThePeak","floor":4,"gold_loss":0,"cards_obtained":["Clumsy"]},{"damage_healed":0,"gold_gain":0,"player_choice":"Help the mage","damage_taken":7,"max_hp_gain":0,"max_hp_loss":0,"event_name":"Menagerie:MageAndMonster","floor":8,"gold_loss":0,"cards_obtained":["Menagerie:SagesJudgement"]}],"is_beta":false,"boss_relics":[],"items_purged_floors":[],"is_endless":false,"potions_floor_spawned":[1,3],"killed_by":"Menagerie:MaskedSummoner","ascension_level":20}}