{"host":"dkr0dog13pegamnp","time":1614261257,"event":{"mods":["AchievementEnabler","BaseMod","Minty Spire (QoL Compilation)","Rare Cards Sparkle","StSLib","SuperFastMode","everything is the same but u backflip on backflip"],"gold_per_floor":[119,44,119,119,139,139,157,191,218,281,305,317,317],"floor_reached":12,"language":"KOR","playtime":244,"items_purged":["Strike_G"],"score":133,"play_id":"643f2870-a009-4698-ba65-583a13cdd678","local_time":"20210225225417","is_ascension_mode":true,"campfire_choices":[{"data":"Phantasmal Killer","floor":6.0,"key":"SMITH"}],"circlet_count":0,"master_deck":["AscendersBane","Strike_G","Strike_G","Strike_G","Strike_G","Defend_G","Defend_G","Defend_G","Defend_G","Defend_G","Survivor","Neutralize","Phantasmal Killer+1","Caltrops","Riddle With Holes","Escape Plan","Blur"],"relics":["Ring of the Snake","Blood Vial","Bag of Marbles","MawBank","Omamori"],"acts_visited":["Exordium"],"potions_floor_usage":[12],"damage_taken":[{"damage":0.0,"enemies":"2 Louse","floor":1.0,"turns":4.0},{"damage":0.0,"enemies":"Jaw Worm","floor":5.0,"turns":5.0},{"damage":4.0,"enemies":"Small Slimes","floor":7.0,"turns":3.0},{"damage":23.0,"enemies":"Gremlin Nob","floor":8.0,"turns":4.0},{"damage":0.0,"enemies":"Blue Slaver","floor":11.0,"turns":5.0},{"damage":39,"enemies":"Lagavulin","floor":12,"turns":10}],"seed_played":"6207643314791053426","potions_obtained":[{"floor":5.0,"key":"AttackPotion"},{"floor":8.0,"key":"SpeedPotion"}],"is_trial":false,"path_per_floor":["M","$","?","?","M","R","M","E","T","T","M","E"],"character_chosen":"THE_SILENT","items_purchased":[],"campfire_rested":0,"item_purchase_floors":[],"current_hp_per_floor":[59,59,48,45,47,47,45,24,24,24,26,0,0],"gold":317,"neow_bonus":"ONE_RANDOM_RARE_CARD","is_daily":false,"chose_seed":false,"campfire_upgraded":1,"win_rate":0.0,"timestamp":1614261257,"path_taken":["M","$","?","?","M","R","M","E","T","?","M","E"],"items_purchased_type":[],"build_version":"2020-12-22","purchased_purges":1,"victory":false,"max_hp_per_floor":[66,66,66,66,66,66,66,66,66,66,66,66,66],"card_choices":[{"not_picked":["Outmaneuver","Slice"],"picked":"Caltrops","floor":1.0},{"not_picked":["Sucker Punch","Dodge and Roll"],"picked":"Riddle With Holes","floor":5.0},{"not_picked":["Sucker Punch","Flying Knee"],"picked":"Escape Plan","floor":7.0},{"not_picked":["Outmaneuver","Finisher","Heel Hook"],"picked":"SKIP","floor":8.0},{"not_picked":["Underhanded Strike","Flying Knee"],"picked":"Blur","floor":11.0}],"player_experience":113296,"relics_obtained":[{"floor":8.0,"key":"Bag of Marbles"},{"floor":9.0,"key":"MawBank"},{"floor":10.0,"key":"Omamori"}],"event_choices":[{"damage_healed":0.0,"max_hp_gain":0.0,"max_hp_loss":0.0,"gold_gain":75.0,"event_name":"World of Goop","player_choice":"Gather Gold","floor":3.0,"gold_loss":0.0,"damage_taken":11.0},{"damage_healed":0.0,"max_hp_gain":0.0,"max_hp_loss":0.0,"gold_gain":0.0,"event_name":"Scrap Ooze","player_choice":"Success","floor":4.0,"gold_loss":0.0,"damage_taken":3.0,"relics_obtained":["Blood Vial"]}],"is_beta":false,"boss_relics":[],"items_purged_floors":[2],"is_endless":false,"potions_floor_spawned":[5,8],"killed_by":"Lagavulin","ascension_level":14}}