{"host":"cdkrzjeeka80pjqp","time":1614289218,"event":{"mods":["AchievementEnabler","BaseMod","Block Reminder","Colored Map","Colored Powertips","Highlight Path","Minty Spire (QoL Compilation)","Relic Stats"],"gold_per_floor":[110,130,142,22,35,65,65,65,92,106,132,147,147,175,175,273,273,284,303,303,317,334,366,398,422,434,446,483,510,522,546,558,671,683,710,722,751,615,627,662,680,697,697,729,25,25,43,60,60,60,60,60,7,41,41,41],"floor_reached":55,"language":"ENG","playtime":4289,"items_purged":["Defend_R"],"score":747,"play_id":"7ed30516-2934-453c-949c-65c3e919c759","local_time":"20210225224018","is_ascension_mode":false,"campfire_choices":[{"data":"Shrug It Off","floor":7.0,"key":"SMITH"},{"data":"Twin Strike","floor":13.0,"key":"SMITH"},{"data":"Shrug It Off","floor":15.0,"key":"SMITH"},{"floor":27.0,"key":"REST"},{"data":"Armaments","floor":30.0,"key":"SMITH"},{"floor":32.0,"key":"RECALL"},{"data":"Shrug It Off","floor":46,"key":"SMITH"},{"data":"Defend_R","floor":49,"key":"SMITH"},{"data":"Defend_R","floor":52,"key":"SMITH"}],"circlet_count":0,"master_deck":["Strike_R","Strike_R","Strike_R","Strike_R","Strike_R","Defend_R","Defend_R+1","Defend_R+1","Bash+1","Shrug It Off+1","Thunderclap","Twin Strike+1","Shrug It Off+1","Perfected Strike+1","Perfected Strike+1","Cleave+1","Flex+1","Armaments+1","Twin Strike","Shrug It Off+1","Pommel Strike"],"relics":["Burning Blood","Bronze Scales","MealTicket","PreservedInsect","Pocketwatch","Self Forming Clay","SacredBark","MawBank","Sundial","Art of War","Busted Crown","Regal Pillow","Gremlin Horn","Pear","Kunai","HandDrill","Letter Opener","Pen Nib"],"acts_visited":["Exordium","TheCity","TheBeyond","TheEnding"],"potions_floor_usage":[40,44,50,55],"damage_taken":[{"damage":1.0,"enemies":"Cultist","floor":1.0,"turns":3.0},{"damage":9.0,"enemies":"Jaw Worm","floor":2.0,"turns":4.0},{"damage":5.0,"enemies":"2 Louse","floor":3.0,"turns":3.0},{"damage":11.0,"enemies":"Exordium Wildlife","floor":5.0,"turns":6.0},{"damage":30.0,"enemies":"3 Sentries","floor":6.0,"turns":10.0},{"damage":0.0,"enemies":"Exordium Thugs","floor":10.0,"turns":5.0},{"damage":18.0,"enemies":"Lagavulin","floor":11.0,"turns":5.0},{"damage":0.0,"enemies":"2 Fungi Beasts","floor":12.0,"turns":3.0},{"damage":21.0,"enemies":"Gremlin Nob","floor":14.0,"turns":4.0},{"damage":28.0,"enemies":"Slime Boss","floor":16.0,"turns":11.0},{"damage":0.0,"enemies":"3 Byrds","floor":18.0,"turns":4.0},{"damage":0.0,"enemies":"Chosen","floor":19.0,"turns":5.0},{"damage":4.0,"enemies":"Snake Plant","floor":21.0,"turns":3.0},{"damage":15.0,"enemies":"Snecko","floor":22.0,"turns":3.0},{"damage":8.0,"enemies":"Book of Stabbing","floor":23.0,"turns":6.0},{"damage":7.0,"enemies":"3 Cultists","floor":24.0,"turns":5.0},{"damage":26.0,"enemies":"Centurion and Healer","floor":25.0,"turns":5.0},{"damage":11.0,"enemies":"Gremlin Leader","floor":28.0,"turns":5.0},{"damage":0.0,"enemies":"Chosen and Byrds","floor":29.0,"turns":5.0},{"damage":5.0,"enemies":"Cultist and Chosen","floor":31.0,"turns":6.0},{"damage":65.0,"enemies":"Automaton","floor":33.0,"turns":11.0},{"damage":10,"enemies":"Orb Walker","floor":35,"turns":3},{"damage":17,"enemies":"3 Darklings","floor":37,"turns":6},{"damage":13,"enemies":"4 Shapes","floor":39,"turns":9},{"damage":32,"enemies":"Reptomancer","floor":40,"turns":6},{"damage":4,"enemies":"Spire Growth","floor":41,"turns":4},{"damage":12,"enemies":"Sphere and 2 Shapes","floor":42,"turns":5},{"damage":53,"enemies":"Giant Head","floor":44,"turns":6},{"damage":0,"enemies":"Jaw Worm Horde","floor":47,"turns":2},{"damage":25,"enemies":"Spire Growth","floor":48,"turns":5},{"damage":97,"enemies":"Awakened One","floor":50,"turns":17},{"damage":51,"enemies":"Shield and Spear","floor":54,"turns":5},{"damage":73,"enemies":"The Heart","floor":55,"turns":5}],"seed_played":"-1547035514038581029","potions_obtained":[{"floor":2.0,"key":"PowerPotion"},{"floor":5.0,"key":"SteroidPotion"},{"floor":11.0,"key":"GamblersBrew"},{"floor":14.0,"key":"Swift Potion"},{"floor":16.0,"key":"FearPotion"},{"floor":18.0,"key":"EssenceOfSteel"},{"floor":19.0,"key":"HeartOfIron"},{"floor":24.0,"key":"FairyPotion"},{"floor":29.0,"key":"LiquidMemories"},{"floor":33.0,"key":"FearPotion"},{"floor":35,"key":"FairyPotion"},{"floor":42,"key":"PowerPotion"},{"floor":48,"key":"Fire Potion"},{"floor":54,"key":"Block Potion"}],"is_trial":false,"path_per_floor":["M","M","M","$","M","E","R","?","T","M","E","M","R","E","R","B",null,"M","M","?","M","M","E","M","M","T","R","E","M","R","M","R","B",null,"M","?","M","$","M","E","M","M","T","E","$","R","M","M","R","B",null,"R","$","E","B"],"character_chosen":"IRONCLAD","items_purchased":["Twin Strike","Regal Pillow","Kunai","HandDrill","Letter Opener","Shrug It Off","Pommel Strike"],"campfire_rested":1,"item_purchase_floors":[4,38,45,45,45,45,53],"current_hp_per_floor":[80,77,78,78,73,49,49,49,49,55,43,49,49,34,34,12,80,80,80,80,80,71,69,68,48,48,72,67,73,73,74,74,15,80,76,76,65,80,73,47,49,43,43,64,79,79,85,66,66,40,90,90,90,45,0,0],"gold":41,"neow_bonus":"UPGRADE_CARD","is_daily":false,"chose_seed":false,"campfire_upgraded":7,"win_rate":0.0,"timestamp":1614289218,"path_taken":["M","M","M","$","?","E","R","?","T","M","E","?","R","E","R","BOSS","M","M","?","M","M","E","M","M","T","R","E","M","R","M","R","BOSS","M","?","M","$","M","E","M","M","T","E","$","R","?","M","R","BOSS","R","$","E","BOSS"],"items_purchased_type":["Card","Relic","Relic","Relic","Relic","Card","Card"],"build_version":"2020-12-22","purchased_purges":1,"victory":false,"max_hp_per_floor":[80,80,80,80,80,80,80,80,80,80,80,80,80,80,80,80,80,80,80,80,80,80,80,80,80,80,80,80,80,80,80,80,80,80,80,80,80,80,80,80,80,80,80,90,90,90,90,90,90,90,90,90,90,90,90,90],"relic_stats":{"Regal Pillow":0,"Gremlin Horn":[8,8],"counters":[33,185],"Self Forming Clay":[216],"PreservedInsect":388,"Pen Nib":[0],"Letter Opener":[40],"MawBank":180,"Burning Blood":173,"Busted Crown":20,"Sundial":[22],"Bronze Scales":[491],"MealTicket":30,"Art of War":[2],"HandDrill":[14],"Kunai":[4],"obtain_stats":[{"Regal Pillow":38,"Pear":44,"Gremlin Horn":40,"Self Forming Clay":14,"SacredBark":17,"PreservedInsect":9,"Pen Nib":54,"Letter Opener":45,"MawBank":23,"Burning Blood":0,"Busted Crown":34,"Sundial":26,"Bronze Scales":6,"MealTicket":8,"Art of War":28,"HandDrill":45,"Kunai":45,"Pocketwatch":11},{"Regal Pillow":23,"Pear":28,"Gremlin Horn":25,"Self Forming Clay":9,"SacredBark":10,"PreservedInsect":5,"Pen Nib":32,"Letter Opener":28,"MawBank":15,"Burning Blood":0,"Busted Crown":21,"Sundial":17,"Bronze Scales":5,"MealTicket":5,"Art of War":18,"HandDrill":28,"Kunai":28,"Pocketwatch":7},{"Regal Pillow":121,"Pear":151,"Gremlin Horn":136,"Self Forming Clay":43,"SacredBark":54,"PreservedInsect":26,"Pen Nib":180,"Letter Opener":151,"MawBank":75,"Burning Blood":0,"Busted Crown":112,"Sundial":85,"Bronze Scales":26,"MealTicket":26,"Art of War":90,"HandDrill":151,"Kunai":151,"Pocketwatch":36}],"Pocketwatch":[252]},"card_choices":[{"not_picked":["Headbutt","Fire Breathing","Warcry"],"picked":"SKIP","floor":1.0},{"not_picked":["Warcry","Offering"],"picked":"Shrug It Off","floor":2.0},{"not_picked":["Headbutt","Iron Wave"],"picked":"Thunderclap","floor":3.0},{"not_picked":["Infernal Blade","Clothesline"],"picked":"Shrug It Off","floor":5.0},{"not_picked":["Fire Breathing","Havoc","True Grit"],"picked":"SKIP","floor":6.0},{"not_picked":["Metallicize","Dropkick","Sword Boomerang"],"picked":"SKIP","floor":10.0},{"not_picked":["Heavy Blade","Body Slam","Whirlwind"],"picked":"SKIP","floor":11.0},{"not_picked":["Flame Barrier","Anger","Power Through"],"picked":"SKIP","floor":12.0},{"not_picked":["Warcry","Entrench","Reckless Charge"],"picked":"SKIP","floor":14.0},{"not_picked":["Dark Embrace+1","Searing Blow","Sentinel+1"],"picked":"SKIP","floor":18.0},{"not_picked":["Twin Strike","Body Slam+1"],"picked":"Perfected Strike","floor":19.0},{"not_picked":["Havoc","Seeing Red"],"picked":"Perfected Strike+1","floor":21.0},{"not_picked":["Rupture","Dark Embrace"],"picked":"Cleave+1","floor":22.0},{"not_picked":["Blood for Blood","Headbutt+1","Warcry"],"picked":"SKIP","floor":23.0},{"not_picked":["Thunderclap","Dark Embrace"],"picked":"Flex+1","floor":24.0},{"not_picked":["Shockwave","Carnage","Flex"],"picked":"SKIP","floor":25.0},{"not_picked":["Heavy Blade","Searing Blow"],"picked":"Armaments","floor":28.0},{"not_picked":["Double Tap","Flex","Reckless Charge+1"],"picked":"SKIP","floor":29.0},{"not_picked":["Cleave","Shockwave","Disarm"],"picked":"SKIP","floor":31.0},{"not_picked":["Wild Strike+1"],"picked":"SKIP","floor":35},{"not_picked":["Flex"],"picked":"SKIP","floor":37},{"not_picked":["True Grit+1"],"picked":"SKIP","floor":39},{"not_picked":["Sever Soul+1"],"picked":"SKIP","floor":40},{"not_picked":["Dark Embrace+1"],"picked":"SKIP","floor":41},{"not_picked":["Body Slam+1"],"picked":"SKIP","floor":42},{"not_picked":[],"picked":"Twin Strike","floor":44},{"not_picked":["Battle Trance"],"picked":"SKIP","floor":47},{"not_picked":["Combust"],"picked":"SKIP","floor":48},{"not_picked":["Entrench"],"picked":"SKIP","floor":54}],"player_experience":416732,"relics_obtained":[{"floor":6.0,"key":"Bronze Scales"},{"floor":9.0,"key":"PreservedInsect"},{"floor":11.0,"key":"Pocketwatch"},{"floor":14.0,"key":"Self Forming Clay"},{"floor":23.0,"key":"MawBank"},{"floor":26.0,"key":"Sundial"},{"floor":28.0,"key":"Art of War"},{"floor":40,"key":"Gremlin Horn"},{"floor":44,"key":"Pear"},{"floor":54,"key":"Pen Nib"}],"event_choices":[{"damage_healed":0.0,"max_hp_gain":0.0,"max_hp_loss":0.0,"gold_gain":0.0,"event_name":"WeMeetAgain","player_choice":"Gave Potion","floor":8.0,"gold_loss":0.0,"damage_taken":0.0,"relics_obtained":["MealTicket"]},{"damage_healed":0.0,"max_hp_gain":0.0,"max_hp_loss":0.0,"gold_gain":0.0,"event_name":"Ghosts","player_choice":"Ignored","floor":20.0,"gold_loss":0.0,"damage_taken":0.0},{"damage_healed":0,"gold_gain":0,"player_choice":"Upgraded","damage_taken":0,"max_hp_gain":0,"max_hp_loss":0,"event_name":"Upgrade Shrine","floor":36,"gold_loss":0,"cards_upgraded":["Perfected Strike"]}],"is_beta":false,"boss_relics":[{"not_picked":["Ectoplasm","Astrolabe"],"picked":"SacredBark"},{"not_picked":["Tiny House","Runic Cube"],"picked":"Busted Crown"}],"items_purged_floors":[4],"is_endless":false,"potions_floor_spawned":[2,5,11,14,16,18,19,24,29,33,35,42,48,54],"killed_by":"The Heart","ascension_level":0}}