{"host":"t6w2q9o6m1ipuhb5","time":1614213928,"event":{"mods":["100% Spire Juice","2.2 Compatiblity","Abigail Mod","AchievementEnabler","Act Like it!","Arknights","BaseMod","BetterRewards","CapriCore","Chen","Colored Map","Colored Powertips","Curses Come First","Dark Map","Downfall","Friendly Minions","Gensokyo","GifTheSpireLib","Hermit","Hubris","Infinite Spire","KinomotoSakuraMod(????)","Kiyohime????","Koishi","Marisa????????","Mimic Mod","Minty Spire (QoL Compilation)","Onozuka Komachi Mod","Permanent Neow","Prisma Mod","Quick Restart","Reimu??????","Remilia??????","Replay The Spire","StSLib","SuperFastMode","Td1madao Mod","The Animator","The Bug Knight","The Cursed","The Immortal","The Senshi","The Servant 0.9.4","The Wild Card","Waifu the Spire"],"gold_per_floor":[116,131,146,165,175,175,200,200,227,227,227,227,259,279,279,382,382,399,399,418,368,383,417,417,452,485,497,522,537,554,554,554,659,659,715,780,847,847,591,591,591,647,699,699,762,822,872,872,872],"floor_reached":48,"language":"ENG","playtime":3138,"items_purged":[],"score":781,"play_id":"769ec402-b7ed-4f67-a235-3766d6e2af8a","local_time":"20210224194528","is_ascension_mode":false,"campfire_choices":[{"data":"Starlight","floor":6.0,"key":"SMITH"},{"data":"SilverBlades","floor":11.0,"key":"SMITH"},{"floor":15.0,"key":"DIG"},{"data":"theWildCard:Michael","floor":32.0,"key":"SMITH"},{"data":"SilverBlades","floor":32.0,"key":"SMITH"},{"floor":40,"key":"REST"}],"circlet_count":0,"master_deck":["Strike_S","Strike_S","Strike_S","Strike_S","Defend_S+1","Defend_S","Defend_S+1","Defend_S","KidneyShot+1","Exchange","Starlight+1","Ricochet","SilverBlades+1","Starlight","TimeWarp","BottledTime","theWildCard:Michael+1","FloweringNight","Replace","FlawlessForm","CurseOfTheBell","FastForward","SilverBlades+1","SoulSculpture","Luminosity","GearUp+1","infinitespire:Collect","Potential","Ricochet","SurpressingFire+1","Foresight","Potential","Replace+1","Revamp","MurderousAura","Luminosity+1","Foresight+1","Deny+1","Barrier","Hightail+1","Spin","Comet","Advance","BestPractice","Potential+1"],"relics":["Uniform","Potion Belt","Bag of Preparation","War Paint","Replay:Arrowhead","hubris:CrystalStatue","Calling Bell","Vajra","Calipers","Replay:Bottled Snecko","Blood Vial","Incense Burner","ScarletDevilRocket","infinitespire:Beetle Shell","infinitespire:EvilPickle","Philosopher\u0027s Stone","Orrery","Centennial Puzzle","hubris:Towel","TungstenRod"],"acts_visited":["Exordium","TheCity","TheBeyond"],"potions_floor_usage":[35],"damage_taken":[{"damage":1.0,"enemies":"Small Slimes","floor":1.0,"turns":4.0},{"damage":2.0,"enemies":"ats:Genji","floor":2.0,"turns":3.0},{"damage":0.0,"enemies":"Cultist","floor":3.0,"turns":3.0},{"damage":6.0,"enemies":"3 Louse","floor":4.0,"turns":2.0},{"damage":9.0,"enemies":"Looter","floor":5.0,"turns":3.0},{"damage":12.0,"enemies":"Replay:BlueRogue","floor":7.0,"turns":5.0},{"damage":0.0,"enemies":"HollowMod:MossKnight","floor":13.0,"turns":2.0},{"damage":5.0,"enemies":"Lots of Slimes","floor":14.0,"turns":2.0},{"damage":6.0,"enemies":"Slime Boss","floor":16.0,"turns":5.0},{"damage":0.0,"enemies":"Spheric Guardian","floor":18.0,"turns":3.0},{"damage":0.0,"enemies":"Chosen","floor":20.0,"turns":4.0},{"damage":5.0,"enemies":"3 Cultists","floor":22.0,"turns":3.0},{"damage":7.0,"enemies":"Nightmare","floor":23.0,"turns":7.0},{"damage":10.0,"enemies":"Gremlin Leader","floor":25.0,"turns":4.0},{"damage":2.0,"enemies":"Cultist and Chosen","floor":26.0,"turns":6.0},{"damage":0.0,"enemies":"Cultist and Chosen","floor":27.0,"turns":4.0},{"damage":0.0,"enemies":"HollowMod:Nosk","floor":28.0,"turns":5.0},{"damage":12.0,"enemies":"Sentry and Sphere","floor":29.0,"turns":4.0},{"damage":12.0,"enemies":"Snecko","floor":30.0,"turns":6.0},{"damage":10,"enemies":"Pondfish","floor":33,"turns":8},{"damage":49,"enemies":"3 Darklings","floor":35,"turns":4},{"damage":1,"enemies":"Orb Walker","floor":36,"turns":2},{"damage":0,"enemies":"Transient","floor":37,"turns":5},{"damage":28,"enemies":"4 Shapes","floor":42,"turns":3},{"damage":0,"enemies":"Writhing Mass","floor":45,"turns":1},{"damage":0,"enemies":"Transient","floor":46,"turns":5},{"damage":0,"enemies":"Mind Bloom Boss Battle","floor":47,"turns":6},{"damage":26,"enemies":"3 Darklings","floor":48,"turns":2}],"seed_played":"7421215931987616591","potions_obtained":[{"floor":1.0,"key":"Weak Potion"},{"floor":2.0,"key":"FearPotion"},{"floor":13.0,"key":"Dexterity Potion"},{"floor":14.0,"key":"BlessingOfTheForge"},{"floor":22.0,"key":"Guardian:BlockOnCardUsePotion"},{"floor":23.0,"key":"ColorlessPotion"},{"floor":25.0,"key":"Weak Potion"},{"floor":27.0,"key":"LiquidMemories"},{"floor":33,"key":"BlessingOfTheForge"},{"floor":36,"key":"Energy Potion"},{"floor":45,"key":"Fire Potion"}],"is_trial":false,"path_per_floor":["M","M","M","M","M","R","E","?","T","?","R","?","E","M","R_BF","B",null,"M","?","M","?","M","NM","AVR","E","MIM","M","E","M","M","?","R","B",null,"M","M","M","?","$","R","?","M","T","?","M","M","?","M"],"character_chosen":"THE_SERVANT","items_purchased":["Deny+1","Orrery"],"campfire_rested":1,"item_purchase_floors":[39,39],"current_hp_per_floor":[64,62,62,56,47,47,35,35,35,35,35,35,35,30,30,24,65,65,65,65,65,60,53,53,45,45,47,49,39,29,50,50,42,65,16,17,19,19,19,38,38,12,12,12,14,16,18,0,0],"gold":872,"neow_bonus":"RANDOM_COMMON_RELIC","is_daily":false,"chose_seed":false,"campfire_upgraded":4,"win_rate":0.0,"timestamp":1614213928,"path_taken":["M","M","M","M","M","R","E","?","T","?","R","?","E","?","R_BF","BOSS","M","?","?","?","?","NM","AVR","E","MIM","M","E","?","M","?","R","BOSS","M","M","M","?","$","R","?","?","T","?","M","M","?","M"],"items_purchased_type":["Card","Relic"],"build_version":"2020-12-22","purchased_purges":0,"victory":false,"max_hp_per_floor":[65,65,65,65,65,65,65,65,65,65,65,65,65,65,65,65,65,65,65,65,65,65,65,65,65,65,65,65,65,65,65,65,65,65,65,65,65,65,65,65,65,65,65,65,65,65,65,65,65],"card_choices":[{"not_picked":["TimeWarp","Potential"],"picked":"Starlight","floor":1.0},{"not_picked":["Replace","DualDimension"],"picked":"Ricochet","floor":2.0},{"not_picked":["DoubleEdge","ForgedInTime"],"picked":"SilverBlades","floor":3.0},{"not_picked":["FastForward","SpecialFormula"],"picked":"Starlight","floor":4.0},{"not_picked":["Rearm","Unruled"],"picked":"TimeWarp","floor":5.0},{"not_picked":["FastForward","Moonlight"],"picked":"BottledTime","floor":7.0},{"not_picked":["Rewind","Spin"],"picked":"FloweringNight","floor":13.0},{"not_picked":["Starlight","DoubleEdge"],"picked":"Replace","floor":14.0},{"not_picked":["Sunlight","LightFlow"],"picked":"FlawlessForm","floor":16.0},{"not_picked":["Gouge","Starlight"],"picked":"FastForward","floor":18.0},{"not_picked":["Barrier","Foresight+1"],"picked":"Luminosity","floor":20.0},{"not_picked":["Defy","Desolation"],"picked":"GearUp+1","floor":22.0},{"not_picked":["infinitespire:DeathsTouch","ReplayTheSpireMod:Black Plague"],"picked":"infinitespire:Collect","floor":23.0},{"not_picked":["Rearm","Reset"],"picked":"Potential","floor":23.0},{"not_picked":["Spin","Revamp"],"picked":"Ricochet","floor":25.0},{"not_picked":["FanOfKnives","BottledTime"],"picked":"SurpressingFire+1","floor":26.0},{"not_picked":["Unruled","Spin"],"picked":"Foresight","floor":27.0},{"not_picked":["WasteNot","Gouge"],"picked":"Potential","floor":28.0},{"not_picked":["TheWorld","Potential"],"picked":"Replace+1","floor":29.0},{"not_picked":["Potential","FastForward"],"picked":"Revamp","floor":30.0},{"not_picked":["FlawlessForm","SoulSculpture"],"picked":"MurderousAura","floor":33},{"not_picked":["Rewind","FastForward","Defy"],"picked":"SKIP","floor":35},{"not_picked":["Ricochet+1","Potential"],"picked":"Luminosity+1","floor":36},{"not_picked":["Revamp","BottledTime"],"picked":"Foresight+1","floor":37},{"not_picked":["Read+1","Duplication"],"picked":"Barrier","floor":39},{"not_picked":["Rearm","Alleviate+1"],"picked":"Hightail+1","floor":39},{"not_picked":["Gouge+1","Rewind+1"],"picked":"Spin","floor":39},{"not_picked":["Ricochet+1","Desolation+1"],"picked":"Comet","floor":39},{"not_picked":["StarChef","Snipe"],"picked":"Advance","floor":39},{"not_picked":["Replace+1","Rewind","Potential"],"picked":"SKIP","floor":42},{"not_picked":["Revamp","Unruled","Replace+1"],"picked":"SKIP","floor":45},{"not_picked":["Sabotage+1","DoubleEdge+1"],"picked":"BestPractice","floor":46},{"not_picked":["Replace+1","Sabotage"],"picked":"Potential+1","floor":47}],"player_experience":302318,"relics_obtained":[{"floor":7.0,"key":"Bag of Preparation"},{"floor":9.0,"key":"War Paint"},{"floor":13.0,"key":"Replay:Arrowhead"},{"floor":15.0,"key":"hubris:CrystalStatue"},{"floor":17.0,"key":"Vajra"},{"floor":17.0,"key":"Calipers"},{"floor":17.0,"key":"Replay:Bottled Snecko"},{"floor":23.0,"key":"Blood Vial"},{"floor":25.0,"key":"ScarletDevilRocket"},{"floor":28.0,"key":"infinitespire:Beetle Shell"},{"floor":43,"key":"Centennial Puzzle"},{"floor":47,"key":"TungstenRod"}],"event_choices":[{"damage_healed":0.0,"max_hp_gain":0.0,"max_hp_loss":0.0,"gold_gain":0.0,"event_name":"Upgrade Shrine","player_choice":"Upgraded","floor":12.0,"gold_loss":0.0,"damage_taken":0.0,"cards_upgraded":["KidneyShot"]},{"damage_healed":0.0,"max_hp_gain":0.0,"max_hp_loss":0.0,"gold_gain":0.0,"event_name":"Match and Keep!","player_choice":"2 cards matched","floor":19.0,"gold_loss":0.0,"damage_taken":0.0,"cards_obtained":["SilverBlades","SoulSculpture"]},{"damage_healed":0.0,"max_hp_gain":0.0,"max_hp_loss":0.0,"gold_gain":0.0,"event_name":"Match and Keep!","player_choice":"2 cards matched","floor":19.0,"gold_loss":0.0,"damage_taken":0.0,"cards_obtained":["SilverBlades","SoulSculpture"]},{"damage_healed":0.0,"max_hp_gain":0.0,"max_hp_loss":0.0,"gold_gain":0.0,"event_name":"The Joust","player_choice":"Bet on Owner","floor":21.0,"gold_loss":50.0,"damage_taken":0.0},{"damage_healed":21.0,"max_hp_gain":0.0,"max_hp_loss":0.0,"gold_gain":0.0,"event_name":"The Library","player_choice":"Heal","floor":31.0,"gold_loss":0.0,"damage_taken":0.0},{"damage_healed":0,"gold_gain":0,"player_choice":"Ignored","damage_taken":0,"max_hp_gain":0,"max_hp_loss":0,"event_name":"Tomb of Lord Red Mask","floor":38,"gold_loss":0},{"damage_healed":0,"gold_gain":0,"player_choice":"Ignored","damage_taken":0,"max_hp_gain":0,"max_hp_loss":0,"event_name":"SecretPortal","floor":41,"gold_loss":0},{"damage_healed":0,"gold_gain":0,"player_choice":"Fight","damage_taken":0,"max_hp_gain":0,"max_hp_loss":0,"event_name":"MindBloom","floor":47,"gold_loss":0}],"is_beta":false,"boss_relics":[{"not_picked":["Replay:Wanted Poster","Black Star"],"picked":"Calling Bell"},{"not_picked":["infinitespire:Cupcake","Snecko Eye"],"picked":"Philosopher\u0027s Stone"}],"items_purged_floors":[],"is_endless":true,"potions_floor_spawned":[1,2,13,14,22,23,25,27,33,36,45,47],"killed_by":"3 Darklings","ascension_level":0}}