{"host":"g11d3x3m0pyxfasu","time":1614286240,"event":{"mods":["BaseMod","Block Reminder","Hubris","Infinite Spire","Minty Spire (QoL Compilation)","Quick Restart","Reliquary","Replay The Spire","StSLib","SuperFastMode"],"gold_per_floor":[111,111,130,130,145,180,205,23,23,61,78,78,78,102,102,212,212,233,233,233,251,268,268,288,328,328,253,178,178,178,210,210,311,311,344,140,166,0,36,77,77,77,77,111,141,180,208,72,72,80,80],"floor_reached":50,"language":"ENG","playtime":3201,"items_purged":["Strike_G","Strike_G","Defend_G"],"score":504,"play_id":"bd065b2d-809e-40fa-8722-b22b1953afda","local_time":"20210225215040","is_ascension_mode":false,"campfire_choices":[{"floor":12,"key":"REST"},{"data":"ReplayTheSpireMod:Necrosis","floor":15,"key":"SMITH"},{"data":"A Thousand Cuts","floor":23,"key":"SMITH"},{"floor":30,"key":"REST"},{"data":"Crippling Poison","floor":32,"key":"SMITH"},{"data":"hubris:DuctTapeCard","floor":41,"key":"SMITH"},{"floor":49,"key":"REST"}],"circlet_count":0,"master_deck":["Strike_G","Strike_G+1","Defend_G","Defend_G","Defend_G","Survivor","Neutralize","Acrobatics","Leg Sweep","Replay:Bag of Tricks+1","Backflip","Poisoned Stab","Deadly Poison+1","Crippling Poison+1","ReplayTheSpireMod:Necrosis+1","A Thousand Cuts+1","CurseOfTheBell","PiercingWail+1","Die Die Die","Prepared","After Image","Backstab+1","Escape Plan+1","hubris:DuctTapeCard+2","Deadly Poison","Poisoned Stab+1"],"relics":["reliquary:ThirdArm","hubris:Towel","reliquary:Knoch","reliquary:PartyBalloon","Replay:Bandana","reliquary:IridiumChain","hubris:SphereOfDissonance","Calling Bell","Nunchaku","Replay:Bottled Snecko","Calipers","MutagenicStrength","Paper Crane","HornCleat","Sozu","Membership Card","Red Mask","hubris:DuctTape","hubris:ToyBattleship","Vajra"],"acts_visited":["Exordium","TheCity","TheBeyond"],"potions_floor_usage":[33],"damage_taken":[{"damage":6,"enemies":"Jaw Worm","floor":1,"turns":4},{"damage":3,"enemies":"Cultist","floor":3,"turns":6},{"damage":0,"enemies":"Small Slimes","floor":5,"turns":4},{"damage":12,"enemies":"3 Sentries","floor":6,"turns":11},{"damage":11,"enemies":"Gremlin Nob","floor":10,"turns":5},{"damage":5,"enemies":"Blue Slaver","floor":11,"turns":3},{"damage":3,"enemies":"Red Slaver","floor":14,"turns":3},{"damage":24,"enemies":"The Guardian","floor":16,"turns":9},{"damage":1,"enemies":"Chosen","floor":18,"turns":5},{"damage":0,"enemies":"3 Byrds","floor":21,"turns":4},{"damage":14,"enemies":"Snecko","floor":22,"turns":7},{"damage":16,"enemies":"Centurion and Healer","floor":24,"turns":5},{"damage":17,"enemies":"Book of Stabbing","floor":25,"turns":5},{"damage":5,"enemies":"Chosen and Byrds","floor":31,"turns":8},{"damage":35,"enemies":"Champ","floor":33,"turns":14},{"damage":2,"enemies":"3 Shapes","floor":35,"turns":4},{"damage":3,"enemies":"3 Darklings","floor":37,"turns":3},{"damage":0,"enemies":"Transient","floor":39,"turns":5},{"damage":7,"enemies":"Giant Head","floor":40,"turns":9},{"damage":0,"enemies":"Sphere and 2 Shapes","floor":44,"turns":5},{"damage":9,"enemies":"Spire Growth","floor":45,"turns":6},{"damage":4,"enemies":"Jaw Worm Horde","floor":46,"turns":6},{"damage":10,"enemies":"Transient","floor":47,"turns":5},{"damage":56,"enemies":"Time Eater","floor":50,"turns":12}],"seed_played":"-3458359820319857573","potions_obtained":[{"floor":1,"key":"Explosive Potion"},{"floor":5,"key":"FearPotion"},{"floor":10,"key":"DistilledChaos"}],"is_trial":false,"path_per_floor":["M","?","M","?","M","E","T","$","T","E","M","R","?","M","R","B",null,"M","?","?","M","M","R","M","E","T","$","?","?","R","M","R","B",null,"M","$","M","?","M","E","R","?","T","M","M","M","M","$","R","B"],"character_chosen":"THE_SILENT","items_purchased":["Replay:Bandana","Deadly Poison+1","Membership Card","Vajra"],"campfire_rested":3,"item_purchase_floors":[8,8,36,48],"current_hp_per_floor":[64,64,61,61,61,49,49,49,49,38,33,54,40,37,37,13,70,69,69,69,69,55,55,39,22,22,22,22,22,43,38,38,3,70,68,68,65,65,65,58,58,58,58,58,49,45,35,35,56,0,0],"gold":80,"neow_bonus":"BOSS_RELIC","is_daily":false,"chose_seed":false,"campfire_upgraded":4,"win_rate":0.0,"timestamp":1614286240,"path_taken":["M","?","M","?","?","E","?","$","T","E","?","R","?","M","R","BOSS","M","?","?","?","M","R","M","E","T","$","?","?","R","M","R","BOSS","M","$","M","?","M","E","R","?","T","?","M","M","M","$","R","BOSS"],"items_purchased_type":["Relic","Card","Relic","Relic"],"build_version":"2020-12-22","purchased_purges":3,"victory":false,"max_hp_per_floor":[70,70,70,70,70,70,70,70,70,70,70,70,70,70,70,70,70,70,70,70,70,70,70,70,70,70,70,70,70,70,70,70,70,70,70,70,70,70,70,70,70,70,70,70,70,70,70,70,70,70,70],"card_choices":[{"not_picked":["Sucker Punch","ReplayTheSpireMod:Tripwire"],"picked":"Acrobatics","floor":1},{"not_picked":["PiercingWail","Replay:Poison Smokescreen"],"picked":"Leg Sweep","floor":3},{"not_picked":["Dash","Bane"],"picked":"Backflip","floor":5},{"not_picked":["Dagger Throw","Dash"],"picked":"Poisoned Stab","floor":6},{"not_picked":["hubris:TrickCloak","Dagger Throw"],"picked":"Crippling Poison","floor":10},{"not_picked":["Underhanded Strike","Deflect","Dodge and Roll"],"picked":"SKIP","floor":11},{"not_picked":["Eviscerate","Blade Dance"],"picked":"ReplayTheSpireMod:Necrosis","floor":14},{"not_picked":["Bullet Time","Doppelganger"],"picked":"A Thousand Cuts","floor":16},{"not_picked":["Finisher","Deadly Poison"],"picked":"PiercingWail+1","floor":18},{"not_picked":["Underhanded Strike","Fluid Movement"],"picked":"Footwork","floor":21},{"not_picked":["Malaise","Deflect","ReplayTheSpireMod:Tripwire"],"picked":"SKIP","floor":22},{"not_picked":["Flechettes+1","Underhanded Strike+1","hubris:Sniper"],"picked":"SKIP","floor":24},{"not_picked":["Sucker Punch","Dagger Spray"],"picked":"Die Die Die","floor":25},{"not_picked":["Slice","Draining Mist"],"picked":"Prepared","floor":31},{"not_picked":["Unload","Adrenaline"],"picked":"After Image","floor":33},{"not_picked":["Prepared+1","Dagger Spray+1"],"picked":"Backstab+1","floor":35},{"not_picked":["Deadly Poison+1","PiercingWail+1"],"picked":"Escape Plan+1","floor":37},{"not_picked":["Finisher+1","Leg Sweep+1","Reflex+1"],"picked":"SKIP","floor":39},{"not_picked":["Acrobatics","Backflip","Venomology"],"picked":"SKIP","floor":40},{"not_picked":["Sucker Punch","Backflip","Underhanded Strike"],"picked":"SKIP","floor":44},{"not_picked":["Acrobatics","Quick Slash","Underhanded Strike"],"picked":"SKIP","floor":45},{"not_picked":["Deflect","Dodge and Roll+1"],"picked":"Deadly Poison","floor":46},{"not_picked":["Dash+1","Prepared"],"picked":"Poisoned Stab+1","floor":47}],"player_experience":5459,"relics_obtained":[{"floor":6,"key":"reliquary:Knoch"},{"floor":7,"key":"reliquary:PartyBalloon"},{"floor":9,"key":"reliquary:IridiumChain"},{"floor":10,"key":"hubris:SphereOfDissonance"},{"floor":17,"key":"Nunchaku"},{"floor":17,"key":"Replay:Bottled Snecko"},{"floor":17,"key":"Calipers"},{"floor":25,"key":"Paper Crane"},{"floor":26,"key":"HornCleat"},{"floor":40,"key":"hubris:DuctTape"},{"floor":43,"key":"hubris:ToyBattleship"}],"event_choices":[{"damage_healed":0,"gold_gain":0,"player_choice":"1 cards matched","damage_taken":0,"max_hp_gain":0,"max_hp_loss":0,"event_name":"Match and Keep!","floor":4,"gold_loss":0,"cards_obtained":["Replay:Bag of Tricks"]},{"damage_healed":0,"gold_gain":0,"player_choice":"Entered Light","damage_taken":14,"max_hp_gain":0,"max_hp_loss":0,"event_name":"Shining Light","floor":13,"gold_loss":0,"cards_upgraded":["Strike_G","Replay:Bag of Tricks"]},{"damage_healed":0,"gold_gain":0,"player_choice":"Inject Mutagens","damage_taken":0,"relics_obtained":["MutagenicStrength"],"max_hp_gain":0,"max_hp_loss":0,"event_name":"Drug Dealer","floor":19,"gold_loss":0},{"damage_healed":0,"gold_gain":0,"cards_transformed":["Strike_G"],"player_choice":"Transformed","damage_taken":0,"max_hp_gain":0,"max_hp_loss":0,"event_name":"Transmorgrifier","floor":20,"gold_loss":0,"cards_obtained":["Slice"]},{"cards_removed":["Defend_G"],"damage_healed":0,"gold_gain":0,"player_choice":"Gave Gold","damage_taken":0,"max_hp_gain":0,"max_hp_loss":0,"event_name":"Beggar","floor":28,"gold_loss":75},{"damage_healed":0,"gold_gain":0,"player_choice":"Paid","damage_taken":0,"relics_obtained":["Red Mask"],"max_hp_gain":0,"max_hp_loss":0,"event_name":"Tomb of Lord Red Mask","floor":38,"gold_loss":166},{"damage_healed":0,"gold_gain":0,"player_choice":"Ignored","damage_taken":0,"max_hp_gain":0,"max_hp_loss":0,"event_name":"SecretPortal","floor":42,"gold_loss":0}],"is_beta":false,"boss_relics":[{"not_picked":["reliquary:RedCape","Kintsugi"],"picked":"Calling Bell"},{"not_picked":["Replay:Bronze Core","reliquary:Craggleroot"],"picked":"Sozu"}],"items_purged_floors":[27,36,48],"is_endless":false,"potions_floor_spawned":[1,5,10,16,25,39,40,45,46],"killed_by":"Time Eater","ascension_level":0}}