{"host":"o3b7ow6d1xe49css","time":1614253104,"event":{"mods":["Aspiration","BaseMod","Better Altar","Better Match","Better Note","Better Sensory Stone","Better Skull","Better Third Choice","Colored Powertips","Conspire","Energized Spire","Force Act Four","GifTheSpireLib","Halation","Hubris","Lobotomy","Minty Spire (QoL Compilation)","Relic Filter Mod","Reliquary","Replay The Spire","Spicy Shops","Spikes Relics","StSLib","Stuff the Spire","The Blue Laboratory","Together in Spire"],"gold_per_floor":[113,129,129,139,139,139,165,165,165,185,215,63,78,91,91,192,192,210,229,229,245,26,26,55,55,55,88,88,106,118,118,118,223,523,542,556,63,63,82,82,82,112,200,212,237,284,309,334,346,358,370,382,222,252,252],"floor_reached":56,"language":"ENG","playtime":2414,"items_purged":["Spreading Infection","Strike_R"],"score":1109,"play_id":"be89fe5b-4718-42e5-a4a8-02ae7ef10dbd","local_time":"20210225023824","is_ascension_mode":false,"campfire_choices":[{"data":"Sword Boomerang","floor":6,"key":"SMITH"},{"data":"Anger","floor":8,"key":"SMITH"},{"data":"BarbarianYell","floor":15,"key":"SMITH"},{"data":"Flame Barrier","floor":23,"key":"SMITH"},{"data":"Replay:Undeath\u0027s Touch","floor":25,"key":"SMITH"},{"data":"Decay","floor":32,"key":"SMITH"},{"data":"hubris:Compulsion","floor":40,"key":"SMITH"},{"floor":44,"key":"RECALL"},{"data":"Amnesia","floor":49,"key":"SMITH"},{"data":"CommonCold","floor":52,"key":"SMITH"}],"circlet_count":0,"master_deck":["Strike_R","Strike_R","Strike_R+1","Defend_R","Defend_R","Defend_R+1","Defend_R","Bash+1","Anger+1","Shrug It Off+1","Sword Boomerang+1","Hemokinesis","Replay:Undeath\u0027s Touch+1","BarbarianYell+1","Impervious","Pommel Strike+1","Dark Embrace","ReplayTheSpireMod:Stacked+1","Battle Trance","Flame Barrier+1","StuffTheSpire:Incineration","Demon Form+1","Armaments","Pain","hubris:ReadiedAction+1","Hemokinesis","Decay","Bloodletting+1","Corruption","ReplayTheSpireMod:Stacked+1","BarbarianYell+1"],"relics":["Burning Blood","aspiration:Nostalgia","Ring of the Snake","Ring of Fury","Ring of Searing","reliquary:OuijaBoard","Bottled Lightning","Replay:Ringing Soul","Blue Doll","SlaversCollar","Orrery","Pantograph","Anchor","MealTicket","halation:PrussianBluePaint","Replay:Ancient Bell","PreservedInsect","Quantum Egg","Old Coin","hubris:Potato","reliquary:BallBearing","GolemAmulet","MawBank","StrikeDummy","Snack Pack","ReplayTheSpireMod:TigerMarble"],"acts_visited":["Exordium","TheCity","TheBeyond","TheEnding"],"potions_floor_usage":[16,16,42,50,55,55,55],"damage_taken":[{"damage":4,"enemies":"conspire:RoseBush","floor":1,"turns":2},{"damage":0,"enemies":"2 Louse","floor":2,"turns":1},{"damage":0,"enemies":"Small Slimes","floor":4,"turns":1},{"damage":7,"enemies":"Replay:BlueRogue","floor":7,"turns":2},{"damage":7,"enemies":"Exordium Thugs","floor":10,"turns":2},{"damage":13,"enemies":"3 Sentries","floor":11,"turns":3},{"damage":0,"enemies":"2 Fungi Beasts","floor":13,"turns":1},{"damage":0,"enemies":"Looter","floor":14,"turns":1},{"damage":25,"enemies":"Hexaghost","floor":16,"turns":4},{"damage":7,"enemies":"conspire:FuzzyDice","floor":18,"turns":2},{"damage":10,"enemies":"3 Byrds","floor":19,"turns":3},{"damage":20,"enemies":"conspire:HollyBat","floor":21,"turns":6},{"damage":7,"enemies":"Replay:Snechameleon","floor":24,"turns":2},{"damage":9,"enemies":"Book of Stabbing","floor":27,"turns":2},{"damage":5,"enemies":"Snecko","floor":29,"turns":2},{"damage":7,"enemies":"3 Cultists","floor":30,"turns":2},{"damage":7,"enemies":"conspire:MysteriousRune","floor":33,"turns":4},{"damage":2,"enemies":"3 Shapes","floor":35,"turns":1},{"damage":5,"enemies":"3 Darklings","floor":36,"turns":2},{"damage":0,"enemies":"4 Shapes","floor":39,"turns":2},{"damage":6,"enemies":"Nemesis","floor":42,"turns":4},{"damage":0,"enemies":"Sphere and 2 Shapes","floor":45,"turns":2},{"damage":0,"enemies":"R_Hoarder","floor":46,"turns":3},{"damage":3,"enemies":"3 Darklings","floor":47,"turns":3},{"damage":0,"enemies":"4 Shapes","floor":48,"turns":1},{"damage":0,"enemies":"Donu and Deca","floor":50,"turns":4},{"damage":8,"enemies":"Shield and Spear","floor":54,"turns":3},{"damage":3,"enemies":"The Heart","floor":55,"turns":2}],"seed_played":"8022893603439406530","potions_obtained":[{"floor":2,"key":"Block Potion"},{"floor":11,"key":"Weak Potion"},{"floor":16,"key":"Languid Potion"},{"floor":21,"key":"LifebloodPotion"},{"floor":29,"key":"blueLaboratory:LouseDecoction"},{"floor":30,"key":"BloodPotion"},{"floor":42,"key":"PowerPotion"},{"floor":45,"key":"blueLaboratory:EnragingPotion"},{"floor":46,"key":"LifebloodPotion"}],"is_trial":false,"path_per_floor":["M","M","?","M","?","R","E","R","T","M","E","$","M","M","R","B",null,"M","M","?","M","$","R","E","R","T","E","?","M","M","?","R","B",null,"M","M","$","?","M","R","T","E","T","R","M","E","M","M","R","B",null,"R","$","E","B",null],"character_chosen":"IRONCLAD","items_purchased":["Blue Doll","Orrery","hubris:Potato","hubris:ReadiedAction+1","reliquary:BallBearing","Hemokinesis","LiquidMemories"],"campfire_rested":0,"item_purchase_floors":[12,22,37,37,37,37,53],"current_hp_per_floor":[80,80,80,80,80,80,79,79,79,78,74,74,80,86,86,70,89,88,87,90,79,82,82,81,81,81,78,78,79,78,81,81,83,110,113,113,116,119,122,122,122,122,122,122,122,125,128,128,128,128,128,128,128,129,131],"gold":252,"neow_bonus":"NOSTALGIA","is_daily":false,"chose_seed":false,"campfire_upgraded":9,"win_rate":0.0,"timestamp":1614253104,"path_taken":["M","M","?","M","?","R","E","R","T","M","E","$","M","M","R","BOSS","M","M","?","M","$","R","E","R","T","E","?","?","M","?","R","BOSS","M","M","$","?","?","R","?","E","T","R","M","E","M","?","R","BOSS","R","$","E","BOSS"],"items_purchased_type":["Relic","Relic","Relic","Card","Relic","Card","Potion"],"build_version":"2020-12-22","purchased_purges":2,"victory":true,"max_hp_per_floor":[80,80,80,80,80,80,80,80,80,80,83,83,83,86,86,89,89,89,92,95,98,101,101,101,101,101,101,101,101,101,104,104,107,110,113,113,116,119,122,122,122,122,122,122,122,125,128,128,128,128,128,128,128,131,131],"card_choices":[{"not_picked":["Perfected Strike","Entrench"],"picked":"Anger","floor":1},{"not_picked":["Perfected Strike","Combust"],"picked":"Shrug It Off","floor":2},{"not_picked":["Pommel Strike","hubris:ReadiedAction"],"picked":"Sword Boomerang","floor":4},{"not_picked":["ReplayTheSpireMod:Corrosion Curse","Battle Trance"],"picked":"Hemokinesis","floor":7},{"not_picked":["Dark Embrace","Sword Boomerang"],"picked":"Replay:Undeath\u0027s Touch","floor":10},{"not_picked":["Eclipse","Shrug It Off"],"picked":"BarbarianYell","floor":11},{"not_picked":["StuffTheSpire:RockThrow","Anger","Body Slam"],"picked":"SKIP","floor":13},{"not_picked":["Sentinel","Pommel Strike"],"picked":"Thunderclap","floor":14},{"not_picked":["conspire:Purge","Bludgeon"],"picked":"Impervious","floor":16},{"not_picked":["Clothesline","ReplayTheSpireMod:Corrosion Curse+1","Flex"],"picked":"SKIP","floor":18},{"not_picked":["Clash","StuffTheSpire:Incineration+1"],"picked":"Pommel Strike+1","floor":19},{"not_picked":["Pummel","Anger+1"],"picked":"ReplayTheSpireMod:Stacked+1","floor":21},{"not_picked":["Dual Wield+1","Power Through"],"picked":"Battle Trance","floor":22},{"not_picked":["hubris:SharpeningStone","Perfected Strike"],"picked":"Flame Barrier","floor":22},{"not_picked":["StuffTheSpire:BloodClot","Anger+1"],"picked":"StuffTheSpire:Incineration","floor":22},{"not_picked":["hubris:SharpeningStone","Carnage","Combust"],"picked":"SKIP","floor":24},{"not_picked":["Havoc","Evolve+1","Perfected Strike"],"picked":"SKIP","floor":27},{"not_picked":["Run Through","Rage","Massacre"],"picked":"SKIP","floor":29},{"not_picked":["StuffTheSpire:Slingshot","Anger","Disarm"],"picked":"SKIP","floor":30},{"not_picked":["Juggernaut","Double Tap"],"picked":"Demon Form","floor":33},{"not_picked":["conspire:NecroticWound","ReplayTheSpireMod:Faulty Equipment"],"picked":"CommonCold","floor":34},{"not_picked":["hubris:Lust","ReplayTheSpireMod:Faulty Equipment"],"picked":"hubris:Compulsion","floor":34},{"not_picked":["Delirium","ReplayTheSpireMod:IOU"],"picked":"Amnesia","floor":34},{"not_picked":["Twin Strike","Second Wind+1"],"picked":"Armaments","floor":35},{"not_picked":["hubris:ReadiedAction","ReplayReversal+1","Shrug It Off"],"picked":"SKIP","floor":36},{"not_picked":["StuffTheSpire:TitanForm","Flex"],"picked":"Bloodletting+1","floor":39},{"not_picked":["Searing Blow+1","StuffTheSpire:RockThrow+1","Combust"],"picked":"SKIP","floor":42},{"not_picked":["Carnage","Dual Wield+1","StuffTheSpire:RockThrow+1"],"picked":"SKIP","floor":45},{"not_picked":["Iron Wave","Shrug It Off"],"picked":"Corruption","floor":46},{"not_picked":["Battle Trance","Iron Wave+1"],"picked":"ReplayTheSpireMod:Stacked+1","floor":47},{"not_picked":["Abandon+1","Second Wind","Pommel Strike"],"picked":"SKIP","floor":48},{"not_picked":["Clothesline","Entrench+1"],"picked":"BarbarianYell+1","floor":54}],"player_experience":1422745,"relics_obtained":[{"floor":5,"key":"Ring of Fury"},{"floor":5,"key":"Ring of Searing"},{"floor":7,"key":"reliquary:OuijaBoard"},{"floor":9,"key":"Bottled Lightning"},{"floor":11,"key":"Replay:Ringing Soul"},{"floor":24,"key":"Pantograph"},{"floor":26,"key":"Anchor"},{"floor":27,"key":"MealTicket"},{"floor":41,"key":"GolemAmulet"},{"floor":42,"key":"MawBank"},{"floor":43,"key":"StrikeDummy"},{"floor":46,"key":"Snack Pack"},{"floor":54,"key":"ReplayTheSpireMod:TigerMarble"}],"event_choices":[{"damage_healed":0,"gold_gain":0,"cards_transformed":["Strike_R"],"player_choice":"Transformed","damage_taken":0,"max_hp_gain":0,"max_hp_loss":0,"event_name":"Transmorgrifier","floor":20,"gold_loss":0,"cards_obtained":["Dark Embrace"]},{"cards_removed":["Thunderclap"],"damage_healed":0,"gold_gain":0,"player_choice":"Gave Card","damage_taken":0,"relics_obtained":["halation:PrussianBluePaint"],"max_hp_gain":0,"max_hp_loss":0,"event_name":"WeMeetAgain","floor":28,"gold_loss":0},{"damage_healed":0,"gold_gain":0,"player_choice":"Cursed","damage_taken":0,"max_hp_gain":0,"max_hp_loss":0,"event_name":"Wheel of Change","floor":31,"gold_loss":0,"cards_obtained":["Decay"]},{"damage_healed":0,"gold_gain":0,"player_choice":"Cursed","damage_taken":0,"max_hp_gain":0,"max_hp_loss":0,"event_name":"Wheel of Change","floor":38,"gold_loss":0,"cards_obtained":["Decay"]}],"is_beta":false,"boss_relics":[{"not_picked":["Honey Jar","halation:SmartPhone"],"picked":"SlaversCollar"},{"not_picked":["aspiration:DefectSkillbook","aspiration:PoetsPen_weak"],"picked":"Replay:Ancient Bell"},{"not_picked":["Lantern","reliquary:SharkskinSheath"],"picked":"PreservedInsect"},{"not_picked":["Replay:WaspNest","ReplayTheSpireMod:Ninjato"],"picked":"Quantum Egg"},{"not_picked":["CrustySpines","CherryCoatedStake"],"picked":"Old Coin"}],"items_purged_floors":[22,53],"is_endless":false,"potions_floor_spawned":[2,11,16,21,29,30,33,35,42,45,46,47],"ascension_level":0}}