{"host":"q4axc00jr2bozlh9","time":1614278396,"event":{"mods":["AchievementEnabler","BaseMod","Bestiary","Colored Map","Colored Powertips","Curses Come First","Minty Spire (QoL Compilation)","Relic Stats","StSLib","SuperFastMode","UnlockEverythingMod"],"gold_per_floor":[114,124,137,149,164,193,193,211,211,211,11,31,47,80,80,181,181,215,215,215,94,94,94,107,107,107,135,151,170,170,170],"floor_reached":30,"language":"ENG","playtime":3688,"items_purged":["Strike_R","Strike_R"],"score":264,"play_id":"28a28e15-155d-4a64-8c8d-85a129ab6bc1","local_time":"20210225193956","is_ascension_mode":false,"campfire_choices":[{"floor":7.0,"key":"REST"},{"floor":15.0,"key":"REST"},{"data":"Armaments","floor":23,"key":"SMITH"},{"floor":25,"key":"RECALL"}],"circlet_count":0,"master_deck":["Strike_R","Strike_R","Strike_R","Defend_R","Defend_R","Defend_R","Defend_R","Bash","Transmutation","Rampage","Intimidate","Shrug It Off","Spot Weakness","Bludgeon","True Grit","Armaments+1","Barricade","Intimidate","Metallicize","Metallicize"],"relics":["Burning Blood","Smiling Mask","Paper Frog","Strawberry","Boot","Sozu","MutagenicStrength","Nilry\u0027s Codex","Nunchaku"],"acts_visited":["Exordium","TheCity"],"potions_floor_usage":[27,29,29],"damage_taken":[{"damage":5.0,"enemies":"Jaw Worm","floor":1.0,"turns":5.0},{"damage":18.0,"enemies":"Cultist","floor":2.0,"turns":6.0},{"damage":0.0,"enemies":"2 Louse","floor":3.0,"turns":3.0},{"damage":18.0,"enemies":"Blue Slaver","floor":4.0,"turns":4.0},{"damage":9.0,"enemies":"3 Louse","floor":5.0,"turns":6.0},{"damage":24.0,"enemies":"3 Sentries","floor":6.0,"turns":9.0},{"damage":9.0,"enemies":"Exordium Wildlife","floor":8.0,"turns":4.0},{"damage":2.0,"enemies":"Large Slime","floor":12.0,"turns":7.0},{"damage":4.0,"enemies":"Red Slaver","floor":13.0,"turns":3.0},{"damage":46.0,"enemies":"Gremlin Nob","floor":14.0,"turns":7.0},{"damage":16.0,"enemies":"Hexaghost","floor":16.0,"turns":10.0},{"damage":21,"enemies":"2 Thieves","floor":18,"turns":5},{"damage":0,"enemies":"Chosen","floor":24,"turns":9},{"damage":45,"enemies":"Book of Stabbing","floor":27,"turns":6},{"damage":0,"enemies":"Centurion and Healer","floor":28,"turns":18},{"damage":18,"enemies":"3 Cultists","floor":29,"turns":7},{"damage":25,"enemies":"Cultist and Chosen","floor":30,"turns":4}],"seed_played":"-1831241427743602935","potions_obtained":[{"floor":2.0,"key":"Energy Potion"},{"floor":3.0,"key":"Strength Potion"},{"floor":6.0,"key":"DistilledChaos"},{"floor":13.0,"key":"HeartOfIron"},{"floor":16.0,"key":"Fire Potion"}],"is_trial":false,"path_per_floor":["M","M","M","M","M","E","R","M","T","?","$","M","M","E","R","B",null,"M","?","?","$","?","R","M","R","T","E","M","M","M"],"character_chosen":"IRONCLAD","items_purchased":["Strawberry","Metallicize"],"campfire_rested":2,"item_purchase_floors":[11,21],"current_hp_per_floor":[57,45,51,39,36,18,42,39,39,39,46,50,52,12,38,28,87,72,72,72,72,56,56,62,62,62,23,29,17,0,0],"gold":170,"neow_bonus":"RANDOM_COLORLESS_2","is_daily":false,"chose_seed":false,"campfire_upgraded":1,"win_rate":0.0,"timestamp":1614278396,"path_taken":["M","M","M","M","M","E","R","M","T","?","$","M","?","E","R","BOSS","M","?","?","$","?","R","M","R","T","E","M","?","M"],"items_purchased_type":["Relic","Card"],"build_version":"2020-12-22","purchased_purges":2,"victory":false,"max_hp_per_floor":[80,80,80,80,80,80,80,80,80,80,87,87,87,87,87,87,87,87,87,87,87,87,87,87,87,87,87,87,87,87,87],"relic_stats":{"Sozu":2,"Nunchaku":[2],"counters":[17,113],"Smiling Mask":75,"Boot":[2],"obtain_stats":[{"Sozu":17,"Nunchaku":27,"Nilry\u0027s Codex":22,"Strawberry":11,"MutagenicStrength":20,"Smiling Mask":6,"Boot":14,"Burning Blood":0,"Paper Frog":9},{"Sozu":11,"Nunchaku":14,"Nilry\u0027s Codex":12,"Strawberry":7,"MutagenicStrength":12,"Smiling Mask":6,"Boot":10,"Burning Blood":0,"Paper Frog":7},{"Sozu":64,"Nunchaku":84,"Nilry\u0027s Codex":69,"Strawberry":37,"MutagenicStrength":69,"Smiling Mask":33,"Boot":54,"Burning Blood":0,"Paper Frog":37}],"Burning Blood":96},"card_choices":[{"not_picked":["Secret Technique","HandOfGreed"],"picked":"Transmutation","floor":0.0},{"not_picked":["Headbutt","Second Wind"],"picked":"Rampage","floor":1.0},{"not_picked":["Uppercut","Twin Strike"],"picked":"Intimidate","floor":2.0},{"not_picked":["Cleave","Clothesline","Headbutt"],"picked":"SKIP","floor":3.0},{"not_picked":["Clothesline","Cleave"],"picked":"Shrug It Off","floor":4.0},{"not_picked":["Cleave","Shrug It Off","Warcry"],"picked":"SKIP","floor":5.0},{"not_picked":["Anger","Uppercut"],"picked":"Spot Weakness","floor":6.0},{"not_picked":["Anger","Pommel Strike"],"picked":"Bludgeon","floor":8.0},{"not_picked":["Rupture","Cleave"],"picked":"True Grit","floor":12.0},{"not_picked":["Hemokinesis","Shrug It Off","Sentinel"],"picked":"SKIP","floor":13.0},{"not_picked":["Pommel Strike","Reaper"],"picked":"Armaments","floor":14.0},{"not_picked":["Juggernaut","Bludgeon"],"picked":"Barricade","floor":16.0},{"not_picked":["Twin Strike","Armaments+1"],"picked":"Intimidate","floor":18},{"not_picked":["Pommel Strike","Wild Strike","Flex+1"],"picked":"SKIP","floor":24},{"not_picked":["Second Wind","Havoc","Flame Barrier"],"picked":"SKIP","floor":27},{"not_picked":["Thunderclap","Corruption","Cleave"],"picked":"SKIP","floor":28},{"not_picked":["Reckless Charge","Spot Weakness"],"picked":"Metallicize","floor":29}],"player_experience":290535,"relics_obtained":[{"floor":6.0,"key":"Smiling Mask"},{"floor":9.0,"key":"Paper Frog"},{"floor":14.0,"key":"Boot"},{"floor":22,"key":"Nilry\u0027s Codex"},{"floor":27,"key":"Nunchaku"}],"event_choices":[{"damage_healed":0.0,"max_hp_gain":0.0,"max_hp_loss":0.0,"gold_gain":0.0,"event_name":"NoteForYourself","player_choice":"Ignored","floor":10.0,"gold_loss":0.0,"damage_taken":0.0},{"damage_healed":0,"gold_gain":0,"player_choice":"Ignored","damage_taken":0,"max_hp_gain":0,"max_hp_loss":0,"event_name":"Vampires","floor":19,"gold_loss":0},{"damage_healed":0,"gold_gain":0,"player_choice":"Inject Mutagens","damage_taken":0,"relics_obtained":["MutagenicStrength"],"max_hp_gain":0,"max_hp_loss":0,"event_name":"Drug Dealer","floor":20,"gold_loss":0},{"damage_healed":0,"gold_gain":0,"player_choice":"Obtained Book","damage_taken":16,"max_hp_gain":0,"max_hp_loss":0,"event_name":"Cursed Tome","floor":22,"gold_loss":0}],"is_beta":false,"boss_relics":[{"not_picked":["Black Blood","Coffee Dripper"],"picked":"Sozu"}],"items_purged_floors":[11,21],"is_endless":false,"potions_floor_spawned":[2,3,6,13,16,28,29],"killed_by":"Cultist and Chosen","ascension_level":0}}