{"host":"0ke4ewd6kv0tgkyi","time":1614219235,"event":{"mods":["2.2 Compatiblity","Act Like it!","Aspiration","BaseMod","Conspire","Elementarium","Fox Events","Gensokyo","Gremlin Mod","Hallownest","Hermit","Highlight Path","Hubris","JesterMod","Menagerie","Minty Spire (QoL Compilation)","Pale of the Ancients","Permanent Neow","Quarter Circle Forward PUNCH!","Reliquary","Ruina","Shade Mod","StSLib","The Alterego","The Bug Knight","The Gatherer","The Judge","The Valiant","The Wild Card","The Witch","TheVacant","Yuri Mod","thorton"],"gold_per_floor":[117,117,130,130,130,164,164,191,191,203,203,220,220,94,94,192,192,192,192,102,27,27,27,27,27,27,27,27,27,27,27,27,27,27,27,27,27,27,27,27,27,27,27,27,27,27,27,27,27,27,27],"floor_reached":52,"language":"ENG","playtime":4962,"items_purged":["HollowMod:QuickDashStart"],"score":760,"play_id":"efb6ba6f-e1ff-4864-8d7f-cc21cd7784c8","local_time":"20210224181355","is_ascension_mode":true,"campfire_choices":[{"data":"HollowMod:GrimmsGift","floor":7.0,"key":"SMITH"},{"data":"HollowMod:HornetsHelp","floor":11.0,"key":"SMITH"},{"floor":15.0,"key":"REST"},{"data":"Blur","floor":23.0,"key":"SMITH"},{"data":"Adrenaline","floor":25,"key":"SMITH"},{"data":"hubris:Ssssneak","floor":27,"key":"SMITH"},{"floor":29,"key":"REST"},{"data":"HollowMod:Weaversong","floor":32,"key":"SMITH"},{"data":"HollowMod:HornetsHelp","floor":41,"key":"SMITH"},{"data":"HollowMod:DungDefenderAura","floor":46,"key":"SMITH"},{"data":"HollowMod:PogoStrike","floor":47,"key":"SMITH"},{"data":"HollowMod:FocusHealStart","floor":49,"key":"SMITH"}],"circlet_count":0,"master_deck":["HollowMod:NailStrikeStart","HollowMod:NailStrikeStart","HollowMod:NailStrikeStart","HollowMod:FocusHealStart+1","HollowMod:PogoStrike+1","hubris:Ssssneak+1","Clumsy","HollowMod:GrimmsGift+1","HollowMod:DungDefenderAura+1","HollowMod:HornetsHelp+1","HollowMod:DreamGate","HollowMod:ChannelNail","Adrenaline+1","aspiration:Lunge","Blur+1","HollowMod:VoidDash+1","HollowMod:HornetsHelp+1","HollowMod:SoulSplash+1","HollowMod:LordofShades+1","HollowMod:WraithStrike+1","HollowMod:CloakDash","HollowMod:Weaversong+1","HollowMod:SlysStrikes","HollowMod:GoodIntentions+1"],"relics":["HollowMod:VesselMask","Gensokyo:NagashiBinaDoll","Gensokyo:PortableGap","reliquary:BoilingFlask","Mercury Hourglass","conspire:Flyswatter","Ectoplasm","qcfpunch:Army_Boots","Hallownest:StagBellRelic1","reliquary:PurpleTingedLeaf","hubris:Reverence","MealTicket","Philosopher\u0027s Stone","hubris:Towel","qcfpunch:Broken_Tusk","Pen Nib","paleoftheancients:Timepiece","paleoftheancients:KeyRelic","Letter Opener","CultistMask"],"acts_visited":["Exordium","Gensokyo:Gensokyo","Hallownest:CityofTears","Gensokyo:Gensokyoest"],"potions_floor_usage":[50,50,50],"damage_taken":[{"damage":11.0,"enemies":"Gensokyo:Gryphon","floor":1.0,"turns":5.0},{"damage":4.0,"enemies":"Gensokyo:Python","floor":3.0,"turns":4.0},{"damage":26.0,"enemies":"Gensokyo:Mamizou","floor":6.0,"turns":12.0},{"damage":21.0,"enemies":"Gensokyo:Aya","floor":8.0,"turns":8.0},{"damage":3.0,"enemies":"Gensokyo:3_Fairies","floor":10.0,"turns":3.0},{"damage":1.0,"enemies":"Gensokyo:Python_and_Kodama","floor":12.0,"turns":3.0},{"damage":47.0,"enemies":"Gensokyo:Reimu","floor":16.0,"turns":17.0},{"damage":0.0,"enemies":"Hallownest:3_Youths","floor":18.0,"turns":5.0},{"damage":14.0,"enemies":"Hallownest:2_Mistakes","floor":19.0,"turns":5.0},{"damage":18.0,"enemies":"Hallownest:Nosk","floor":24.0,"turns":8.0},{"damage":11,"enemies":"Hallownest:eliteSoulWarrior","floor":30,"turns":7},{"damage":10,"enemies":"Hallownest:BossSoulMaster","floor":33,"turns":8},{"damage":15,"enemies":"Gensokyo:AncientGuardian","floor":35,"turns":4},{"damage":8,"enemies":"Gensokyo:Doremy","floor":40,"turns":7},{"damage":0,"enemies":"Gensokyo:3_Bats","floor":45,"turns":3},{"damage":21,"enemies":"Gensokyo:Shinki","floor":50,"turns":11},{"damage":76,"enemies":"Gensokyo:Shinki","floor":51,"turns":7},{"damage":133,"enemies":"Gensokyo:Shinki","floor":52,"turns":12}],"seed_played":"-2164927162781388240","potions_obtained":[{"floor":1.0,"key":"LiquidBronze"},{"floor":6.0,"key":"EssenceOfSteel"},{"floor":10.0,"key":"Strength Potion"},{"floor":18.0,"key":"Fruit Juice"},{"floor":24,"key":"Swift Potion"},{"floor":33,"key":"Energy Potion"}],"is_trial":false,"path_per_floor":["M","?","M","?","?","E","R","E","T","M","R","M","?","COS","R","B",null,"M","M","?","$","?","R","E","R","T","R","?","R","E","$","R","B",null,"M","$","?","?","?","E","R","COS","T","M","R","R","R","B","M","M"],"character_chosen":"THE_BUGKNIGHT","items_purchased":[],"campfire_rested":2,"item_purchase_floors":[],"current_hp_per_floor":[70,70,71,68,68,52,52,37,37,34,34,33,33,33,52,11,65,65,52,52,52,52,52,34,34,34,34,30,49,41,56,56,48,66,52,67,67,67,57,53,53,53,53,55,55,55,55,65,65,0,0],"gold":27,"neow_bonus":"RANDOM_COLORLESS","is_daily":false,"chose_seed":false,"campfire_upgraded":10,"win_rate":0.0,"timestamp":1614219235,"path_taken":["M","?","M","?","?","E","R","E","T","?","R","?","?","COS","R","BOSS","M","?","?","$","?","R","E","R","T","R","?","R","E","?","R","BOSS","M","$","?","?","?","E","R","COS","T","?","R","R","R","BOSS","M","M"],"items_purchased_type":[],"build_version":"2020-12-22","purchased_purges":1,"victory":false,"max_hp_per_floor":[75,75,75,68,68,68,68,68,68,68,68,65,65,65,65,65,65,65,66,66,66,66,66,66,66,66,66,66,66,66,66,66,66,66,67,67,67,67,67,68,68,68,65,66,63,60,60,65,65,65,65],"card_choices":[{"not_picked":["Mind Blast","Finesse"],"picked":"hubris:Ssssneak","floor":0.0},{"not_picked":["HollowMod:NewJinnsSoul","HollowMod:TaintedHusks","HollowMod:InfectedAttack"],"picked":"SKIP","floor":1.0},{"not_picked":["HollowMod:SiblingsShadow","HollowMod:LifebloodCocoon","HollowMod:SiblingsSouls"],"picked":"SKIP","floor":3.0},{"not_picked":["HollowMod:FastStrike","HollowMod:BrokenVessel"],"picked":"HollowMod:GrimmsGift","floor":5.0},{"not_picked":["HollowMod:SoulStrike","HollowMod:DesolateDive"],"picked":"HollowMod:DungDefenderAura","floor":5.0},{"not_picked":["HollowMod:HeavyBlow","HollowMod:NewLittleFool"],"picked":"HollowMod:HornetsHelp","floor":6.0},{"not_picked":["HollowMod:SoulVessel","HollowMod:SiblingsSouls","HollowMod:FastStrike"],"picked":"SKIP","floor":8.0},{"not_picked":["HollowMod:SoulSplash","HollowMod:FastStrike"],"picked":"HollowMod:DreamGate","floor":10.0},{"not_picked":["HollowMod:AbyssShriek","HollowMod:VengefulVoid"],"picked":"HollowMod:ChannelNail","floor":12.0},{"not_picked":["HollowMod:MidwifesHunger+1","HollowMod:PureVessel+1"],"picked":"HollowMod:VoidDash+1","floor":16.0},{"not_picked":["HollowMod:LordofShades","HollowMod:AwokenDreamNail"],"picked":"HollowMod:HornetsHelp","floor":16.0},{"not_picked":["HollowMod:ShapeofUnn","HollowMod:ShadowDash"],"picked":"HollowMod:SoulSplash+1","floor":18.0},{"not_picked":["HollowMod:theNailsmith","HollowMod:PureVessel"],"picked":"HollowMod:LordofShades","floor":19.0},{"not_picked":["HollowMod:VengefulVoid+1","HollowMod:InfectedCysts+1"],"picked":"HollowMod:WraithStrike+1","floor":19.0},{"not_picked":["HollowMod:PureNailStrike","HollowMod:TaintedHusks+1"],"picked":"HollowMod:CloakDash","floor":24},{"not_picked":["HollowMod:DescendingDark","HollowMod:PureNailStrike"],"picked":"HollowMod:Weaversong","floor":30},{"not_picked":["HollowMod:ZotesMagnificence","HollowMod:HornetsHelp"],"picked":"HollowMod:SlysStrikes","floor":33},{"not_picked":["HollowMod:InfectedAttack","HollowMod:LifebloodCocoon"],"picked":"HollowMod:GoodIntentions+1","floor":35},{"not_picked":["HollowMod:PureNailStrike+1","HollowMod:DoubleDash","HollowMod:AbyssShriek"],"picked":"SKIP","floor":40},{"not_picked":["HollowMod:NewGlowingWomb","HollowMod:AbyssShriek","HollowMod:CoiledNail"],"picked":"SKIP","floor":45}],"player_experience":1065613,"relics_obtained":[{"floor":6.0,"key":"reliquary:BoilingFlask"},{"floor":8.0,"key":"Mercury Hourglass"},{"floor":9.0,"key":"conspire:Flyswatter"},{"floor":24,"key":"reliquary:PurpleTingedLeaf"},{"floor":26,"key":"hubris:Reverence"},{"floor":30,"key":"MealTicket"},{"floor":40,"key":"qcfpunch:Broken_Tusk"},{"floor":43,"key":"Pen Nib"}],"event_choices":[],"is_beta":false,"boss_relics":[{"not_picked":["Tiny House","conspire:SeveredTorchhead"],"picked":"Ectoplasm"},{"not_picked":["hubris:RunicObelisk","reliquary:Craggleroot"],"picked":"Philosopher\u0027s Stone"}],"items_purged_floors":[21],"is_endless":false,"potions_floor_spawned":[1,6,10,18,24,33,35,45],"killed_by":"Gensokyo:Shinki","ascension_level":1}}