{"host":"uxx7prhn9zlu6i2v","time":1614217011,"event":{"mods":["100% Spire Juice","2.2 Compatiblity","AchievementEnabler","Act Like it!","Ascension Reborn","BaseMod","Bossed Relics","Faster Ascension Climbing","Gensokyo","HololiveMod","KomeijiMod","Library of Ruina","Library of Ruina Extra","Lobotomy","LobotomyExtend","Marisa????????","Minty Spire (QoL Compilation)","Permanent Neow","Reimu??????","Relic Filter","Relic Sorter","Ruina","Spicy Shops","StSLib","The Administrix","Weighted Paths","Wide Potions","Yakumo Yukari mod"],"gold_per_floor":[117,117,130,148,148,148,158,158,184,248,267,267,284,4,4,107,107,119,79,79,91,104,132,132,150,175,194,119,119,119,148,148,245,245,261,261,261,25,41,73,73,73,153,206,206,231,231,242,242,242,242,242,242],"floor_reached":54,"language":"ENG","playtime":4957,"items_purged":["LightAttack","BigBird"],"score":848,"play_id":"35c03a5e-55d6-4dd8-8075-33feb5f7ede6","local_time":"20210224193651","is_ascension_mode":true,"campfire_choices":[{"data":"HandleRequest","floor":6.0,"key":"SMITH"},{"data":"UnavoidableGaze","floor":12.0,"key":"SMITH"},{"data":"SunsetBlade","floor":15.0,"key":"SMITH"},{"data":"ChargeUp","floor":24.0,"key":"SMITH"},{"data":"TendonChords","floor":29.0,"key":"SMITH"},{"data":"J.A.X.","floor":32.0,"key":"SMITH"},{"data":"SunsetBlade","floor":41.0,"key":"SMITH"},{"data":"Suppress","floor":45.0,"key":"SMITH"},{"data":"PuppetBlockade","floor":49.0,"key":"SMITH"}],"circlet_count":0,"master_deck":["Mercenary","BodiesMountain","ApocalypseBird","PunishingBird","LongBird","Dodge","HereticApostle","LightDefense","ChargeAndCover+1","FocusedStrikes","HandleRequest+1","AsThePrescriptOrders","ViolentFlame","CombatPreparation+1","Suppress+1","UniverseFragment","UnavoidableGaze+1","BackAttack","SunsetBlade+1","PuppetBlockade+1","TendonChords+1","ChargeUp+1","SinglePointStab+1","WhiteNight","Yin","Parry2","SinglePointStab","Parry2+1","J.A.X.+1","RedShoes","DaringDecision","SinglePointStab+1","KeepItFresh+1","SinglePointStab+1","SunsetBlade+1","ViolentFlame+1","Decapitation","FlamingDragonFist","ScratchThat","ExtremeEdge"],"relics":["PageOfLibrarian","Yang_Lob","Yang_Lob","HoshigumaDish","CogitoBucket","RabbitCall","LetterFromLob","LaetitiaHeart","MagicBullet_r","Ice Cream","RuthlessExorcism:ReiMu","Centennial Puzzle","HellTrain","PageOfBlackSwan","ZunR:ReiMu","SkinProphecy","PageOfTodaysShyLook","Happy Flower","Justitia_r","WantedRequest","Smiling Mask","Empty Cage","AdjustmentMirror","AtMidnight","Twilight","DollysMirror","Incense Burner","PageOfBigBird","Oddly Smooth Stone","TheSmile_r","Amita_r"],"acts_visited":["Exordium","TheCity","TheBeyond"],"potions_floor_usage":[54],"damage_taken":[{"damage":0.0,"enemies":"2 Louse","floor":1.0,"turns":4.0},{"damage":0.0,"enemies":"Cultist","floor":3.0,"turns":3.0},{"damage":0.0,"enemies":"Jaw Worm","floor":4.0,"turns":4.0},{"damage":0.0,"enemies":"Jaw Worm","floor":5.0,"turns":3.0},{"damage":0.0,"enemies":"Jaw Worm","floor":5.0,"turns":1.0},{"damage":0.0,"enemies":"Jaw Worm","floor":5.0,"turns":2.0},{"damage":7.0,"enemies":"Exordium Wildlife","floor":7.0,"turns":3.0},{"damage":1.0,"enemies":"Gremlin Nob","floor":10.0,"turns":3.0},{"damage":2.0,"enemies":"2 Fungi Beasts","floor":11.0,"turns":3.0},{"damage":20.0,"enemies":"Lots of Slimes","floor":13.0,"turns":3.0},{"damage":15.0,"enemies":"Slime Boss","floor":16.0,"turns":10.0},{"damage":0.0,"enemies":"2 Thieves","floor":18.0,"turns":4.0},{"damage":0.0,"enemies":"Spheric Guardian","floor":21.0,"turns":2.0},{"damage":13.0,"enemies":"Snecko","floor":22.0,"turns":6.0},{"damage":14.0,"enemies":"Gremlin Leader","floor":23.0,"turns":6.0},{"damage":20.0,"enemies":"Snake Plant","floor":25.0,"turns":2.0},{"damage":0.0,"enemies":"Centurion and Healer","floor":27.0,"turns":5.0},{"damage":27.0,"enemies":"Slavers","floor":31.0,"turns":6.0},{"damage":29.0,"enemies":"Champ","floor":33.0,"turns":7.0},{"damage":21.0,"enemies":"3 Darklings","floor":35.0,"turns":10.0},{"damage":18.0,"enemies":"Orb Walker","floor":37.0,"turns":8.0},{"damage":23.0,"enemies":"Orb Walker","floor":39.0,"turns":2.0},{"damage":19.0,"enemies":"Reptomancer","floor":40.0,"turns":4.0},{"damage":3.0,"enemies":"Nemesis","floor":46.0,"turns":3.0},{"damage":3.0,"enemies":"4 Shapes","floor":48.0,"turns":2.0},{"damage":62.0,"enemies":"Time Eater","floor":50.0,"turns":6.0},{"damage":1.0,"enemies":"Malkuth","floor":51.0,"turns":4.0},{"damage":29.0,"enemies":"Netzach","floor":51.0,"turns":5.0},{"damage":77.0,"enemies":"Chesed","floor":51.0,"turns":5.0},{"damage":72.0,"enemies":"Hokma","floor":52.0,"turns":7.0},{"damage":124,"enemies":"Angela","floor":54,"turns":5}],"seed_played":"7859930660762294544","potions_obtained":[{"floor":4.0,"key":"PowerPotion"},{"floor":7.0,"key":"Block Potion"},{"floor":13.0,"key":"DuplicationPotion"},{"floor":18.0,"key":"Explosive Potion"},{"floor":27.0,"key":"SpeedPotion"},{"floor":33.0,"key":"Explosive Potion"},{"floor":35.0,"key":"PowerPotion"},{"floor":37.0,"key":"GrandPatriotsElixir:ReiMu"},{"floor":46.0,"key":"MagicPotion:ReiMu"}],"is_trial":false,"path_per_floor":["M","?","M","M","?","R","M","T","T","?","M","R","M","$","R","B",null,"M","?","?","M","M","E","R","M","T","M","?","R","?","E","R","B",null,"M","?","M","$","M","E","R","?","T","T","R","E","?","M","R","B",null,null,null,null,null,null],"character_chosen":"Librarian","items_purchased":["SunsetBlade","PuppetBlockade","TendonChords","DollysMirror","SunsetBlade"],"campfire_rested":0,"item_purchase_floors":[14,14,14,38,38],"current_hp_per_floor":[54,54,54,54,61,61,54,54,54,53,51,51,31,31,31,16,60,60,60,60,63,70,77,77,69,69,81,81,81,81,83,83,77,77,88,88,97,97,93,101,101,101,101,101,101,106,106,107,107,111,76,68,68],"gold":242,"neow_bonus":"","is_daily":false,"chose_seed":false,"campfire_upgraded":9,"win_rate":0.0,"timestamp":1614217011,"path_taken":["M","?","?","M","?","R","M","?","T","?","M","R","?","$","R","BOSS","M","?","?","?","M","E","R","M","T","M","?","R","?","E","R","BOSS","M","?","?","?","M","E","R","?","T","?","R","E","?","?","R","BOSS"],"items_purchased_type":["Card","Card","Card","Relic","Card"],"build_version":"2020-12-22","purchased_purges":2,"victory":true,"max_hp_per_floor":[63,63,75,75,75,75,75,75,75,75,70,70,70,70,70,75,75,75,75,75,75,75,77,77,79,79,81,81,81,81,83,83,85,85,95,95,97,97,99,104,104,104,104,104,104,106,106,108,108,112,121,124,124],"card_choices":[{"not_picked":["Standoff","OpportunitySpotted","GuardingStance"],"picked":"HandleRequest","floor":1.0},{"not_picked":["BeautyBeast","FairyFestival","ShyLook"],"picked":"Singing Bowl","floor":3.0},{"not_picked":["StructuralAnalysis","SuppressingShot","UnforgettableMelody"],"picked":"AsThePrescriptOrders","floor":3.0},{"not_picked":["Wellcheers","LittleHelper","OldLady"],"picked":"Singing Bowl","floor":4.0},{"not_picked":["HandleRequest","GuardingStance","Reload"],"picked":"ViolentFlame","floor":4.0},{"not_picked":["LittleHelper","Bloodbath","BigBadWolf"],"picked":"Singing Bowl","floor":7.0},{"not_picked":["CumulusWall","ElectricShock","SkyClearingCut"],"picked":"CombatPreparation","floor":7.0},{"not_picked":["OSAHOGD","QueenBee"],"picked":"LongBird","floor":10.0},{"not_picked":["HandleRequest","BackAttack","ButterflySlash"],"picked":"Suppress","floor":10.0},{"not_picked":["VoidDream","RedShoes"],"picked":"UniverseFragment","floor":11.0},{"not_picked":["ViolentFlame","ClassAndRespect","Diversion"],"picked":"UnavoidableGaze","floor":11.0},{"not_picked":["FairyFestival","Scorched","Funeral"],"picked":"Singing Bowl","floor":13.0},{"not_picked":["FaintMemories","UnavoidableGaze","Outburst"],"picked":"BackAttack","floor":13.0},{"not_picked":["SpiderBud","WhitesApple","CherryBlossoms"],"picked":"Singing Bowl","floor":16.0},{"not_picked":["RepressedFlesh","Punishment"],"picked":"ChargeUp","floor":16.0},{"not_picked":["NakedNest","GreedKing"],"picked":"PunishingBird","floor":18.0},{"not_picked":["AutomatedMovement","SharpSwipe","ToOvercomeCrisis"],"picked":"SinglePointStab+1","floor":18.0},{"not_picked":["Wellcheers","Yin"],"picked":"WhiteNight","floor":21.0},{"not_picked":["SnakesPrey+1","ForcefulGesture+1","Laceration","FlashingStrike"],"picked":"SKIP","floor":21.0},{"not_picked":["Porccubus","Variant","BlackSwan"],"picked":"Singing Bowl","floor":22.0},{"not_picked":["Outburst","FleetEdge","Diversion+1"],"picked":"Multislash","floor":22.0},{"not_picked":["Freischutz","FieryBird","BeautyBeast"],"picked":"Singing Bowl","floor":23.0},{"not_picked":["CherryBlossoms","LittlePrince"],"picked":"Yin","floor":23.0},{"not_picked":["FleetEdge","UnavoidableGaze","BoundaryOfDeath"],"picked":"Parry2","floor":23.0},{"not_picked":["Diversion","SharpSwipe","FervidEmotions"],"picked":"SinglePointStab","floor":25.0},{"not_picked":["BlackArmy","FairyFestival","GreedKing"],"picked":"Singing Bowl","floor":27.0},{"not_picked":["Funeral","Bloodbath"],"picked":"Mercenary","floor":27.0},{"not_picked":["IngredientHunt","Marionette","Diversion+1"],"picked":"Parry2+1","floor":27.0},{"not_picked":["ShyLook","Scorched"],"picked":"RedShoes","floor":31.0},{"not_picked":["SharpSwipe","GreatSerpentsImpact","StructuralAnalysis","Crush"],"picked":"SKIP","floor":31.0},{"not_picked":["Porccubus","LaLuna","DreamingCurrent"],"picked":"Singing Bowl","floor":33.0},{"not_picked":["ScratchThat","MirageStorm"],"picked":"DaringDecision","floor":33.0},{"not_picked":["LaLuna","Funeral","HappyTeddy"],"picked":"Singing Bowl","floor":35.0},{"not_picked":["QueenBee","Wellcheers"],"picked":"BigBird","floor":35.0},{"not_picked":["SerpentSwordTechnique","EndlessBattle","StrikeDown+1"],"picked":"SinglePointStab+1","floor":35.0},{"not_picked":["Scarecrow","QueenOfHatred","Wellcheers"],"picked":"Singing Bowl","floor":37.0},{"not_picked":["GreatSerpentsImpact+1","Parry2","DestructiveImpact"],"picked":"KeepItFresh+1","floor":37.0},{"not_picked":["WallGazer","MeltingLove","MeatLantern"],"picked":"Singing Bowl","floor":39.0},{"not_picked":["SerpentSwordTechnique","Thirst","ChargeUp"],"picked":"ViolentFlame+1","floor":39.0},{"not_picked":["GreedKing","NothingThere","CrumblingArmor"],"picked":"Singing Bowl","floor":40.0},{"not_picked":["SharpSwipe+1","StructuralAnalysis","CutIn"],"picked":"Decapitation","floor":40.0},{"not_picked":["QueenOfHatred","CherryBlossoms","LaLuna"],"picked":"Singing Bowl","floor":46.0},{"not_picked":["SharpSwipe","Diversion+1","PuppetBlockade"],"picked":"FlamingDragonFist","floor":46.0},{"not_picked":["DreamingCurrent","QueenOfHatred"],"picked":"BodiesMountain","floor":48.0},{"not_picked":["StayCalm","EndlessBattle+1","FlyingSword+1","Standoff"],"picked":"SKIP","floor":48.0}],"player_experience":1713106,"relics_obtained":[{"floor":1.0,"key":"LetterFromLob"},{"floor":8.0,"key":"Ice Cream"},{"floor":9.0,"key":"RuthlessExorcism:ReiMu"},{"floor":23.0,"key":"PageOfTodaysShyLook"},{"floor":26.0,"key":"Happy Flower"},{"floor":31.0,"key":"Smiling Mask"},{"floor":35.0,"key":"AtMidnight"},{"floor":37.0,"key":"Twilight"},{"floor":40.0,"key":"Incense Burner"},{"floor":43.0,"key":"PageOfBigBird"},{"floor":44.0,"key":"Oddly Smooth Stone"},{"floor":46.0,"key":"HoshigumaDish"}],"event_choices":[{"damage_healed":0.0,"max_hp_gain":0.0,"max_hp_loss":0.0,"gold_gain":0.0,"event_name":"Upgrade Shrine","player_choice":"Upgraded","floor":2.0,"gold_loss":0.0,"damage_taken":0.0,"cards_upgraded":["ChargeAndCover"]},{"damage_healed":0.0,"max_hp_gain":0.0,"max_hp_loss":0.0,"gold_gain":30.0,"event_name":"Dead Adventurer","player_choice":"Searched \u00273\u0027 times","floor":10.0,"gold_loss":0.0,"damage_taken":0.0,"relics_obtained":["Centennial Puzzle"]},{"damage_healed":0.0,"max_hp_gain":0.0,"max_hp_loss":0.0,"gold_gain":0.0,"event_name":"ZunEvent","player_choice":"Keep O-miki","floor":19.0,"gold_loss":40.0,"damage_taken":0.0,"relics_obtained":["ZunR:ReiMu"]},{"damage_healed":0.0,"max_hp_gain":0.0,"max_hp_loss":0.0,"gold_gain":0.0,"event_name":"Upgrade Shrine","player_choice":"Upgraded","floor":20.0,"gold_loss":0.0,"damage_taken":0.0,"cards_upgraded":["CombatPreparation"]},{"cards_removed":["LightAttack"],"damage_healed":0.0,"max_hp_gain":0.0,"max_hp_loss":0.0,"gold_gain":0.0,"event_name":"Beggar","player_choice":"Gave Gold","floor":28.0,"gold_loss":75.0,"damage_taken":0.0},{"damage_healed":0.0,"max_hp_gain":0.0,"max_hp_loss":0.0,"gold_gain":0.0,"event_name":"Drug Dealer","player_choice":"Obtain J.A.X.","floor":30.0,"gold_loss":0.0,"damage_taken":0.0,"cards_obtained":["J.A.X."]},{"damage_healed":0.0,"max_hp_gain":0.0,"max_hp_loss":0.0,"gold_gain":0.0,"event_name":"SecretPortal","player_choice":"Ignored","floor":36.0,"gold_loss":0.0,"damage_taken":0.0},{"damage_healed":0.0,"max_hp_gain":0.0,"max_hp_loss":0.0,"gold_gain":0.0,"event_name":"Tomb of Lord Red Mask","player_choice":"Ignored","floor":42.0,"gold_loss":0.0,"damage_taken":0.0},{"damage_healed":0.0,"max_hp_gain":0.0,"max_hp_loss":0.0,"gold_gain":0.0,"event_name":"Match and Keep!","player_choice":"2 cards matched","floor":47.0,"gold_loss":0.0,"damage_taken":0.0,"cards_obtained":["ScratchThat","ExtremeEdge"]}],"is_beta":false,"boss_relics":[{"not_picked":["Fusion Hammer","Astrolabe"],"picked":"PageOfBlackSwan"},{"not_picked":["Hololive_TopUpMoneyS","Runic Dome"],"picked":"Empty Cage"}],"items_purged_floors":[14,38],"is_endless":false,"potions_floor_spawned":[4,5,5,7,13,18,21,27,33,35,37,46],"ascension_level":0}}