{"host":"3l94tha3a4jgu0q4","time":1614264387,"event":{"mods":["2.2 Compatiblity","AchievementEnabler","Aspiration","BaseMod","Better Altar","Better Match","Better Note","Better Sensory Stone","Better Skull","Better Third Choice","Colored Map","Colored Powertips","Fox Events","Hermit","Highlight Path","Hubris","Humility","Minty Spire (QoL Compilation)","Monster B Gone","Permanent Neow","Relic Stats","Replay The Spire","Spikes Relics","StSLib","SuperFastMode","Wandering Minibosses"],"gold_per_floor":[117,117,8,27,2,2,2],"floor_reached":6,"language":"ENG","playtime":482,"items_purged":["Strike_G"],"score":34,"play_id":"9eb2af47-3182-47ea-b4da-167b574e812c","local_time":"20210225064627","is_ascension_mode":false,"campfire_choices":[],"circlet_count":0,"master_deck":["Strike_G","Strike_G","Strike_G","Strike_G","Defend_G","Defend_G","Defend_G","Defend_G","Defend_G","Survivor","Neutralize","Dagger Throw","Acrobatics","Acrobatics","Prepared","Sucker Punch"],"relics":["aspiration:Nostalgia","PureWater","Sizzling Blood"],"acts_visited":["Exordium"],"potions_floor_usage":[],"damage_taken":[{"damage":6.0,"enemies":"2 Louse","floor":1.0,"turns":4.0},{"damage":0.0,"enemies":"Small Slimes","floor":4.0,"turns":4.0},{"damage":70,"enemies":"Lagavulin","floor":6,"turns":13}],"seed_played":"-2725667478579793402","potions_obtained":[],"is_trial":false,"path_per_floor":["M","?","$","M","$","E"],"character_chosen":"THE_SILENT","items_purchased":["Acrobatics","Sucker Punch"],"campfire_rested":0,"item_purchase_floors":[3,5],"current_hp_per_floor":[64,68,68,72,72,2,2],"gold":2,"neow_bonus":"NOSTALGIA","is_daily":false,"chose_seed":false,"campfire_upgraded":0,"win_rate":0.0,"timestamp":1614264387,"path_taken":["M","?","$","M","$","E"],"items_purchased_type":["Card","Card"],"build_version":"2020-12-22","purchased_purges":1,"victory":false,"max_hp_per_floor":[70,74,74,74,74,74,74],"relic_stats":{"counters":[3,21],"obtain_stats":[{"aspiration:Nostalgia":0,"Sizzling Blood":2,"PureWater":0,"Ring of the Snake":0},{"aspiration:Nostalgia":0,"Sizzling Blood":1,"PureWater":0,"Ring of the Snake":0},{"aspiration:Nostalgia":0,"Sizzling Blood":4,"PureWater":0,"Ring of the Snake":0}]},"card_choices":[{"not_picked":["Slice","ReplayTheSpireMod:Shiv Toss"],"picked":"Dagger Throw","floor":1.0},{"not_picked":["Blur","Bouncing Flask"],"picked":"Prepared","floor":4.0}],"player_experience":1990097,"relics_obtained":[],"event_choices":[],"is_beta":false,"boss_relics":[],"items_purged_floors":[3],"is_endless":false,"potions_floor_spawned":[],"killed_by":"Lagavulin","ascension_level":0,"is_humility":true}}