{"host":"anox4050deqdcqoh","time":1614262605,"event":{"mods":["BaseMod","Colored Map","Displayed Cursed Tome","Highlight Path","Minty Spire (QoL Compilation)","Quick Restart","Rare Cards Sparkle","everything is the same but u backflip on backflip"],"gold_per_floor":[114,133,85,102,114,144,156,179,191,203,315,357,389,431,443,550,562,586,598,620,643,655,667,714,726,738,767,779,818,846,214,214,318,318,328,342,357,46,46,46],"floor_reached":39,"language":"ENG","playtime":4790,"items_purged":["Anger"],"score":576,"play_id":"76603e8d-e35b-4cd1-9623-555f8120927a","local_time":"20210225091645","is_ascension_mode":true,"campfire_choices":[{"data":"Rampage","floor":7.0,"key":"SMITH"},{"floor":15.0,"key":"REST"},{"floor":23.0,"key":"REST"},{"data":"Double Tap","floor":25.0,"key":"SMITH"},{"data":"Disarm","floor":28.0,"key":"SMITH"},{"floor":32.0,"key":"REST"}],"circlet_count":0,"master_deck":["Bash","Thunderclap","Battle Trance","Rampage+1","Inflame","Wild Strike","Shrug It Off","Anger","Anger","Disarm+1","Offering","Combust","Headbutt","Brutality","Searing Blow","Twin Strike","Battle Trance","Double Tap+1","Seeing Red","Decay","Iron Wave","True Grit","Dual Wield+1","Metallicize","Disarm","Metallicize+1","Power Through"],"relics":["Burning Blood","NeowsBlessing","MawBank","Ornamental Fan","Oddly Smooth Stone","Ginger","Pandora\u0027s Box","Bottled Tornado","Prayer Wheel","Boot","Pantograph","Singing Bowl","Philosopher\u0027s Stone","Thread and Needle"],"acts_visited":["Exordium","TheCity","TheBeyond"],"potions_floor_usage":[37],"damage_taken":[{"damage":0.0,"enemies":"2 Louse","floor":1.0,"turns":1.0},{"damage":0.0,"enemies":"Jaw Worm","floor":2.0,"turns":1.0},{"damage":0.0,"enemies":"Cultist","floor":4.0,"turns":1.0},{"damage":6.0,"enemies":"2 Fungi Beasts","floor":5.0,"turns":2.0},{"damage":49.0,"enemies":"3 Sentries","floor":6.0,"turns":8.0},{"damage":10.0,"enemies":"Exordium Wildlife","floor":8.0,"turns":5.0},{"damage":17.0,"enemies":"Lagavulin","floor":12.0,"turns":7.0},{"damage":2.0,"enemies":"Red Slaver","floor":13.0,"turns":4.0},{"damage":3.0,"enemies":"Gremlin Nob","floor":14.0,"turns":3.0},{"damage":30.0,"enemies":"The Guardian","floor":16.0,"turns":10.0},{"damage":15.0,"enemies":"Shell Parasite","floor":18.0,"turns":3.0},{"damage":6.0,"enemies":"Spheric Guardian","floor":20.0,"turns":3.0},{"damage":20.0,"enemies":"Snecko","floor":21.0,"turns":3.0},{"damage":17.0,"enemies":"Gremlin Leader","floor":24.0,"turns":4.0},{"damage":7.0,"enemies":"Snake Plant","floor":27.0,"turns":2.0},{"damage":40.0,"enemies":"Slavers","floor":29.0,"turns":5.0},{"damage":9.0,"enemies":"Centurion and Healer","floor":30.0,"turns":4.0},{"damage":59.0,"enemies":"Collector","floor":33.0,"turns":11.0},{"damage":16.0,"enemies":"Orb Walker","floor":35.0,"turns":3.0},{"damage":46,"enemies":"3 Shapes","floor":36,"turns":4},{"damage":17,"enemies":"Maw","floor":37,"turns":8},{"damage":17,"enemies":"3 Darklings","floor":39,"turns":2}],"seed_played":"-2670494234617852711","potions_obtained":[{"floor":2.0,"key":"GamblersBrew"},{"floor":8.0,"key":"GamblersBrew"},{"floor":13.0,"key":"PowerPotion"},{"floor":14.0,"key":"EntropicBrew"},{"floor":24.0,"key":"LiquidBronze"},{"floor":33.0,"key":"SpeedPotion"}],"is_trial":false,"path_per_floor":["M","M","$","M","M","E","R","M","T","?","?","E","M","E","R","B",null,"M","?","M","M","?","R","E","R","T","M","R","E","M","$","R","B",null,"M","M","M","$","M"],"character_chosen":"IRONCLAD","items_purchased":["Explosive Potion","Pantograph","Metallicize","Singing Bowl","Thread and Needle"],"campfire_rested":3,"item_purchase_floors":[3,31,31,31,38],"current_hp_per_floor":[78,80,80,80,80,37,37,33,33,33,33,22,26,29,53,29,67,58,58,58,44,44,68,57,57,57,56,56,22,19,19,43,17,66,58,20,11,11,0,0],"gold":46,"neow_bonus":"THREE_ENEMY_KILL","is_daily":false,"chose_seed":false,"campfire_upgraded":3,"win_rate":0.0,"timestamp":1614262605,"path_taken":["M","M","$","M","M","E","R","M","T","?","?","E","?","E","R","BOSS","M","?","M","M","?","R","E","R","T","M","R","E","M","$","R","BOSS","M","M","M","$","M"],"items_purchased_type":["Potion","Relic","Card","Relic","Relic"],"build_version":"2020-12-22","purchased_purges":1,"victory":false,"max_hp_per_floor":[80,80,80,80,80,80,80,80,80,80,80,80,80,80,80,80,80,80,80,80,80,80,80,80,80,80,80,80,80,80,80,80,82,82,84,86,88,88,88,88],"card_choices":[{"not_picked":["Flex","Carnage"],"picked":"Thunderclap","floor":1.0},{"not_picked":["Havoc","Second Wind"],"picked":"Battle Trance","floor":2.0},{"not_picked":["Intimidate","Feel No Pain"],"picked":"Rampage","floor":4.0},{"not_picked":["Bloodletting","Searing Blow"],"picked":"Inflame","floor":5.0},{"not_picked":["Thunderclap","Havoc"],"picked":"Wild Strike","floor":6.0},{"not_picked":["Wild Strike","Clothesline"],"picked":"Shrug It Off","floor":8.0},{"not_picked":["Perfected Strike","Sword Boomerang"],"picked":"Anger","floor":12.0},{"not_picked":["True Grit","Sever Soul"],"picked":"Anger","floor":13.0},{"not_picked":["Reaper","Seeing Red"],"picked":"Disarm","floor":14.0},{"not_picked":["Berserk","Barricade"],"picked":"Offering","floor":16.0},{"not_picked":["Shrug It Off","Hemokinesis","Dropkick+1"],"picked":"SKIP","floor":18.0},{"not_picked":["Warcry","Clash+1","Twin Strike"],"picked":"SKIP","floor":20.0},{"not_picked":["Carnage","Body Slam","Infernal Blade"],"picked":"SKIP","floor":21.0},{"not_picked":["Thunderclap","Dark Embrace","Clash+1"],"picked":"SKIP","floor":24.0},{"not_picked":["Searing Blow","Anger"],"picked":"Iron Wave","floor":27.0},{"not_picked":["Hemokinesis","Whirlwind","Anger"],"picked":"SKIP","floor":27.0},{"not_picked":["Twin Strike","Sword Boomerang"],"picked":"True Grit","floor":29.0},{"not_picked":["Heavy Blade+1","Warcry"],"picked":"Dual Wield+1","floor":30.0},{"not_picked":["Sword Boomerang","Searing Blow","Wild Strike"],"picked":"SKIP","floor":30.0},{"not_picked":["Impervious","Double Tap","Juggernaut"],"picked":"Singing Bowl","floor":33.0},{"not_picked":["Cleave","Havoc+1","Infernal Blade+1"],"picked":"Singing Bowl","floor":35},{"not_picked":["Sentinel+1","True Grit+1"],"picked":"Disarm","floor":35},{"not_picked":["Armaments","Cleave"],"picked":"Metallicize+1","floor":36},{"not_picked":["Anger+1","Heavy Blade+1","Body Slam+1"],"picked":"Singing Bowl","floor":36},{"not_picked":["Barricade","Seeing Red"],"picked":"Power Through","floor":37},{"not_picked":["True Grit","Shockwave","Sword Boomerang+1"],"picked":"Singing Bowl","floor":37}],"player_experience":509589,"relics_obtained":[{"floor":6.0,"key":"MawBank"},{"floor":9.0,"key":"Ornamental Fan"},{"floor":12.0,"key":"Oddly Smooth Stone"},{"floor":14.0,"key":"Ginger"},{"floor":24.0,"key":"Bottled Tornado"},{"floor":26.0,"key":"Prayer Wheel"},{"floor":29.0,"key":"Boot"}],"event_choices":[{"damage_healed":0.0,"max_hp_gain":0.0,"max_hp_loss":0.0,"gold_gain":0.0,"cards_transformed":["Defend_R"],"event_name":"Living Wall","player_choice":"Change","floor":10.0,"gold_loss":0.0,"damage_taken":0.0,"cards_obtained":["Anger"]},{"damage_healed":0.0,"max_hp_gain":0.0,"max_hp_loss":0.0,"gold_gain":100.0,"event_name":"Golden Shrine","player_choice":"Pray","floor":11.0,"gold_loss":0.0,"damage_taken":0.0},{"damage_healed":0.0,"max_hp_gain":0.0,"max_hp_loss":0.0,"gold_gain":0.0,"event_name":"Ghosts","player_choice":"Ignored","floor":19.0,"gold_loss":0.0,"damage_taken":0.0},{"damage_healed":0.0,"max_hp_gain":0.0,"max_hp_loss":0.0,"gold_gain":0.0,"event_name":"Forgotten Altar","player_choice":"Smashed Altar","floor":22.0,"gold_loss":0.0,"damage_taken":0.0,"cards_obtained":["Decay"]}],"is_beta":false,"boss_relics":[{"not_picked":["Coffee Dripper","Ectoplasm"],"picked":"Pandora\u0027s Box"},{"not_picked":["SacredBark","Tiny House"],"picked":"Philosopher\u0027s Stone"}],"items_purged_floors":[31],"is_endless":false,"potions_floor_spawned":[2,8,13,14,24,30,33],"killed_by":"3 Darklings","ascension_level":6}}