{"host":"zu1swnxjkaahohqc","time":1614290068,"event":{"mods":["BaseMod","Minty Spire (QoL Compilation)","Replay The Spire","StSLib"],"gold_per_floor":[113,125,75,150,163,195,195,195,195],"floor_reached":8,"language":"ENG","playtime":589,"items_purged":[],"score":67,"play_id":"89c6c3ca-f0fb-43c8-af60-814b4eb3e767","local_time":"20210225165428","is_ascension_mode":true,"campfire_choices":[{"floor":7.0,"key":"REST"}],"circlet_count":0,"master_deck":["Strike_B","Strike_B","Strike_B","Defend_B","Defend_B","Defend_B","Zap","Dualcast","Aggregate","Rebound"],"relics":["Cracked Core","Blue Doll"],"acts_visited":["Exordium"],"potions_floor_usage":[],"damage_taken":[{"damage":1.0,"enemies":"Cultist","floor":1.0,"turns":3.0},{"damage":4.0,"enemies":"Small Slimes","floor":2.0,"turns":3.0},{"damage":12.0,"enemies":"Jaw Worm","floor":5.0,"turns":3.0},{"damage":32.0,"enemies":"Replay:BlueRogue","floor":6.0,"turns":7.0},{"damage":24,"enemies":"Gremlin Nob","floor":8,"turns":4}],"seed_played":"3857081860745563281","potions_obtained":[{"floor":2.0,"key":"ColorlessPotion"},{"floor":5.0,"key":"SteroidPotion"},{"floor":6.0,"key":"Dexterity Potion"}],"is_trial":false,"path_per_floor":["M","M","?","?","M","E","R","E"],"character_chosen":"DEFECT","items_purchased":[],"campfire_rested":1,"item_purchase_floors":[],"current_hp_per_floor":[74,70,70,59,47,15,37,13,13],"gold":195,"neow_bonus":"REMOVE_CARD","is_daily":false,"chose_seed":false,"campfire_upgraded":0,"win_rate":0.0,"timestamp":1614290068,"path_taken":["M","M","?","?","M","E","R","E"],"items_purchased_type":[],"build_version":"2020-12-13","purchased_purges":0,"victory":false,"max_hp_per_floor":[75,75,75,75,75,75,75,75,75],"card_choices":[{"not_picked":["Beam Cell","Stack","Heatsinks"],"picked":"SKIP","floor":1.0},{"not_picked":["BootSequence","BasicCrystalCard"],"picked":"Aggregate","floor":2.0},{"not_picked":["BasicCrystalCard","Sweeping Beam"],"picked":"Rebound","floor":5.0},{"not_picked":["Hologram","BasicCrystalCard","Double Energy"],"picked":"SKIP","floor":6.0}],"player_experience":28946,"relics_obtained":[{"floor":6.0,"key":"Blue Doll"}],"event_choices":[{"cards_removed":["Strike_B"],"damage_healed":0.0,"max_hp_gain":0.0,"max_hp_loss":0.0,"gold_gain":0.0,"event_name":"The Cleric","player_choice":"Card Removal","floor":3.0,"gold_loss":50.0,"damage_taken":0.0},{"damage_healed":0.0,"max_hp_gain":0.0,"max_hp_loss":0.0,"gold_gain":75.0,"event_name":"World of Goop","player_choice":"Gather Gold","floor":4.0,"gold_loss":0.0,"damage_taken":11.0}],"is_beta":false,"boss_relics":[],"items_purged_floors":[],"is_endless":false,"potions_floor_spawned":[2,5,6],"killed_by":"Gremlin Nob","ascension_level":4}}