{"host":"xsuxkwaivmtd234a","time":1614266304,"event":{"mods":["BaseMod","Bestiary","Colored Map","Minty Spire (QoL Compilation)","Relic Stats","StSLib"],"gold_per_floor":[361,28,41,55,70,101,28,28,74,61,91,91,91,105,105,210,210,230,86,86,96,122,157,207,241,241,272,272,301,313,329,329,433,433,447,497,719,734,752,752,785,785,866,908,931,385,403,432,432,432,432,432,18,59,59],"floor_reached":56,"language":"ENG","playtime":3836,"items_purged":["Writhe","Regret"],"score":1953,"play_id":"69f46955-d159-435b-a423-6cd171bd7280","local_time":"20210225101824","is_ascension_mode":true,"campfire_choices":[{"data":"Static Discharge","floor":8.0,"key":"SMITH"},{"floor":13.0,"key":"REST"},{"data":"Go for the Eyes","floor":15.0,"key":"SMITH"},{"floor":28.0,"key":"REST"},{"data":"Defragment","floor":32,"key":"SMITH"},{"floor":40,"key":"RECALL"},{"data":"Strike_B","floor":42,"key":"PURGE"},{"data":"Strike_B","floor":49,"key":"PURGE"},{"data":"Loop","floor":52,"key":"SMITH"}],"circlet_count":0,"master_deck":["AscendersBane","Strike_B","Strike_B","Defend_B","Defend_B+1","Defend_B","Defend_B","Zap","Dualcast+1","Sweeping Beam","Static Discharge+1","Compile Driver","Doom and Gloom","Glacier","Skim+1","Self Repair","Genetic Algorithm+1","Go for the Eyes+1","Coolheaded+1","Fission+1","Hologram+1","Defragment+1","White Noise+1","Auto Shields+1","Chaos+1","Doom and Gloom","Loop+1","Aggregate+1","Core Surge","Reboot+1","Turbo+1","Blizzard+1","Core Surge","Consume+1","Redo+1","Double Energy+1","Apotheosis+1","Aggregate+1"],"relics":["Cracked Core","PreservedInsect","Toxic Egg 2","Ancient Tea Set","MealTicket","Snecko Eye","Enchiridion","Red Mask","Pear","Juzu Bracelet","Ornamental Fan","Toy Ornithopter","Oddly Smooth Stone","Cursed Key","Peace Pipe","HornCleat","CeramicFish","Bronze Scales","War Paint","TheAbacus","Emotion Chip","Medical Kit","Unceasing Top"],"acts_visited":["Exordium","TheCity","TheBeyond","TheEnding"],"potions_floor_usage":[47,50,50,55,55,55],"damage_taken":[{"damage":1.0,"enemies":"Cultist","floor":1.0,"turns":3.0},{"damage":2.0,"enemies":"2 Louse","floor":3.0,"turns":2.0},{"damage":4.0,"enemies":"Jaw Worm","floor":4.0,"turns":4.0},{"damage":7.0,"enemies":"Large Slime","floor":5.0,"turns":5.0},{"damage":16.0,"enemies":"3 Sentries","floor":6.0,"turns":4.0},{"damage":20.0,"enemies":"Exordium Thugs","floor":10.0,"turns":5.0},{"damage":30.0,"enemies":"Lagavulin","floor":11.0,"turns":6.0},{"damage":0.0,"enemies":"Blue Slaver","floor":12.0,"turns":1.0},{"damage":6.0,"enemies":"Lots of Slimes","floor":14.0,"turns":2.0},{"damage":4.0,"enemies":"The Guardian","floor":16.0,"turns":15.0},{"damage":8.0,"enemies":"Chosen","floor":18.0,"turns":4.0},{"damage":1.0,"enemies":"Shell Parasite","floor":21.0,"turns":4.0},{"damage":11.0,"enemies":"Masked Bandits","floor":22.0,"turns":3.0},{"damage":3.0,"enemies":"Gremlin Leader","floor":23.0,"turns":7.0},{"damage":0.0,"enemies":"Book of Stabbing","floor":25.0,"turns":4.0},{"damage":31.0,"enemies":"Gremlin Leader","floor":27.0,"turns":4.0},{"damage":11.0,"enemies":"Slavers","floor":29.0,"turns":2.0},{"damage":10.0,"enemies":"Centurion and Healer","floor":30.0,"turns":6.0},{"damage":8.0,"enemies":"Snake Plant","floor":31.0,"turns":5.0},{"damage":47,"enemies":"Champ","floor":33,"turns":11},{"damage":0,"enemies":"3 Shapes","floor":35,"turns":6},{"damage":0,"enemies":"Mind Bloom Boss Battle","floor":36,"turns":7},{"damage":0,"enemies":"Orb Walker","floor":38,"turns":3},{"damage":17,"enemies":"Maw","floor":39,"turns":7},{"damage":18,"enemies":"Giant Head","floor":41,"turns":7},{"damage":8,"enemies":"Nemesis","floor":44,"turns":7},{"damage":10,"enemies":"3 Darklings","floor":45,"turns":5},{"damage":0,"enemies":"Writhing Mass","floor":47,"turns":7},{"damage":27,"enemies":"Reptomancer","floor":48,"turns":5},{"damage":53,"enemies":"Awakened One","floor":50,"turns":14},{"damage":0,"enemies":"Shield and Spear","floor":54,"turns":5},{"damage":41,"enemies":"The Heart","floor":55,"turns":11}],"seed_played":"6183090230767542367","potions_obtained":[{"floor":3.0,"key":"Dexterity Potion"},{"floor":4.0,"key":"SmokeBomb"},{"floor":5.0,"key":"Regen Potion"},{"floor":11.0,"key":"FocusPotion"},{"floor":16.0,"key":"Explosive Potion"},{"floor":22.0,"key":"LiquidBronze"},{"floor":23.0,"key":"Explosive Potion"},{"floor":29.0,"key":"EssenceOfSteel"},{"floor":30.0,"key":"FearPotion"},{"floor":38,"key":"DuplicationPotion"},{"floor":48,"key":"FearPotion"}],"is_trial":false,"path_per_floor":["M","$","M","M","M","E","$","R","T","M","E","M","R","M","R","B",null,"M","$","?","M","?","E","?","E","T","E","R","E","M","M","R","B",null,"M","?","?","M","M","R","E","R","T","E","M","$","M","E","R","B",null,"R","$","E","B",null],"character_chosen":"DEFECT","items_purchased":["PreservedInsect","Sweeping Beam","Static Discharge","Self Repair","Defragment","White Noise+1","Bronze Scales","War Paint","TheAbacus","PowerPotion","PowerPotion","Apotheosis+1","Medical Kit"],"campfire_rested":2,"item_purchase_floors":[2,2,2,7,19,19,46,46,46,53,53,53,53],"current_hp_per_floor":[67,67,65,61,54,52,52,52,52,39,16,16,38,39,39,42,67,66,75,59,65,61,75,75,82,82,51,76,72,69,68,68,28,71,78,85,85,85,75,75,64,64,64,63,60,75,85,65,65,29,71,71,85,85,45],"gold":59,"neow_bonus":"TWO_FIFTY_GOLD","is_daily":false,"chose_seed":false,"campfire_upgraded":4,"win_rate":0.0,"timestamp":1614266304,"path_taken":["M","$","M","M","?","E","$","R","T","M","E","M","R","M","R","BOSS","M","$","?","M","?","E","?","E","T","E","R","E","M","M","R","BOSS","M","?","?","M","M","R","E","R","T","E","M","?","M","E","R","BOSS","R","$","E","BOSS"],"items_purchased_type":["Relic","Card","Card","Card","Card","Card","Relic","Relic","Relic","Potion","Potion","Card","Relic"],"build_version":"2020-12-22","purchased_purges":2,"victory":true,"max_hp_per_floor":[75,75,75,75,75,75,75,75,75,75,75,75,75,75,75,75,75,75,75,75,75,75,85,85,85,85,85,85,85,85,85,85,85,85,85,85,85,85,85,85,85,85,85,85,85,85,85,85,85,85,85,85,85,85,85],"relic_stats":{"counters":[32,181],"CeramicFish":36,"PreservedInsect":571,"Juzu Bracelet":0,"War Paint":["Dualcast","Defend_B"],"Cursed Key":1,"Medical Kit":[5],"Peace Pipe":3,"Emotion Chip":[17,13,3,1,0],"TheAbacus":[66],"Ornamental Fan":[148],"Bronze Scales":[273],"Snecko Eye":[314,297,278,306],"MealTicket":38,"obtain_stats":[{"Pear":23,"CeramicFish":44,"Enchiridion":20,"Oddly Smooth Stone":29,"PreservedInsect":2,"Juzu Bracelet":25,"War Paint":46,"Ancient Tea Set":9,"Cursed Key":34,"Medical Kit":53,"Peace Pipe":36,"Emotion Chip":48,"HornCleat":41,"TheAbacus":46,"Ornamental Fan":26,"Bronze Scales":46,"Snecko Eye":17,"MealTicket":11,"Red Mask":22,"Toxic Egg 2":6,"Cracked Core":0,"Toy Ornithopter":27,"Unceasing Top":54},{"Pear":14,"CeramicFish":26,"Enchiridion":11,"Oddly Smooth Stone":17,"PreservedInsect":1,"Juzu Bracelet":15,"War Paint":27,"Ancient Tea Set":5,"Cursed Key":20,"Medical Kit":30,"Peace Pipe":22,"Emotion Chip":29,"HornCleat":25,"TheAbacus":27,"Ornamental Fan":15,"Bronze Scales":27,"Snecko Eye":10,"MealTicket":7,"Red Mask":13,"Toxic Egg 2":5,"Cracked Core":0,"Toy Ornithopter":16,"Unceasing Top":31},{"Pear":65,"CeramicFish":134,"Enchiridion":51,"Oddly Smooth Stone":75,"PreservedInsect":3,"Juzu Bracelet":69,"War Paint":139,"Ancient Tea Set":18,"Cursed Key":97,"Medical Kit":165,"Peace Pipe":110,"Emotion Chip":151,"HornCleat":127,"TheAbacus":139,"Ornamental Fan":69,"Bronze Scales":139,"Snecko Eye":47,"MealTicket":29,"Red Mask":58,"Toxic Egg 2":18,"Cracked Core":0,"Toy Ornithopter":73,"Unceasing Top":170}],"Toy Ornithopter":16,"Unceasing Top":[0]},"card_choices":[{"not_picked":["Turbo","Storm","Rebound"],"picked":"SKIP","floor":1.0},{"not_picked":["Streamline","Steam"],"picked":"Compile Driver","floor":3.0},{"not_picked":["Auto Shields","Cold Snap"],"picked":"Doom and Gloom","floor":4.0},{"not_picked":["White Noise","Go for the Eyes"],"picked":"Glacier","floor":5.0},{"not_picked":["Beam Cell","Meteor Strike"],"picked":"Skim+1","floor":6.0},{"not_picked":["Coolheaded+1","Melter"],"picked":"Genetic Algorithm+1","floor":10.0},{"not_picked":["Recycle+1","Barrage"],"picked":"Go for the Eyes","floor":11.0},{"not_picked":["Gash","Heatsinks"],"picked":"Coolheaded+1","floor":14.0},{"not_picked":["Multi-Cast+1","Hyperbeam"],"picked":"Fission+1","floor":16.0},{"not_picked":["Scrape","Rebound+1"],"picked":"Hologram+1","floor":18.0},{"not_picked":["Steam+1","Barrage","Turbo+1"],"picked":"SKIP","floor":21.0},{"not_picked":["Redo+1","Compile Driver"],"picked":"Auto Shields+1","floor":22.0},{"not_picked":["Compile Driver","Reinforced Body+1"],"picked":"Chaos+1","floor":23.0},{"not_picked":["Rebound","Cold Snap","Barrage"],"picked":"SKIP","floor":25.0},{"not_picked":["Lockon+1","Skim+1"],"picked":"Doom and Gloom","floor":27.0},{"not_picked":["Gash+1","Sweeping Beam"],"picked":"Loop","floor":29.0},{"not_picked":["Storm","Barrage+1"],"picked":"Aggregate+1","floor":30.0},{"not_picked":["Reprogram+1","Ball Lightning"],"picked":"Core Surge","floor":31.0},{"not_picked":["Machine Learning","Multi-Cast+1"],"picked":"Reboot+1","floor":33},{"not_picked":["Force Field+1","Cold Snap"],"picked":"Turbo+1","floor":35},{"not_picked":["White Noise+1","Compile Driver"],"picked":"Blizzard+1","floor":38},{"not_picked":["Rebound","Leap+1"],"picked":"Core Surge","floor":39},{"not_picked":["Glacier+1","Genetic Algorithm+1"],"picked":"Consume+1","floor":41},{"not_picked":["Hyperbeam","Sunder+1"],"picked":"Redo+1","floor":44},{"not_picked":["Streamline","Turbo+1"],"picked":"Double Energy+1","floor":45},{"not_picked":["Hologram+1","Streamline","Turbo+1"],"picked":"SKIP","floor":47},{"not_picked":["Ball Lightning+1","Conserve Battery+1","Barrage"],"picked":"SKIP","floor":48},{"not_picked":["Sunder+1","Turbo+1"],"picked":"Aggregate+1","floor":54}],"player_experience":1377632,"relics_obtained":[{"floor":6.0,"key":"Toxic Egg 2"},{"floor":9.0,"key":"Ancient Tea Set"},{"floor":11.0,"key":"MealTicket"},{"floor":20.0,"key":"Enchiridion"},{"floor":22.0,"key":"Red Mask"},{"floor":23.0,"key":"Pear"},{"floor":25.0,"key":"Juzu Bracelet"},{"floor":26.0,"key":"Ornamental Fan"},{"floor":27.0,"key":"Toy Ornithopter"},{"floor":29.0,"key":"Oddly Smooth Stone"},{"floor":36,"key":"Peace Pipe"},{"floor":41,"key":"HornCleat"},{"floor":44,"key":"CeramicFish"},{"floor":48,"key":"Emotion Chip"},{"floor":54,"key":"Unceasing Top"}],"event_choices":[{"damage_healed":0.0,"max_hp_gain":0.0,"max_hp_loss":0.0,"gold_gain":0.0,"event_name":"Cursed Tome","player_choice":"Obtained Book","floor":20.0,"gold_loss":0.0,"damage_taken":16.0},{"damage_healed":0.0,"max_hp_gain":0.0,"max_hp_loss":0.0,"gold_gain":0.0,"event_name":"Masked Bandits","player_choice":"Fought Bandits","floor":22.0,"gold_loss":0.0,"damage_taken":0.0},{"damage_healed":0.0,"max_hp_gain":0.0,"max_hp_loss":0.0,"gold_gain":100.0,"event_name":"The Joust","player_choice":"Bet on Murderer","floor":24.0,"gold_loss":50.0,"damage_taken":0.0},{"damage_healed":0,"gold_gain":0,"player_choice":"Fight","damage_taken":0,"max_hp_gain":0,"max_hp_loss":0,"event_name":"MindBloom","floor":36,"gold_loss":0},{"damage_healed":0,"gold_gain":222,"player_choice":"Wore Mask","damage_taken":0,"max_hp_gain":0,"max_hp_loss":0,"event_name":"Tomb of Lord Red Mask","floor":37,"gold_loss":0}],"is_beta":false,"boss_relics":[{"not_picked":["Nuclear Battery","Sozu"],"picked":"Snecko Eye"},{"not_picked":["Busted Crown","Runic Dome"],"picked":"Cursed Key"}],"items_purged_floors":[2,46],"is_endless":false,"potions_floor_spawned":[3,4,5,11,16,22,23,29,30,33,38,41,44,48,54],"ascension_level":10}}