{"host":"v54ek091sdz7ha6h","time":1614262484,"event":{"mods":["BaseMod","Colored Map","Colored Powertips","Custom Start","DeckTracker","Highlight Path","KOR Keyword Fix","Minty Spire (QoL Compilation)","Random Character Button","Rare Cards Sparkle","Relic Stats","StSLib","SuperFastMode","everything is the same but u backflip on backflip"],"gold_per_floor":[112,130,130,142,156,156,188,188,188,204,154,179,229,248,248,353,353,371,382,307,35,35,35,48,58,108,121,141,141,171,191,191,191,191],"floor_reached":33,"language":"KOR","playtime":800,"items_purged":[],"score":331,"play_id":"fd6c93f6-e871-49fa-93b9-c46b3c577427","local_time":"20210225231444","is_ascension_mode":false,"campfire_choices":[{"data":"Cloak And Dagger","floor":6,"key":"SMITH"},{"data":"Bouncing Flask","floor":15,"key":"SMITH"},{"data":"Accuracy","floor":23,"key":"SMITH"},{"data":"Envenom","floor":29,"key":"SMITH"},{"data":"Cloak And Dagger","floor":32,"key":"SMITH"}],"circlet_count":0,"master_deck":["Strike_G","Strike_G","Strike_G","Defend_G","Defend_G","Defend_G","Defend_G","Survivor","Neutralize","Cloak And Dagger+1","Deadly Poison+1","Finisher","Storm of Steel","Poisoned Stab","PiercingWail","Cloak And Dagger+1","Bouncing Flask+1","Accuracy+1","Cloak And Dagger+1","Envenom+1","Backflip","Blur+1","Footwork+1"],"relics":["Ring of the Serpent","NeowsBlessing","Snake Skull","Gremlin Horn","Darkstone Periapt","Membership Card","Mummified Hand","Orichalcum","TungstenRod"],"acts_visited":["Exordium","TheCity"],"potions_floor_usage":[19,30,33,33],"damage_taken":[{"damage":0,"enemies":"Small Slimes","floor":1,"turns":1},{"damage":0,"enemies":"Cultist","floor":2,"turns":1},{"damage":0,"enemies":"2 Louse","floor":4,"turns":1},{"damage":1,"enemies":"Looter","floor":5,"turns":4},{"damage":14,"enemies":"Lagavulin","floor":7,"turns":5},{"damage":1,"enemies":"Blue Slaver","floor":10,"turns":3},{"damage":16,"enemies":"3 Sentries","floor":12,"turns":8},{"damage":0,"enemies":"Exordium Wildlife","floor":14,"turns":5},{"damage":0,"enemies":"The Guardian","floor":16,"turns":7},{"damage":0,"enemies":"Spheric Guardian","floor":18,"turns":3},{"damage":9,"enemies":"2 Thieves","floor":19,"turns":4},{"damage":0,"enemies":"Shelled Parasite and Fungi","floor":24,"turns":5},{"damage":11,"enemies":"Snake Plant","floor":25,"turns":4},{"damage":3,"enemies":"Snecko","floor":27,"turns":3},{"damage":0,"enemies":"Centurion and Healer","floor":28,"turns":5},{"damage":3,"enemies":"Book of Stabbing","floor":30,"turns":4},{"damage":8,"enemies":"Snake Plant","floor":31,"turns":3},{"damage":36,"enemies":"Champ","floor":33,"turns":9}],"seed_played":"8356976759880110323","potions_obtained":[{"floor":5,"key":"Ancient Potion"},{"floor":10,"key":"SpeedPotion"},{"floor":14,"key":"PowerPotion"},{"floor":24,"key":"Swift Potion"},{"floor":31,"key":"SkillPotion"}],"is_trial":false,"path_per_floor":["M","M","?","M","M","R","E","?","T","M","?","E","T","M","R","B",null,"M","M","?","$","?","R","M","M","T","M","M","R","E","M","R","B"],"character_chosen":"THE_SILENT","items_purchased":["Membership Card","Mummified Hand"],"campfire_rested":0,"item_purchase_floors":[21,21],"current_hp_per_floor":[70,70,70,70,69,69,55,55,55,54,54,38,38,38,38,38,70,70,61,61,61,61,61,61,50,50,47,47,47,44,36,36,0,0],"gold":191,"neow_bonus":"THREE_ENEMY_KILL","is_daily":false,"chose_seed":false,"campfire_upgraded":5,"win_rate":0.0,"timestamp":1614262484,"path_taken":["M","M","?","M","?","R","E","?","T","M","?","E","?","M","R","BOSS","M","M","?","$","?","R","M","M","T","M","M","R","E","M","R","BOSS"],"items_purchased_type":["Relic","Relic"],"build_version":"2020-12-22","purchased_purges":0,"victory":false,"max_hp_per_floor":[70,70,70,70,70,70,70,70,70,70,70,70,70,70,70,70,70,70,70,70,70,70,70,70,70,70,70,70,70,70,70,70,70,70],"relic_stats":{"Darkstone Periapt":0,"Gremlin Horn":[6,6],"counters":[18,75],"Mummified Hand":[18],"Snake Skull":[119],"Orichalcum":[12],"obtain_stats":[{"Darkstone Periapt":12,"NeowsBlessing":0,"Gremlin Horn":9,"Mummified Hand":21,"Snake Skull":7,"Membership Card":21,"Orichalcum":26,"Ring of the Serpent":17,"TungstenRod":30,"Ring of the Snake":0},{"Darkstone Periapt":7,"NeowsBlessing":0,"Gremlin Horn":5,"Mummified Hand":11,"Snake Skull":5,"Membership Card":11,"Orichalcum":13,"Ring of the Serpent":9,"TungstenRod":16,"Ring of the Snake":0},{"Darkstone Periapt":23,"NeowsBlessing":0,"Gremlin Horn":12,"Mummified Hand":42,"Snake Skull":12,"Membership Card":42,"Orichalcum":51,"Ring of the Serpent":35,"TungstenRod":63,"Ring of the Snake":0}],"TungstenRod":5},"card_choices":[{"not_picked":["Slice","Backflip"],"picked":"Cloak And Dagger","floor":1},{"not_picked":["All Out Attack","Calculated Gamble"],"picked":"Deadly Poison","floor":2},{"not_picked":["PiercingWail","Predator"],"picked":"Storm of Steel","floor":4},{"not_picked":["Bane","Prepared"],"picked":"Poisoned Stab","floor":5},{"not_picked":["Bane","PiercingWail","Acrobatics"],"picked":"SKIP","floor":7},{"not_picked":["Bane","Acrobatics"],"picked":"PiercingWail","floor":7},{"not_picked":["Quick Slash","Heel Hook"],"picked":"Cloak And Dagger","floor":10},{"not_picked":["Noxious Fumes","Cloak And Dagger"],"picked":"Bouncing Flask","floor":12},{"not_picked":["Acrobatics","Flying Knee"],"picked":"Accuracy","floor":14},{"not_picked":["Dodge and Roll","Caltrops+1","Acrobatics"],"picked":"SKIP","floor":18},{"not_picked":["Heel Hook","Slice","Flying Knee"],"picked":"SKIP","floor":19},{"not_picked":["Flying Knee","Backflip"],"picked":"Envenom","floor":24},{"not_picked":["Bouncing Flask","Eviscerate+1"],"picked":"Backflip","floor":25},{"not_picked":["Outmaneuver","Underhanded Strike","Poisoned Stab+1"],"picked":"SKIP","floor":27},{"not_picked":["Leg Sweep","PiercingWail"],"picked":"Blur+1","floor":28},{"not_picked":["A Thousand Cuts","Dagger Throw","Quick Slash+1"],"picked":"SKIP","floor":30},{"not_picked":["Dodge and Roll","Riddle With Holes"],"picked":"Footwork+1","floor":31}],"player_experience":1508787,"relics_obtained":[{"floor":7,"key":"Snake Skull"},{"floor":9,"key":"Gremlin Horn"},{"floor":12,"key":"Darkstone Periapt"},{"floor":26,"key":"Orichalcum"},{"floor":30,"key":"TungstenRod"}],"event_choices":[{"damage_healed":0,"gold_gain":0,"cards_transformed":["Defend_G"],"player_choice":"Transformed","damage_taken":0,"max_hp_gain":0,"max_hp_loss":0,"event_name":"Transmorgrifier","floor":3,"gold_loss":0,"cards_obtained":["Finisher"]},{"damage_healed":0,"gold_gain":0,"player_choice":"Grow","damage_taken":0,"max_hp_gain":0,"max_hp_loss":0,"event_name":"Living Wall","floor":8,"gold_loss":0,"cards_upgraded":["Deadly Poison"]},{"cards_removed":["Strike_G"],"damage_healed":0,"gold_gain":0,"player_choice":"Card Removal","damage_taken":0,"max_hp_gain":0,"max_hp_loss":0,"event_name":"The Cleric","floor":11,"gold_loss":50},{"cards_removed":["Strike_G"],"damage_healed":0,"gold_gain":0,"player_choice":"Gave Gold","damage_taken":0,"max_hp_gain":0,"max_hp_loss":0,"event_name":"Beggar","floor":20,"gold_loss":75},{"damage_healed":0,"gold_gain":0,"player_choice":"Copied","damage_taken":0,"max_hp_gain":0,"max_hp_loss":0,"event_name":"Duplicator","floor":22,"gold_loss":0,"cards_obtained":["Cloak And Dagger"]}],"is_beta":false,"boss_relics":[{"not_picked":["SlaversCollar","Cursed Key"],"picked":"Ring of the Serpent"}],"items_purged_floors":[],"is_endless":false,"potions_floor_spawned":[5,10,14,16,24,25,28,31],"killed_by":"Champ","ascension_level":0}}