{"host":"9rqk712yu6s3287p","time":1614271565,"event":{"mods":["ATMod(°¢èªMod)","Act Like it!","BaseMod","CapriCore","Chen","Gensokyo","Googly Eyes","Marisa£¨ìFÓê¡¡Ä§ÀíÉ³£©","Minty Spire (QoL Compilation)","MostiFishMod","Onozuka Komachi Mod","Reimu£¨²©ÀöÁéÃÎ£©","Remilia_Scarlet Moed£¨ÀÙÃ×ÀòÑÇ¡¤Ë¹¿¨À×ÌØ£©3.3.5","Remilia£¨ÀÙÃ×ÀòÑÇ£©","Replay The Spire","RumiaBox-Â¶Ã×æ«µÄÉñÃØºÐ×Ó","StSLib","The Administrix","The Immortal","The Servant 0.9.4","Yakumo Yukari mod","Youmu£¨»êÆÇÑýÃÎ£©","Yuyuko","[IsaacMod]ÒÔÈö¼âËþ","¡¾ÒÅÎï¿¨ÅÆ¡¿REMEMod"],"gold_per_floor":[159,207,261,291,324,454,584,801,801,801,896,477,601,680,680,924,924,1110,1122,1189,1189,1278,1489,1489,1616,1616,1775,1854,1975,1975,2084,2084,2421,2421,2532,2664,2746,2822,2877,2995,2995,3145,3345,3448,3566,3962,4093,3450,3450,3579,3635,3635,3635,3635,3802,3856],"floor_reached":57,"language":"ZHS","playtime":2624,"items_purged":["Poor:ReiMu","HellCatastrophe+1","Gensokyo:AllTheWorldsEvil"],"score":5035,"play_id":"2dc21027-05e9-46a9-800e-d3110036c86c","local_time":"20210226004605","daily_mods":["Shiny","Vintage","Heirloom","Time Dilation","Flight","Elite Swarm","Lethality","Midas","Binary"],"is_ascension_mode":true,"campfire_choices":[{"floor":15.0,"key":"RECALL"},{"data":"1","floor":24.0,"key":"LIFT"},{"data":"2","floor":32.0,"key":"LIFT"},{"data":"CommonCold","floor":49.0,"key":"PURGE"},{"data":"3","floor":53,"key":"LIFT"}],"circlet_count":0,"master_deck":["AscendersBane","TricksterDevil+1","BatForm+1","ForecastOfChange+1","CurseOfVladTepes+1","ScarletMeister+1","QueenOfMidnight+1","BloodyHallows+1","HeartBreak+1","BloodRain+1","EquivalentExchange+1","KillingBlow+1","BloodyCatastrophe+1","ChaoticDestiny+1","BloodySeventeenLaser+1","ScarletCoffin+1","DemonKingCradle+1","TransientEternity+1","CeilingFear+1","MostiFishMod:Galeforce+1"],"relics":["Snecko Eye","Busted Crown","AT_ATBox","DaveBox","REME_ComplimentaryCards","HushsDoor","Chaos","TimeFreeze","Replay:Kaleidoscope","PreservedInsect","ThornShield","SynthV:TestCard","White Beast Statue","Snack Pack","DeadEye","PatriotShield","MagicDraw3","HowToJump","Replay:Bottled Flurry","Coffee Dripper","Bag of Preparation","AT_MibuBalloonWealth","JudasShadow","Cursed Key","Replay:Mystery Machine","SatanicBible","AT_BellowingDragoncrestRing","Ice Cream","Sozu","Cauldron","Prayer Wheel","Akabeko","Replay:Towering Pillar of Hats","GuppysHead","Regal Pillow","SacredBark","REME_DemonsWealth","DiscerningMonocle","Guide Book","MawBank","ReplayTheSpireMod:TigerMarble","BrkXgEgg","JellyFishMachine","ReplayTheSpireMod:DimensionalGlitch","Thread and Needle","Leech","MoreBug","BirthdayGift-Icosahedron","Girya","StrikeDummy","REME_HourglassOfDeath","TheBattery","Orrery","Onion Ring","Snecko Heart","BloodDonationMachine","Lizard Tail","FossilizedHelix","Mummified Hand","MagicDraw4","RottenBaby","Nunchaku","BFFS","Replay:Arrowhead","Gambling Chip","SumBook","Unceasing Top","TimeFreeze","Art of War","Strange Spoon","War Paint","Garlic","Replay:Wax Seal","OrangePellets","ChampionBelt","Blue Doll","Torii","TimeKeys","BionicSphere","Pen Nib","RuthlessExorcism:ReiMu","Pantograph","SSSystem","Bird Faced Urn","Meat on the Bone","Replay:Bronze Core","ZombieArmy","TheAbacus","AT_GoldPhoenixTree","Akabeko","ClockworkSouvenir","REME_CardOfGreed","Boot","Replay:Bandana","Pear","AT_ChloranthyRing","MagicDraw1","Replay:Rubber Ducky","ReplayTheSpireMod:Lightbulb","HornCleat"],"acts_visited":["Exordium","TheCity","Gensokyo:Gensokyoest","TheEnding"],"potions_floor_usage":[],"damage_taken":[{"damage":0.0,"enemies":"Small Slimes","floor":1.0,"turns":5.0},{"damage":0.0,"enemies":"Cultist","floor":2.0,"turns":3.0},{"damage":4.0,"enemies":"2 Louse","floor":3.0,"turns":4.0},{"damage":12.0,"enemies":"2 Fungi Beasts","floor":4.0,"turns":3.0},{"damage":22.0,"enemies":"Lots of Slimes","floor":5.0,"turns":7.0},{"damage":0.0,"enemies":"Replay:BlueRogue","floor":6.0,"turns":2.0},{"damage":0.0,"enemies":"Lagavulin","floor":7.0,"turns":3.0},{"damage":0.0,"enemies":"Gremlin Nob","floor":8.0,"turns":1.0},{"damage":0.0,"enemies":"Replay:BlueRogue","floor":11.0,"turns":2.0},{"damage":0.0,"enemies":"Lagavulin","floor":13.0,"turns":2.0},{"damage":0.0,"enemies":"Looter","floor":14.0,"turns":3.0},{"damage":4.0,"enemies":"Hexaghost","floor":16.0,"turns":2.0},{"damage":0.0,"enemies":"3 Byrds","floor":18.0,"turns":3.0},{"damage":50.0,"enemies":"Spheric Guardian","floor":20.0,"turns":1.0},{"damage":0.0,"enemies":"Centurion and Healer","floor":22.0,"turns":2.0},{"damage":0.0,"enemies":"Replay:Snechameleon","floor":23.0,"turns":1.0},{"damage":0.0,"enemies":"REME_1_Revenger","floor":25.0,"turns":2.0},{"damage":0.0,"enemies":"Gremlin Leader","floor":27.0,"turns":2.0},{"damage":0.0,"enemies":"Snecko","floor":28.0,"turns":1.0},{"damage":0.0,"enemies":"Replay:Snechameleon","floor":29.0,"turns":1.0},{"damage":0.0,"enemies":"Book of Stabbing","floor":31.0,"turns":1.0},{"damage":0.0,"enemies":"Pondfish","floor":33.0,"turns":2.0},{"damage":0.0,"enemies":"Gensokyo:3_Bats","floor":35.0,"turns":2.0},{"damage":0.0,"enemies":"Gensokyo:3_Boulders","floor":36.0,"turns":2.0},{"damage":0.0,"enemies":"Gensokyo:SeedOfUnknown","floor":37.0,"turns":1.0},{"damage":0.0,"enemies":"Gensokyo:Sharpion","floor":38.0,"turns":1.0},{"damage":0.0,"enemies":"Gensokyo:Rafflesia","floor":39.0,"turns":1.0},{"damage":0.0,"enemies":"Gensokyo:Doremy","floor":40.0,"turns":1.0},{"damage":0.0,"enemies":"Gensokyo:Kasen","floor":42.0,"turns":1.0},{"damage":0.0,"enemies":"Gensokyo:Marisa","floor":44.0,"turns":1.0},{"damage":0.0,"enemies":"Gensokyo:Doremy","floor":45.0,"turns":1.0},{"damage":0.0,"enemies":"Gensokyo:Kasen","floor":46.0,"turns":1.0},{"damage":0.0,"enemies":"Gensokyo:Doremy","floor":47.0,"turns":1.0},{"damage":0.0,"enemies":"Gensokyo:Yuyuko","floor":50.0,"turns":1.0},{"damage":0,"enemies":"Gensokyo:Scarlet_Devils","floor":51,"turns":3},{"damage":0,"enemies":"Shield and Spear","floor":55,"turns":1},{"damage":0,"enemies":"The Heart","floor":56,"turns":1}],"seed_played":"-4707293207841164497","potions_obtained":[{"floor":1.0,"key":"FearPotion"},{"floor":1.0,"key":"Milkshake"},{"floor":2.0,"key":"SpeedPotion"},{"floor":3.0,"key":"REME_GoldPotion"},{"floor":3.0,"key":"Energy Potion"},{"floor":4.0,"key":"REME_GoldPotion"},{"floor":5.0,"key":"Explosive Potion"},{"floor":5.0,"key":"Swift Potion"},{"floor":7.0,"key":"LiquidMemories"}],"is_trial":true,"path_per_floor":["M","M","M","M","M","E","E","E","T","?","E","$","E","M","R","B",null,"M","$","M","$","M","E","R","E","T","E","M","E","$","E","R","B",null,"M","M","M","M","M","E","$","E","T","E","M","E","M","COS","R","B","B",null,"R","$","E","B",null],"character_chosen":"REMILIA","items_purchased":["Replay:Towering Pillar of Hats","BrkXgEgg","JellyFishMachine","ReplayTheSpireMod:DimensionalGlitch","MoreBug","BirthdayGift-Icosahedron","Girya","MagicDraw4","RottenBaby","Nunchaku","BionicSphere","Pen Nib","RuthlessExorcism:ReiMu","AT_ChloranthyRing","MagicDraw1","MostiFishMod:Galeforce+1"],"campfire_rested":0,"item_purchase_floors":[12,19,19,19,21,21,21,30,30,30,41,41,41,54,54,54],"current_hp_per_floor":[63,63,59,63,63,63,63,63,63,48,48,48,48,48,48,51,65,65,65,40,40,42,43,43,46,46,50,51,52,52,54,54,59,67,70,70,70,70,70,70,70,70,70,70,70,70,70,70,70,70,80,80,80,80,80,80],"gold":3856,"neow_bonus":"","is_daily":false,"chose_seed":false,"campfire_upgraded":0,"win_rate":0.0,"timestamp":1614271565,"path_taken":["M","M","M","M","M","E","E","E","T","?","E","$","E","M","R","BOSS","M","$","M","$","M","E","R","E","T","E","M","E","$","E","R","BOSS","M","M","M","M","M","E","$","E","T","E","M","E","M","COS","R","BOSS","BOSS","R","$","E","BOSS"],"items_purchased_type":["Relic","Relic","Relic","Relic","Relic","Relic","Relic","Relic","Relic","Relic","Relic","Relic","Relic","Relic","Relic","Card"],"build_version":"2020-12-22","purchased_purges":3,"victory":true,"max_hp_per_floor":[70,70,70,70,70,70,70,70,70,70,70,70,70,70,70,70,70,70,70,70,70,70,70,70,70,70,70,70,70,70,70,70,70,70,70,70,70,70,70,70,70,70,70,70,70,70,70,70,70,70,80,80,80,80,80,80],"card_choices":[{"not_picked":["HellCatastrophe","QueenOfMidnight"],"picked":"SKIP","floor":6.0},{"not_picked":["BatForm","ChaoticDestiny"],"picked":"SKIP","floor":7.0},{"not_picked":["HeartBreak","QueenOfMidnight"],"picked":"SKIP","floor":11.0},{"not_picked":["KillingBlow","BloodySeventeenLaser"],"picked":"SKIP","floor":13.0},{"not_picked":["CeilingFear+1","TricksterDevil+1","Normality"],"picked":"SKIP","floor":23.0},{"not_picked":["ScarletCoffin+1","BloodySeventeenLaser+1","Spreading Infection"],"picked":"SKIP","floor":23.0},{"not_picked":["ForecastOfChange+1","ScarletMeister+1","Doubt"],"picked":"SKIP","floor":23.0},{"not_picked":["ScarletMeister+1","BloodyCatastrophe+1","ReplayTheSpireMod:Splinters"],"picked":"SKIP","floor":23.0},{"not_picked":["BatForm+1","EquivalentExchange+1","Sickly"],"picked":"SKIP","floor":25.0},{"not_picked":["BloodyHallows+1","BloodRain+1","Voices"],"picked":"SKIP","floor":27.0},{"not_picked":["TransientEternity+1","BloodRain+1","Delirium"],"picked":"SKIP","floor":29.0},{"not_picked":["ChaoticDestiny+1","TricksterDevil+1","ReplayTheSpireMod:IOU"],"picked":"SKIP","floor":31.0},{"not_picked":["CurseOfVladTepes+1","ScarletCoffin+1","Parasite"],"picked":"SKIP","floor":40.0},{"not_picked":["ChaoticDestiny+1","TricksterDevil+1","Pain"],"picked":"SKIP","floor":42.0},{"not_picked":["BatForm+1","BloodyCatastrophe+1","Replay:Sluggish"],"picked":"SKIP","floor":44.0},{"not_picked":["TricksterDevil+1","BatForm+1","Sickly"],"picked":"SKIP","floor":45.0},{"not_picked":["ForecastOfChange+1","ChaoticDestiny+1"],"picked":"Gensokyo:AllTheWorldsEvil","floor":46.0},{"not_picked":["ChaoticDestiny+1","HellCatastrophe+1","Parasite"],"picked":"SKIP","floor":47.0},{"not_picked":["BloodyHallows+1","ForecastOfChange+1","Normality"],"picked":"SKIP","floor":55}],"player_experience":612154,"relics_obtained":[{"floor":1.0,"key":"PreservedInsect"},{"floor":1.0,"key":"ThornShield"},{"floor":1.0,"key":"SynthV:TestCard"},{"floor":2.0,"key":"White Beast Statue"},{"floor":2.0,"key":"Snack Pack"},{"floor":3.0,"key":"DeadEye"},{"floor":3.0,"key":"PatriotShield"},{"floor":3.0,"key":"MagicDraw3"},{"floor":4.0,"key":"HowToJump"},{"floor":4.0,"key":"Replay:Bottled Flurry"},{"floor":4.0,"key":"Coffee Dripper"},{"floor":5.0,"key":"Bag of Preparation"},{"floor":5.0,"key":"AT_MibuBalloonWealth"},{"floor":5.0,"key":"JudasShadow"},{"floor":5.0,"key":"Cursed Key"},{"floor":6.0,"key":"Replay:Mystery Machine"},{"floor":6.0,"key":"SatanicBible"},{"floor":7.0,"key":"AT_BellowingDragoncrestRing"},{"floor":7.0,"key":"Ice Cream"},{"floor":8.0,"key":"Sozu"},{"floor":8.0,"key":"Cauldron"},{"floor":11.0,"key":"Prayer Wheel"},{"floor":11.0,"key":"Akabeko"},{"floor":13.0,"key":"GuppysHead"},{"floor":14.0,"key":"Regal Pillow"},{"floor":14.0,"key":"SacredBark"},{"floor":16.0,"key":"REME_DemonsWealth"},{"floor":18.0,"key":"Guide Book"},{"floor":18.0,"key":"MawBank"},{"floor":18.0,"key":"ReplayTheSpireMod:TigerMarble"},{"floor":20.0,"key":"Thread and Needle"},{"floor":20.0,"key":"Leech"},{"floor":22.0,"key":"StrikeDummy"},{"floor":22.0,"key":"REME_HourglassOfDeath"},{"floor":23.0,"key":"TheBattery"},{"floor":23.0,"key":"Orrery"},{"floor":25.0,"key":"Onion Ring"},{"floor":27.0,"key":"Snecko Heart"},{"floor":27.0,"key":"BloodDonationMachine"},{"floor":28.0,"key":"Lizard Tail"},{"floor":29.0,"key":"FossilizedHelix"},{"floor":29.0,"key":"Mummified Hand"},{"floor":31.0,"key":"BFFS"},{"floor":31.0,"key":"Replay:Arrowhead"},{"floor":35.0,"key":"SumBook"},{"floor":35.0,"key":"Unceasing Top"},{"floor":36.0,"key":"TimeFreeze"},{"floor":36.0,"key":"Art of War"},{"floor":36.0,"key":"Strange Spoon"},{"floor":37.0,"key":"War Paint"},{"floor":37.0,"key":"Garlic"},{"floor":38.0,"key":"Replay:Wax Seal"},{"floor":38.0,"key":"OrangePellets"},{"floor":39.0,"key":"ChampionBelt"},{"floor":39.0,"key":"Blue Doll"},{"floor":40.0,"key":"Torii"},{"floor":40.0,"key":"TimeKeys"},{"floor":42.0,"key":"Pantograph"},{"floor":43.0,"key":"SSSystem"},{"floor":44.0,"key":"Bird Faced Urn"},{"floor":45.0,"key":"Meat on the Bone"},{"floor":45.0,"key":"Replay:Bronze Core"},{"floor":46.0,"key":"ZombieArmy"},{"floor":46.0,"key":"TheAbacus"},{"floor":47.0,"key":"Diplopia"},{"floor":47.0,"key":"AT_GoldPhoenixTree"},{"floor":55,"key":"Replay:Rubber Ducky"},{"floor":55,"key":"ReplayTheSpireMod:Lightbulb"},{"floor":55,"key":"HornCleat"}],"event_choices":[],"is_beta":false,"boss_relics":[{"not_picked":["AT_ForceNature","RedBat"],"picked":"DiscerningMonocle"},{"not_picked":[]},{"not_picked":["TuHaoJin","Turnip"],"picked":"Gambling Chip"},{"not_picked":[]}],"items_purged_floors":[12,19,54],"is_endless":false,"potions_floor_spawned":[3,4,5,6,7,8,11,13,14,16,18,20,22,23,25,27,28,29,31,33,35,36,37,38,39,40,42,44,45,46,47,55],"ascension_level":20}}