{"host":"5tzvto3beate6p8b","time":1614251096,"event":{"mods":["BaseMod","Colored Map","DeckTracker","Minty Spire (QoL Compilation)","Relic Stats","StSLib","SuperFastMode"],"gold_per_floor":[117,117,12,12,87,120,120,146,146,178,178,192,192,203,203,281,281,296,221,235,2,2,2,36,36,36,36,36,36,36,36],"floor_reached":30,"language":"JPN","playtime":1091,"items_purged":["Strike_G"],"score":620,"play_id":"5df6907f-0daf-4778-9695-c7ba56cc34c4","local_time":"20210225200456","is_ascension_mode":true,"campfire_choices":[{"floor":7,"key":"DIG"},{"floor":11,"key":"DIG"},{"floor":13,"key":"DIG"},{"floor":15,"key":"DIG"},{"floor":23,"key":"DIG"},{"floor":25,"key":"DIG"},{"floor":28,"key":"DIG"}],"circlet_count":0,"master_deck":["AscendersBane","Strike_G","Strike_G","Strike_G","Defend_G","Defend_G","Defend_G","Defend_G","Defend_G","Survivor","Neutralize+1","Deadly Poison+1","Dagger Spray+1","Adrenaline","Caltrops","Cloak And Dagger","Dagger Throw","Quick Slash","Corpse Explosion","Cloak And Dagger","Quick Slash","Eviscerate+1","Eviscerate","Backstab+1","Deadly Poison","Burst","Dagger Spray","Noxious Fumes","PiercingWail"],"relics":["Ring of the Snake","NeowsBlessing","Shovel","WingedGreaves","Tiny Chest","Letter Opener","Whetstone","Bronze Scales","Omamori","The Courier","HoveringKite","Orrery","Meat on the Bone","Prayer Wheel","StrikeDummy","Bottled Lightning","Thread and Needle","Kunai"],"acts_visited":["Exordium","TheCity"],"potions_floor_usage":[10,10,20,24,30],"damage_taken":[{"damage":0,"enemies":"Small Slimes","floor":1,"turns":1},{"damage":0,"enemies":"3 Sentries","floor":6,"turns":2},{"damage":0,"enemies":"Lagavulin","floor":8,"turns":1},{"damage":32,"enemies":"Gremlin Nob","floor":10,"turns":4},{"damage":1,"enemies":"Jaw Worm","floor":12,"turns":3},{"damage":0,"enemies":"2 Louse","floor":14,"turns":2},{"damage":14,"enemies":"Hexaghost","floor":16,"turns":8},{"damage":21,"enemies":"Spheric Guardian","floor":18,"turns":5},{"damage":0,"enemies":"2 Thieves","floor":20,"turns":3},{"damage":10,"enemies":"Book of Stabbing","floor":24,"turns":4},{"damage":36,"enemies":"Gremlin Leader","floor":30,"turns":4}],"seed_played":"-7296518920101999096","potions_obtained":[{"floor":1,"key":"AttackPotion"},{"floor":6,"key":"AttackPotion"},{"floor":14,"key":"Fire Potion"},{"floor":18,"key":"EssenceOfSteel"},{"floor":20,"key":"SneckoOil"}],"is_trial":false,"path_per_floor":["M","?","$","?","?","E","R","E","T","E","R","M","R","M","R","B",null,"M","?","M","$","?","R","E","R","T","$","R","T","E"],"character_chosen":"THE_SILENT","items_purchased":["Dagger Spray","Orrery","Dagger Spray","Noxious Fumes"],"campfire_rested":0,"item_purchase_floors":[3,21,21,21],"current_hp_per_floor":[59,59,59,59,48,48,48,48,48,16,16,15,15,15,15,1,50,29,29,29,29,29,29,31,31,31,31,31,31,0,0],"gold":36,"neow_bonus":"THREE_ENEMY_KILL","is_daily":false,"chose_seed":false,"campfire_upgraded":0,"win_rate":0.0,"timestamp":1614251096,"path_taken":["M","?","$","?","?","E","R","E","T","E","R","M","R","M","R","BOSS","M","?","M","$","?","R","E","R","T","?","R","?","E"],"items_purchased_type":["Card","Relic","Card","Card"],"build_version":"2020-12-22","purchased_purges":1,"victory":false,"max_hp_per_floor":[66,66,66,66,66,66,66,66,66,66,66,66,66,66,66,66,66,66,66,66,66,66,66,66,66,66,66,66,66,66,66],"relic_stats":{"Shovel":7,"counters":[11,37],"Bronze Scales":[87],"HoveringKite":[5],"Tiny Chest":1,"Prayer Wheel":0,"Letter Opener":[30],"Whetstone":["Dagger Spray","Neutralize"],"Kunai":[1],"obtain_stats":[{"NeowsBlessing":0,"HoveringKite":17,"Thread and Needle":28,"The Courier":15,"Omamori":13,"Letter Opener":9,"Whetstone":10,"Shovel":6,"Bronze Scales":11,"Orrery":21,"Tiny Chest":8,"Prayer Wheel":24,"WingedGreaves":7,"Bottled Lightning":26,"Kunai":29,"StrikeDummy":25,"Ring of the Snake":0,"Meat on the Bone":23},{"NeowsBlessing":0,"HoveringKite":7,"Thread and Needle":10,"The Courier":6,"Omamori":5,"Letter Opener":3,"Whetstone":4,"Shovel":2,"Bronze Scales":4,"Orrery":9,"Tiny Chest":3,"Prayer Wheel":10,"WingedGreaves":2,"Bottled Lightning":10,"Kunai":10,"StrikeDummy":10,"Ring of the Snake":0,"Meat on the Bone":9},{"NeowsBlessing":0,"HoveringKite":21,"Thread and Needle":33,"The Courier":13,"Omamori":11,"Letter Opener":4,"Whetstone":8,"Shovel":3,"Bronze Scales":8,"Orrery":29,"Tiny Chest":4,"Prayer Wheel":33,"WingedGreaves":3,"Bottled Lightning":33,"Kunai":33,"StrikeDummy":33,"Ring of the Snake":0,"Meat on the Bone":29}],"Ring of the Snake":[22],"Meat on the Bone":12},"card_choices":[{"not_picked":["Setup","Outmaneuver"],"picked":"Deadly Poison","floor":1},{"not_picked":["Calculated Gamble","Masterful Stab"],"picked":"Adrenaline","floor":6},{"not_picked":["Underhanded Strike","Well Laid Plans"],"picked":"Caltrops","floor":8},{"not_picked":["Riddle With Holes","Infinite Blades"],"picked":"Cloak And Dagger","floor":10},{"not_picked":["Underhanded Strike","Outmaneuver"],"picked":"Dagger Throw","floor":12},{"not_picked":["Acrobatics","Dodge and Roll"],"picked":"Quick Slash","floor":14},{"not_picked":["Storm of Steel","Envenom"],"picked":"Corpse Explosion","floor":16},{"not_picked":["Choke","Riddle With Holes"],"picked":"Cloak And Dagger","floor":18},{"not_picked":["Riddle With Holes","Distraction"],"picked":"Quick Slash","floor":20},{"not_picked":["Escape Plan","Underhanded Strike"],"picked":"Eviscerate+1","floor":21},{"not_picked":["Blur","Deflect+1"],"picked":"Eviscerate","floor":21},{"not_picked":["Malaise","Blade Dance"],"picked":"Backstab+1","floor":21},{"not_picked":["Blade Dance","Dodge and Roll"],"picked":"Deadly Poison","floor":21},{"not_picked":["Outmaneuver","Deflect"],"picked":"Burst","floor":21},{"not_picked":["Catalyst","Outmaneuver"],"picked":"PiercingWail","floor":24}],"player_experience":888765,"relics_obtained":[{"floor":6,"key":"Shovel"},{"floor":7,"key":"WingedGreaves"},{"floor":8,"key":"Tiny Chest"},{"floor":9,"key":"Letter Opener"},{"floor":10,"key":"Whetstone"},{"floor":11,"key":"Bronze Scales"},{"floor":13,"key":"Omamori"},{"floor":15,"key":"The Courier"},{"floor":23,"key":"Meat on the Bone"},{"floor":24,"key":"Prayer Wheel"},{"floor":25,"key":"StrikeDummy"},{"floor":26,"key":"Bottled Lightning"},{"floor":28,"key":"Thread and Needle"},{"floor":29,"key":"Kunai"}],"event_choices":[{"damage_healed":0,"gold_gain":0,"player_choice":"Grow","damage_taken":0,"max_hp_gain":0,"max_hp_loss":0,"event_name":"Living Wall","floor":2,"gold_loss":0,"cards_upgraded":["Deadly Poison"]},{"damage_healed":0,"gold_gain":0,"player_choice":"Ignored","damage_taken":0,"max_hp_gain":0,"max_hp_loss":0,"event_name":"Shining Light","floor":4,"gold_loss":0},{"damage_healed":0,"gold_gain":75,"player_choice":"Gather Gold","damage_taken":11,"max_hp_gain":0,"max_hp_loss":0,"event_name":"World of Goop","floor":5,"gold_loss":0},{"cards_removed":["Strike_G"],"damage_healed":0,"gold_gain":0,"player_choice":"Gave Gold","damage_taken":0,"max_hp_gain":0,"max_hp_loss":0,"event_name":"Beggar","floor":19,"gold_loss":75},{"damage_healed":0,"gold_gain":0,"player_choice":"Smashed Altar","damage_taken":0,"max_hp_gain":0,"max_hp_loss":0,"event_name":"Forgotten Altar","floor":22,"gold_loss":0,"cards_obtained":["Decay"]}],"is_beta":false,"boss_relics":[{"not_picked":["Ring of the Serpent","Ectoplasm"],"picked":"HoveringKite"}],"items_purged_floors":[3],"is_endless":false,"potions_floor_spawned":[1,6,8,14,18,20],"killed_by":"Gremlin Leader","ascension_level":20}}