{"host":"jrmqsbok61y7b34d","time":1614290630,"event":{"mods":["BaseMod","Better Skull","Colored Map","Colored Powertips","Emptier Cage","Minty Spire (QoL Compilation)","Permanent Neow","Quick Restart","Relic Stats","StSLib","Unceasing Turn Reminder"],"gold_per_floor":[112,112,122,140,156,183,183,201,201,201,221,237,250,250,250,327,327,339,339,101,116,16,50,65,65,65,77,77,94,123,48,48,122,122,135,145,162,37,56,88,88,113,113,145,172,172,8,23,23,23,23,23],"floor_reached":51,"language":"ENG","playtime":11653,"items_purged":["Strike_P","Strike_P","Strike_P"],"score":1793,"play_id":"3dbaead5-8917-481c-a3c4-24c5f226d18e","local_time":"20210225220350","is_ascension_mode":true,"campfire_choices":[{"data":"Scrawl","floor":7.0,"key":"SMITH"},{"floor":10.0,"key":"REST"},{"floor":15.0,"key":"REST"},{"data":"Blasphemy","floor":25.0,"key":"SMITH"},{"floor":28.0,"key":"REST"},{"data":"Eruption","floor":32.0,"key":"SMITH"},{"data":"Wallop","floor":41.0,"key":"SMITH"},{"data":"Meditate","floor":46.0,"key":"SMITH"},{"floor":49.0,"key":"RECALL"}],"circlet_count":0,"master_deck":["AscendersBane","Defend_P","Defend_P+1","Defend_P","Defend_P","Eruption+1","Vigilance+1","Scrawl+1","BowlingBash","CutThroughFate","Meditate+1","FollowUp","Blasphemy+1","FlurryOfBlows","SandsOfTime","ReachHeaven","Conclude+1","Establishment","EmptyFist","CarveReality+1","Wallop+1","Perseverance","WheelKick","Vault","Evaluate+1","Protect","Fasting2","Doubt","Vault","Vengeance"],"relics":["PureWater","Dead Branch","Bird Faced Urn","Odd Mushroom","Cursed Key","Lee\u0027s Waffle","Blue Candle","Prayer Wheel","WingedGreaves","Black Star","Gambling Chip","Thread and Needle","FossilizedHelix","Bottled Lightning","Omamori","Pantograph","Question Card","Mango","War Paint"],"acts_visited":["Exordium","TheCity","TheBeyond"],"potions_floor_usage":[51],"damage_taken":[{"damage":9.0,"enemies":"Jaw Worm","floor":1.0,"turns":4.0},{"damage":0.0,"enemies":"2 Louse","floor":3.0,"turns":2.0},{"damage":1.0,"enemies":"Small Slimes","floor":4.0,"turns":3.0},{"damage":20.0,"enemies":"Red Slaver","floor":5.0,"turns":5.0},{"damage":16.0,"enemies":"Lagavulin","floor":6.0,"turns":6.0},{"damage":11.0,"enemies":"Exordium Thugs","floor":8.0,"turns":3.0},{"damage":0.0,"enemies":"The Mushroom Lair","floor":11.0,"turns":2.0},{"damage":0.0,"enemies":"2 Fungi Beasts","floor":12.0,"turns":1.0},{"damage":12.0,"enemies":"3 Louse","floor":13.0,"turns":2.0},{"damage":20.0,"enemies":"Hexaghost","floor":16.0,"turns":4.0},{"damage":1.0,"enemies":"3 Byrds","floor":18.0,"turns":3.0},{"damage":0.0,"enemies":"2 Thieves","floor":21.0,"turns":1.0},{"damage":17.0,"enemies":"Book of Stabbing","floor":23.0,"turns":3.0},{"damage":10.0,"enemies":"Snecko","floor":24.0,"turns":3.0},{"damage":27.0,"enemies":"Snake Plant","floor":27.0,"turns":3.0},{"damage":10.0,"enemies":"Sentry and Sphere","floor":29.0,"turns":4.0},{"damage":5.0,"enemies":"Gremlin Leader","floor":30.0,"turns":3.0},{"damage":16.0,"enemies":"Collector","floor":33.0,"turns":6.0},{"damage":10.0,"enemies":"3 Darklings","floor":35.0,"turns":4.0},{"damage":1.0,"enemies":"3 Shapes","floor":36.0,"turns":3.0},{"damage":0.0,"enemies":"Sphere and 2 Shapes","floor":37.0,"turns":1.0},{"damage":0.0,"enemies":"Transient","floor":39.0,"turns":7.0},{"damage":1.0,"enemies":"Reptomancer","floor":40.0,"turns":4.0},{"damage":0.0,"enemies":"Nemesis","floor":42.0,"turns":3.0},{"damage":0.0,"enemies":"Giant Head","floor":44.0,"turns":5.0},{"damage":0.0,"enemies":"Reptomancer","floor":45.0,"turns":5.0},{"damage":0.0,"enemies":"4 Shapes","floor":48.0,"turns":3.0},{"damage":51.0,"enemies":"Donu and Deca","floor":50.0,"turns":17.0},{"damage":100066,"enemies":"Awakened One","floor":51,"turns":10}],"seed_played":"-2635105467198650192","potions_obtained":[{"floor":4.0,"key":"Strength Potion"},{"floor":13.0,"key":"SteroidPotion"},{"floor":16.0,"key":"SneckoOil"},{"floor":18.0,"key":"BottledMiracle"},{"floor":27.0,"key":"Weak Potion"},{"floor":33.0,"key":"DistilledChaos"},{"floor":48.0,"key":"Swift Potion"}],"is_trial":false,"path_per_floor":["M","?","M","M","M","E","R","M","T","R","?","M","M","?","R","B",null,"M","?","$","M","$","E","M","R","T","M","R","M","E","?","R","B",null,"M","M","M","$","M","E","R","E","T","E","E","R","$","M","R","B","B"],"character_chosen":"WATCHER","items_purchased":["Lee\u0027s Waffle","War Paint"],"campfire_rested":3,"item_purchase_floors":[20,47],"current_hp_per_floor":[52,57,57,56,36,20,20,9,9,30,30,30,18,18,39,19,60,61,61,80,80,80,63,53,53,53,26,50,42,39,39,39,29,67,59,58,58,58,64,63,63,65,65,73,87,87,87,87,87,48,0,0],"gold":23,"neow_bonus":"ONE_RANDOM_RARE_CARD","is_daily":false,"chose_seed":false,"campfire_upgraded":5,"win_rate":0.0,"timestamp":1614290630,"path_taken":["M","?","M","M","M","E","R","M","T","R","?","M","M","?","R","BOSS","M","?","$","M","$","E","M","R","T","?","R","M","E","?","R","BOSS","M","M","M","$","M","E","R","E","T","E","E","R","$","M","R","BOSS","BOSS"],"items_purchased_type":["Relic","Relic"],"build_version":"2020-12-22","purchased_purges":3,"victory":false,"max_hp_per_floor":[68,73,73,73,73,73,73,73,73,73,73,73,73,73,73,73,73,73,73,80,80,80,80,80,80,80,80,80,80,80,80,80,80,80,80,80,80,80,80,80,80,80,80,80,94,94,94,94,94,94,94,94],"relic_stats":{"Lee\u0027s Waffle":19,"counters":[29,119],"Dead Branch":[134],"Blue Candle":[8],"War Paint":["Vigilance","Defend_P"],"Cursed Key":2,"Question Card":2,"Bird Faced Urn":[39],"Gambling Chip":[19],"Pantograph":32,"Prayer Wheel":7,"Black Star":4,"obtain_stats":[{"Lee\u0027s Waffle":20,"Dead Branch":6,"Blue Candle":23,"Thread and Needle":40,"Mango":45,"Omamori":44,"Odd Mushroom":11,"War Paint":47,"Cursed Key":17,"Question Card":45,"Bird Faced Urn":9,"Gambling Chip":40,"Pantograph":44,"Prayer Wheel":26,"WingedGreaves":30,"Black Star":34,"Bottled Lightning":42,"PureWater":0,"FossilizedHelix":42},{"Lee\u0027s Waffle":11,"Dead Branch":5,"Blue Candle":13,"Thread and Needle":23,"Mango":26,"Omamori":25,"Odd Mushroom":7,"War Paint":26,"Cursed Key":10,"Question Card":26,"Bird Faced Urn":6,"Gambling Chip":23,"Pantograph":25,"Prayer Wheel":14,"WingedGreaves":17,"Black Star":18,"Bottled Lightning":24,"PureWater":0,"FossilizedHelix":24},{"Lee\u0027s Waffle":35,"Dead Branch":20,"Blue Candle":39,"Thread and Needle":77,"Mango":90,"Omamori":85,"Odd Mushroom":25,"War Paint":90,"Cursed Key":32,"Question Card":90,"Bird Faced Urn":23,"Gambling Chip":77,"Pantograph":85,"Prayer Wheel":42,"WingedGreaves":52,"Black Star":58,"Bottled Lightning":80,"PureWater":0,"FossilizedHelix":80}]},"card_choices":[{"not_picked":["JustLucky","ClearTheMind"],"picked":"BowlingBash","floor":1.0},{"not_picked":["CrushJoints","FollowUp"],"picked":"CutThroughFate","floor":3.0},{"not_picked":["LikeWater","Indignation"],"picked":"Meditate","floor":4.0},{"not_picked":["MentalFortress","PathToVictory"],"picked":"FollowUp","floor":5.0},{"not_picked":["FlyingSleeves","Perseverance"],"picked":"Blasphemy","floor":6.0},{"not_picked":["Worship","PathToVictory"],"picked":"FlurryOfBlows","floor":8.0},{"not_picked":["WindmillStrike","Sanctity"],"picked":"SandsOfTime","floor":11.0},{"not_picked":["LikeWater","ClearTheMind"],"picked":"ReachHeaven","floor":12.0},{"not_picked":["Evaluate","CutThroughFate"],"picked":"Conclude","floor":13.0},{"not_picked":["Wish","Judgement"],"picked":"Establishment","floor":16.0},{"not_picked":["FollowUp+1","CutThroughFate"],"picked":"EmptyFist","floor":18.0},{"not_picked":["InnerPeace","Halt"],"picked":"CarveReality+1","floor":21.0},{"not_picked":["EmptyFist","Pray"],"picked":"Wallop","floor":23.0},{"not_picked":["Wallop","FlyingSleeves","FollowUp+1"],"picked":"SKIP","floor":24.0},{"not_picked":["ThirdEye","SashWhip"],"picked":"Perseverance","floor":27.0},{"not_picked":["ReachHeaven+1","Prostrate","SignatureMove+1"],"picked":"SKIP","floor":27.0},{"not_picked":["ConjureBlade","Halt"],"picked":"WheelKick","floor":29.0},{"not_picked":["EmptyBody","WaveOfTheHand","JustLucky"],"picked":"SKIP","floor":29.0},{"not_picked":["Conclude","Halt+1","CrushJoints+1"],"picked":"SKIP","floor":30.0},{"not_picked":["Ragnarok","Scrawl"],"picked":"Vault","floor":33.0},{"not_picked":["Worship","WindmillStrike"],"picked":"Evaluate+1","floor":35.0},{"not_picked":["SashWhip+1","FlyingSleeves","EmptyMind"],"picked":"SKIP","floor":35.0},{"not_picked":["Perseverance","FollowUp+1"],"picked":"Protect","floor":36.0},{"not_picked":["SashWhip","SandsOfTime","FlyingSleeves+1"],"picked":"SKIP","floor":36.0},{"not_picked":["CarveReality","EmptyFist","DeusExMachina"],"picked":"SKIP","floor":37.0},{"not_picked":["FlyingSleeves+1","WindmillStrike","FollowUp"],"picked":"SKIP","floor":37.0},{"not_picked":["EmptyBody+1","FollowUp","Blasphemy"],"picked":"SKIP","floor":39.0},{"not_picked":["Halt","WheelKick","ThirdEye"],"picked":"SKIP","floor":39.0},{"not_picked":["PathToVictory","Swivel"],"picked":"Fasting2","floor":40.0},{"not_picked":["LessonLearned","Study+1","Halt"],"picked":"SKIP","floor":42.0},{"not_picked":["WindmillStrike","EmptyBody"],"picked":"Vault","floor":44.0},{"not_picked":["ThirdEye","FlurryOfBlows","EmptyFist"],"picked":"SKIP","floor":45.0},{"not_picked":["FlyingSleeves","PathToVictory","Wallop"],"picked":"Vengeance","floor":48.0},{"not_picked":["FollowUp","LikeWater","FlurryOfBlows","Protect"],"picked":"SKIP","floor":48.0}],"player_experience":1095585,"relics_obtained":[{"floor":6.0,"key":"Dead Branch"},{"floor":9.0,"key":"Bird Faced Urn"},{"floor":11.0,"key":"Odd Mushroom"},{"floor":23.0,"key":"Blue Candle"},{"floor":26.0,"key":"Prayer Wheel"},{"floor":30.0,"key":"WingedGreaves"},{"floor":40.0,"key":"Gambling Chip"},{"floor":40.0,"key":"Thread and Needle"},{"floor":42.0,"key":"FossilizedHelix"},{"floor":42.0,"key":"Bottled Lightning"},{"floor":44.0,"key":"Omamori"},{"floor":44.0,"key":"Pantograph"},{"floor":45.0,"key":"Question Card"},{"floor":45.0,"key":"Mango"}],"event_choices":[{"damage_healed":0.0,"max_hp_gain":5.0,"max_hp_loss":0.0,"gold_gain":0.0,"event_name":"Big Fish","player_choice":"Donut","floor":2.0,"gold_loss":0.0,"damage_taken":0.0},{"damage_healed":0.0,"max_hp_gain":0.0,"max_hp_loss":0.0,"gold_gain":0.0,"event_name":"Mushrooms","player_choice":"Fought Mushrooms","floor":11.0,"gold_loss":0.0,"damage_taken":0.0},{"damage_healed":0.0,"max_hp_gain":0.0,"max_hp_loss":0.0,"gold_gain":0.0,"event_name":"Living Wall","player_choice":"Grow","floor":14.0,"gold_loss":0.0,"damage_taken":0.0,"cards_upgraded":["Conclude"]},{"cards_removed":["Strike_P"],"damage_healed":0.0,"max_hp_gain":0.0,"max_hp_loss":0.0,"gold_gain":0.0,"event_name":"Bonfire Elementals","player_choice":"Offered Basic","floor":19.0,"gold_loss":0.0,"damage_taken":0.0},{"cards_removed":["Writhe"],"damage_healed":0.0,"max_hp_gain":0.0,"max_hp_loss":0.0,"gold_gain":0.0,"event_name":"Beggar","player_choice":"Gave Gold","floor":31.0,"gold_loss":75.0,"damage_taken":0.0}],"is_beta":false,"boss_relics":[{"not_picked":["SacredBark","Calling Bell"],"picked":"Cursed Key"},{"not_picked":["Pandora\u0027s Box","Philosopher\u0027s Stone"],"picked":"Black Star"}],"items_purged_floors":[20,22,38],"is_endless":false,"potions_floor_spawned":[4,13,16,18,24,27,33,35,36,39,40,48],"killed_by":"Awakened One","ascension_level":20}}