{"host":"30jsp143e4v19aze","time":1614279725,"event":{"mods":["BaseMod","Colored Map","Colored Powertips","Curses Come First","DeckTracker","Highlight Path","Minty Spire (QoL Compilation)","Quick Restart","Relic Stats","StSLib","everything is the same but u backflip on backflip","slay the spire mod where everything is the same but ironclad has a cowboy hat"],"gold_per_floor":[110,80,50,64,10,42,42,67,92,242,254,254,254],"floor_reached":12,"language":"ENG","playtime":216,"items_purged":[],"score":222,"play_id":"5394f12d-bfc9-481e-8f8d-130aaa38def7","local_time":"20210225200205","is_ascension_mode":true,"campfire_choices":[{"data":"True Grit","floor":7,"key":"SMITH"}],"circlet_count":0,"master_deck":["AscendersBane","Strike_R","Strike_R","Strike_R","Strike_R","Strike_R","Defend_R","Defend_R","Defend_R","Defend_R","Bash","Cleave","True Grit+1","Shockwave","Feel No Pain","Limit Break","Doubt"],"relics":["Burning Blood","NeowsBlessing","Potion Belt","Shovel","Pen Nib"],"acts_visited":["Exordium"],"potions_floor_usage":[12],"damage_taken":[{"damage":0,"enemies":"Jaw Worm","floor":1,"turns":1},{"damage":0,"enemies":"Cultist","floor":4,"turns":1},{"damage":0,"enemies":"Gremlin Nob","floor":6,"turns":1},{"damage":64,"enemies":"Lagavulin","floor":8,"turns":11},{"damage":14,"enemies":"Small Slimes","floor":11,"turns":4},{"damage":10,"enemies":"3 Sentries","floor":12,"turns":1}],"seed_played":"-3927909508261073817","potions_obtained":[{"floor":2,"key":"LiquidMemories"},{"floor":2,"key":"SneckoOil"},{"floor":6,"key":"Weak Potion"},{"floor":8,"key":"EntropicBrew"}],"is_trial":false,"path_per_floor":["M","?","$","M","$","E","R","E","T","?","M","E"],"character_chosen":"IRONCLAD","items_purchased":["True Grit","Fire Potion"],"campfire_rested":0,"item_purchase_floors":[3,5],"current_hp_per_floor":[74,74,74,75,75,75,75,17,17,17,9,0,0],"gold":254,"neow_bonus":"THREE_ENEMY_KILL","is_daily":false,"chose_seed":false,"campfire_upgraded":1,"win_rate":0.0,"timestamp":1614279725,"path_taken":["M","?","$","?","$","E","R","E","T","?","M","E"],"items_purchased_type":["Card","Potion"],"build_version":"2020-12-22","purchased_purges":0,"victory":false,"max_hp_per_floor":[75,75,75,75,75,75,75,75,75,75,75,75,75],"relic_stats":{"Shovel":0,"counters":[6,19],"Pen Nib":[0],"obtain_stats":[{"Potion Belt":6,"Shovel":8,"NeowsBlessing":0,"Pen Nib":9,"Burning Blood":0},{"Potion Belt":3,"Shovel":4,"NeowsBlessing":0,"Pen Nib":4,"Burning Blood":0},{"Potion Belt":3,"Shovel":14,"NeowsBlessing":0,"Pen Nib":14,"Burning Blood":0}],"Burning Blood":19},"card_choices":[{"not_picked":["Flex","Searing Blow"],"picked":"Cleave","floor":1},{"not_picked":["Shrug It Off","Twin Strike"],"picked":"Shockwave","floor":4},{"not_picked":["Anger","Twin Strike"],"picked":"Feel No Pain","floor":6},{"not_picked":["Second Wind","Shrug It Off"],"picked":"Limit Break","floor":8},{"not_picked":["Perfected Strike","Havoc","Uppercut"],"picked":"SKIP","floor":11}],"player_experience":3301028,"relics_obtained":[{"floor":6,"key":"Potion Belt"},{"floor":8,"key":"Shovel"},{"floor":9,"key":"Pen Nib"}],"event_choices":[{"damage_healed":0,"gold_gain":0,"player_choice":"Bought 2 Potions","damage_taken":0,"max_hp_gain":0,"max_hp_loss":0,"event_name":"The Woman in Blue","floor":2,"gold_loss":0},{"damage_healed":0,"gold_gain":150,"player_choice":"AGREE","damage_taken":0,"max_hp_gain":0,"max_hp_loss":0,"event_name":"Liars Game","floor":10,"gold_loss":0,"cards_obtained":["Doubt"]}],"is_beta":false,"boss_relics":[],"items_purged_floors":[],"is_endless":false,"potions_floor_spawned":[6,8,11],"killed_by":"3 Sentries","ascension_level":20}}