{"host":"syozzdlzcqop4jia","time":1614212573,"event":{"mods":["AchievementEnabler","BaseMod","Colored Map","Colored Powertips","Minty Spire (QoL Compilation)","Quick Restart"],"gold_per_floor":[114,125,135,135,135,135,38,66,101,124,136,158,182,210,222,335,347,374,402,414,221,233,233,246,246,295,308,79,95,95,95],"floor_reached":30,"language":"ENG","playtime":1257,"items_purged":["Defend_B","Defend_B"],"score":260,"play_id":"2d6355f3-960f-4d2e-bb2f-8aa5ae330029","local_time":"20210225012253","is_ascension_mode":true,"campfire_choices":[{"data":"Zap","floor":6,"key":"SMITH"},{"floor":11,"key":"REST"},{"floor":15,"key":"REST"},{"floor":23,"key":"REST"},{"floor":25,"key":"REST"}],"circlet_count":0,"master_deck":["Strike_B","Strike_B","Strike_B","Defend_B","Defend_B","Zap+1","Dualcast","Sweeping Beam","Redo","Conserve Battery","Conserve Battery","Creative AI","Self Repair","Ball Lightning","Cold Snap","Amplify","Darkness","Chaos","Self Repair","Lockon","Conserve Battery+1","Capacitor"],"relics":["Cracked Core","MawBank","Strawberry","Nuclear Battery","Bag of Marbles","Lantern"],"acts_visited":["Exordium","TheCity"],"potions_floor_usage":[],"damage_taken":[{"damage":2,"enemies":"Jaw Worm","floor":1,"turns":4},{"damage":0,"enemies":"Small Slimes","floor":2,"turns":2},{"damage":1,"enemies":"Cultist","floor":3,"turns":3},{"damage":38,"enemies":"Gremlin Nob","floor":8,"turns":5},{"damage":13,"enemies":"Looter","floor":10,"turns":4},{"damage":25,"enemies":"Gremlin Gang","floor":12,"turns":4},{"damage":10,"enemies":"Exordium Wildlife","floor":13,"turns":3},{"damage":7,"enemies":"3 Louse","floor":14,"turns":3},{"damage":32,"enemies":"Hexaghost","floor":16,"turns":9},{"damage":38,"enemies":"3 Byrds","floor":18,"turns":4},{"damage":5,"enemies":"Shell Parasite","floor":19,"turns":8},{"damage":31,"enemies":"Cultist and Chosen","floor":22,"turns":6},{"damage":56,"enemies":"Shelled Parasite and Fungi","floor":24,"turns":8},{"damage":41,"enemies":"Centurion and Healer","floor":27,"turns":7},{"damage":21,"enemies":"Snake Plant","floor":29,"turns":5},{"damage":19,"enemies":"Gremlin Leader","floor":30,"turns":2}],"seed_played":"-8276105236343588863","potions_obtained":[{"floor":3,"key":"FearPotion"},{"floor":10,"key":"EssenceOfDarkness"},{"floor":12,"key":"EssenceOfSteel"}],"is_trial":false,"path_per_floor":["M","M","M","?","?","R","$","E","T","M","R","M","M","M","R","B",null,"M","M","?","$","M","R","M","R","T","M","$","M","E"],"character_chosen":"DEFECT","items_purchased":["Conserve Battery","Chaos","Self Repair","Capacitor","Lantern"],"campfire_rested":4,"item_purchase_floors":[7,21,21,28,28],"current_hp_per_floor":[80,80,79,79,79,79,79,41,48,35,61,43,40,40,66,41,89,58,60,60,60,43,69,27,53,53,26,26,19,0,0],"gold":95,"neow_bonus":"TEN_PERCENT_HP_BONUS","is_daily":false,"chose_seed":false,"campfire_upgraded":1,"win_rate":0.0,"timestamp":1614212573,"path_taken":["M","M","M","?","?","R","$","E","T","?","R","M","?","M","R","BOSS","M","M","?","$","M","R","M","R","T","M","$","M","E"],"items_purchased_type":["Card","Card","Card","Card","Relic"],"build_version":"2020-12-22","purchased_purges":2,"victory":false,"max_hp_per_floor":[82,82,82,82,82,82,82,82,89,89,89,89,89,89,89,89,89,89,89,89,89,89,89,89,89,89,89,89,89,89,89],"card_choices":[{"not_picked":["Hologram","Auto Shields"],"picked":"Sweeping Beam","floor":1},{"not_picked":["Coolheaded","Double Energy"],"picked":"Redo","floor":2},{"not_picked":["Sweeping Beam","Compile Driver"],"picked":"Conserve Battery","floor":3},{"not_picked":["Recycle","Turbo"],"picked":"Creative AI","floor":8},{"not_picked":["Coolheaded","Hello World"],"picked":"Self Repair","floor":10},{"not_picked":["Streamline","Barrage"],"picked":"Ball Lightning","floor":12},{"not_picked":["Sweeping Beam","Conserve Battery"],"picked":"Cold Snap","floor":13},{"not_picked":["Redo","Conserve Battery","Cold Snap"],"picked":"SKIP","floor":14},{"not_picked":["Seek","Meteor Strike"],"picked":"Amplify","floor":16},{"not_picked":["Coolheaded","Streamline","Heatsinks+1"],"picked":"SKIP","floor":18},{"not_picked":["Heatsinks","Genetic Algorithm+1"],"picked":"Darkness","floor":19},{"not_picked":["Barrage","Coolheaded"],"picked":"Lockon","floor":22},{"not_picked":["Barrage","Consume","Hologram"],"picked":"SKIP","floor":24},{"not_picked":["Sweeping Beam+1","Streamline"],"picked":"Conserve Battery+1","floor":27},{"not_picked":["Reprogram","Redo","Go for the Eyes"],"picked":"SKIP","floor":29}],"player_experience":734202,"relics_obtained":[{"floor":8,"key":"MawBank"},{"floor":9,"key":"Strawberry"},{"floor":26,"key":"Bag of Marbles"}],"event_choices":[{"damage_healed":0,"gold_gain":0,"player_choice":"Ignored","damage_taken":0,"max_hp_gain":0,"max_hp_loss":0,"event_name":"Liars Game","floor":4,"gold_loss":0},{"damage_healed":0,"gold_gain":0,"player_choice":"Ignored","damage_taken":0,"max_hp_gain":0,"max_hp_loss":0,"event_name":"Golden Wing","floor":5,"gold_loss":0},{"cards_removed":["Strike_B"],"damage_healed":0,"gold_gain":0,"player_choice":"Offered Basic","damage_taken":0,"max_hp_gain":0,"max_hp_loss":0,"event_name":"Bonfire Elementals","floor":20,"gold_loss":0}],"is_beta":false,"boss_relics":[{"not_picked":["Snecko Eye","Philosopher\u0027s Stone"],"picked":"Nuclear Battery"}],"items_purged_floors":[7,21],"is_endless":false,"potions_floor_spawned":[3,10,12,14,18,19,29],"killed_by":"Gremlin Leader","ascension_level":2}}