{"host":"dw8ij7emqco3quom","time":1614295449,"event":{"mods":["BaseMod","Minty Spire (QoL Compilation)"],"gold_per_floor":[112,43,53,72,88,116,116,141,165,181,37,37,37,57,57,155,155,174,193,47,47,62,87,87,87,87,106,106,133,133,51,51,155,155,171,187,17,27,43,72,72,83,83,97,16,16,0,17,17,17,17,17,17,49,49,49],"floor_reached":55,"language":"FRA","playtime":3885,"items_purged":["Strike_B"],"score":919,"play_id":"6902c0fd-529b-476c-9dab-befed2d75313","local_time":"20210226002409","is_ascension_mode":true,"campfire_choices":[{"floor":7.0,"key":"REST"},{"data":"Gash","floor":15.0,"key":"SMITH"},{"floor":24.0,"key":"RECALL"},{"data":"Gash","floor":28.0,"key":"SMITH"},{"data":"Gash","floor":30.0,"key":"SMITH"},{"data":"Beam Cell","floor":32.0,"key":"SMITH"},{"floor":41,"key":"REST"},{"floor":49,"key":"REST"},{"data":"Panache","floor":52,"key":"SMITH"}],"circlet_count":0,"master_deck":["Strike_B","Strike_B","Defend_B","Defend_B","Defend_B+1","Zap+1","Dualcast","All For One","Gash+1","Undo","Leap","Melter","Gash+1","Self Repair","Go for the Eyes","Gash+1","Scrape","Conserve Battery","Reboot","CurseOfTheBell","Reinforced Body","Sweeping Beam+1","Turbo+1","Beam Cell+1","Gash","Fusion+1","All For One","Buffer","Sunder+1","Panache+1","Leap+1","Stack+1","Auto Shields","FTL","Finesse","Beam Cell"],"relics":["Cracked Core","MealTicket","Art of War","Calling Bell","Bronze Scales","Pantograph","CaptainsWheel","Sling","Ancient Tea Set","Bottled Flame","Bag of Preparation","SlaversCollar","PreservedInsect","Cables","Red Mask","War Paint"],"acts_visited":["Exordium","TheCity","TheBeyond","TheEnding"],"potions_floor_usage":[39,40,44,55],"damage_taken":[{"damage":1.0,"enemies":"Cultist","floor":1.0,"turns":3.0},{"damage":0.0,"enemies":"Small Slimes","floor":3.0,"turns":3.0},{"damage":5.0,"enemies":"Jaw Worm","floor":4.0,"turns":3.0},{"damage":15.0,"enemies":"Gremlin Gang","floor":5.0,"turns":5.0},{"damage":17.0,"enemies":"Lagavulin","floor":6.0,"turns":6.0},{"damage":20.0,"enemies":"Gremlin Nob","floor":8.0,"turns":4.0},{"damage":3.0,"enemies":"Blue Slaver","floor":10.0,"turns":3.0},{"damage":0.0,"enemies":"Large Slime","floor":14.0,"turns":3.0},{"damage":44.0,"enemies":"The Guardian","floor":16.0,"turns":13.0},{"damage":33.0,"enemies":"2 Thieves","floor":18.0,"turns":3.0},{"damage":6.0,"enemies":"3 Byrds","floor":19.0,"turns":3.0},{"damage":9.0,"enemies":"Snake Plant","floor":22.0,"turns":5.0},{"damage":7.0,"enemies":"Book of Stabbing","floor":23.0,"turns":5.0},{"damage":13.0,"enemies":"Shelled Parasite and Fungi","floor":27.0,"turns":4.0},{"damage":10.0,"enemies":"Slavers","floor":29.0,"turns":4.0},{"damage":68.0,"enemies":"Collector","floor":33.0,"turns":8.0},{"damage":29.0,"enemies":"3 Darklings","floor":35.0,"turns":5.0},{"damage":3.0,"enemies":"3 Shapes","floor":36.0,"turns":6.0},{"damage":21.0,"enemies":"Jaw Worm Horde","floor":38.0,"turns":5.0},{"damage":14,"enemies":"Spire Growth","floor":39,"turns":3},{"damage":0,"enemies":"Reptomancer","floor":40,"turns":3},{"damage":34,"enemies":"3 Darklings","floor":42,"turns":5},{"damage":17,"enemies":"Transient","floor":44,"turns":5},{"damage":40,"enemies":"Maw","floor":48,"turns":6},{"damage":37,"enemies":"Awakened One","floor":50,"turns":9},{"damage":1,"enemies":"Shield and Spear","floor":54,"turns":4},{"damage":87,"enemies":"The Heart","floor":55,"turns":3}],"seed_played":"7229086372378660262","potions_obtained":[{"floor":3.0,"key":"FocusPotion"},{"floor":6.0,"key":"Explosive Potion"},{"floor":8.0,"key":"Explosive Potion"},{"floor":16.0,"key":"SkillPotion"},{"floor":18.0,"key":"CultistPotion"},{"floor":22.0,"key":"SteroidPotion"},{"floor":27.0,"key":"Block Potion"},{"floor":29.0,"key":"Regen Potion"},{"floor":38.0,"key":"EssenceOfSteel"},{"floor":39,"key":"PowerPotion"},{"floor":42,"key":"Fruit Juice"},{"floor":54,"key":"PowerPotion"}],"is_trial":false,"path_per_floor":["M","$","M","M","M","E","R","E","T","M","$","?","?","M","R","B",null,"M","M","$","$","M","E","R","?","T","M","R","E","R","$","R","B",null,"M","M","$","M","M","E","R","M","T","M","$","?","?","M","R","B",null,"R","$","E","B"],"character_chosen":"DEFECT","items_purchased":["Undo","Scrape","Sling","All For One","Panache","FTL"],"campfire_rested":3,"item_purchase_floors":[2,11,20,31,37,45],"current_hp_per_floor":[74,74,74,69,54,37,59,46,46,50,65,70,70,77,77,40,80,47,48,63,78,76,76,76,76,76,70,70,67,67,80,80,27,80,58,62,77,56,49,49,73,46,46,41,56,56,56,23,48,43,85,85,85,85,0,0],"gold":49,"neow_bonus":"TRANSFORM_CARD","is_daily":false,"chose_seed":false,"campfire_upgraded":5,"win_rate":0.0,"timestamp":1614295449,"path_taken":["M","$","M","?","M","E","R","E","T","?","?","?","?","M","R","BOSS","BOSS","M","?","?","$","M","E","R","?","T","M","R","E","R","?","R","BOSS","M","M","$","?","?","E","R","M","T","M","$","?","?","M","R","BOSS","R","$","E","BOSS"],"items_purchased_type":["Card","Card","Relic","Card","Card","Card"],"build_version":"2020-12-22","purchased_purges":1,"victory":false,"max_hp_per_floor":[75,75,75,75,75,75,75,75,75,75,75,80,80,80,80,80,80,80,80,80,80,80,80,80,80,80,80,80,80,80,80,80,80,80,80,80,80,80,80,80,80,80,80,85,85,85,85,85,85,85,85,85,85,85,85,85],"card_choices":[{"not_picked":["Rebound","Coolheaded"],"picked":"Gash","floor":1.0},{"not_picked":["Barrage","Turbo"],"picked":"Leap","floor":3.0},{"not_picked":["Tempest","FTL"],"picked":"Melter","floor":4.0},{"not_picked":["Genetic Algorithm","Leap"],"picked":"Gash","floor":5.0},{"not_picked":["Steam","Reboot"],"picked":"Self Repair","floor":6.0},{"not_picked":["Ball Lightning","Tempest"],"picked":"Go for the Eyes","floor":8.0},{"not_picked":["Blizzard","Static Discharge"],"picked":"Gash","floor":10.0},{"not_picked":["Lockon","Creative AI"],"picked":"Conserve Battery","floor":14.0},{"not_picked":["Rainbow","Amplify"],"picked":"Reboot","floor":16.0},{"not_picked":["Steam","Tempest"],"picked":"Reinforced Body","floor":18.0},{"not_picked":["Redo","Stack"],"picked":"Sweeping Beam+1","floor":19.0},{"not_picked":["BootSequence","Darkness"],"picked":"Turbo+1","floor":22.0},{"not_picked":["Melter","Seek"],"picked":"Beam Cell","floor":23.0},{"not_picked":["Steam","Rebound+1"],"picked":"Gash","floor":27.0},{"not_picked":["Beam Cell+1","Redo"],"picked":"Fusion+1","floor":29.0},{"not_picked":["Rainbow","Electrodynamics"],"picked":"Buffer","floor":33.0},{"not_picked":["Capacitor+1","Gash+1"],"picked":"Sunder+1","floor":35.0},{"not_picked":["Beam Cell","Barrage+1","Genetic Algorithm+1"],"picked":"SKIP","floor":36.0},{"not_picked":["Genetic Algorithm","Storm"],"picked":"Leap+1","floor":38.0},{"not_picked":["Go for the Eyes","Streamline+1"],"picked":"Stack+1","floor":39},{"not_picked":["Darkness+1","Hologram","Doom and Gloom+1"],"picked":"SKIP","floor":40},{"not_picked":["Machine Learning","Steam+1"],"picked":"Auto Shields","floor":42},{"not_picked":["Streamline","Stack+1","Heatsinks"],"picked":"SKIP","floor":44},{"not_picked":["Blind","PanicButton"],"picked":"Finesse","floor":46},{"not_picked":["Barrage","Undo+1"],"picked":"Beam Cell","floor":48},{"not_picked":["Streamline+1","Stack","Beam Cell"],"picked":"SKIP","floor":54}],"player_experience":751055,"relics_obtained":[{"floor":6.0,"key":"MealTicket"},{"floor":8.0,"key":"Art of War"},{"floor":17.0,"key":"Bronze Scales"},{"floor":17.0,"key":"Pantograph"},{"floor":17.0,"key":"CaptainsWheel"},{"floor":23.0,"key":"Ancient Tea Set"},{"floor":26.0,"key":"Bottled Flame"},{"floor":29.0,"key":"Bag of Preparation"},{"floor":40,"key":"PreservedInsect"},{"floor":43,"key":"Cables"},{"floor":54,"key":"War Paint"}],"event_choices":[{"damage_healed":0.0,"max_hp_gain":5.0,"max_hp_loss":0.0,"gold_gain":0.0,"event_name":"Big Fish","player_choice":"Donut","floor":12.0,"gold_loss":0.0,"damage_taken":0.0},{"cards_removed":["Strike_B"],"damage_healed":0.0,"max_hp_gain":0.0,"max_hp_loss":0.0,"gold_gain":0.0,"event_name":"Purifier","player_choice":"Purged","floor":13.0,"gold_loss":0.0,"damage_taken":0.0},{"damage_healed":0.0,"max_hp_gain":0.0,"max_hp_loss":0.0,"gold_gain":0.0,"event_name":"Vampires","player_choice":"Ignored","floor":25.0,"gold_loss":0.0,"damage_taken":0.0},{"damage_healed":0,"gold_gain":0,"player_choice":"Memory 1","damage_taken":0,"max_hp_gain":0,"max_hp_loss":0,"event_name":"SensoryStone","floor":46,"gold_loss":0},{"damage_healed":0,"gold_gain":0,"player_choice":"Paid","damage_taken":0,"relics_obtained":["Red Mask"],"max_hp_gain":0,"max_hp_loss":0,"event_name":"Tomb of Lord Red Mask","floor":47,"gold_loss":16}],"is_beta":false,"boss_relics":[{"not_picked":["Fusion Hammer","Sozu"],"picked":"Calling Bell"},{"not_picked":["Black Star","SacredBark"],"picked":"SlaversCollar"}],"items_purged_floors":[11],"is_endless":false,"potions_floor_spawned":[3,6,8,16,18,22,27,29,38,39,42,54],"killed_by":"The Heart","ascension_level":4}}