{"host":"w7dhjqgqsib0c3vt","time":1614248958,"event":{"mods":["ATMod(°¢èªMod)","BaseMod","Dota2Spire","Minty Spire (QoL Compilation)","Replay The Spire","Shop Mod","Spicy Shops","StSLib","The Marked"],"gold_per_floor":[113,49,49,111,111,111,142,156,183,1,1,36,36,51,51,182,182,200,200,200,6,6,6,6,21,21,40,56,71,71,71,71,71,71],"floor_reached":33,"language":"ZHS","playtime":2635,"items_purged":[],"score":243,"play_id":"1fd944f6-acc6-4946-aaaa-402b93b07f5f","local_time":"20210225182918","is_ascension_mode":false,"campfire_choices":[{"data":"AT_Homeward","floor":6.0,"key":"SMITH"},{"data":"Replay:BasicMightCard","floor":15,"key":"SMITH"},{"data":"theMarked:Maelstrom","floor":23,"key":"SMITH"},{"floor":32,"key":"REST"}],"circlet_count":0,"master_deck":["theMarked:Strike","theMarked:Strike","theMarked:Strike","theMarked:Strike","theMarked:Defend","theMarked:Defend","theMarked:Defend","theMarked:SoldierOfQuellstein","AT_DrawKnifeCut+1","theMarked:Improvise+1","Poisoned Strike","Replay:BasicMightCard+1","theMarked:ResourceFulStrike","theMarked:ElectricStrings","theMarked:ShockingTouch","theMarked:Aftermath","Injury","theMarked:EnhanceMovement","theMarked:Abjuration","theMarked:Polarize","theMarked:WardOff","theMarked:Pokerface","theMarked:Maelstrom+1","theMarked:WastefulAttack","theMarked:Generate+1","theMarked:HeightenedSenses+1","theMarked:PowerFlow"],"relics":["theMarked:ArtifactOfAir","AT_ATBox","ReplayTheSpireMod:ShopPack","Ring of Peace","Ring of Fangs","Dota2Spire:PowerTreads","Dota2Spire:BladeMail","Golden Idol","Odd Mushroom","Ring of Chaos","MutagenicStrength","Replay:PocketPolymizer","Darkstone Periapt"],"acts_visited":["TheCity"],"potions_floor_usage":[25,28,28],"damage_taken":[{"damage":0.0,"enemies":"Small Slimes","floor":1.0,"turns":1.0},{"damage":18,"enemies":"Gremlin Nob","floor":7,"turns":5},{"damage":3,"enemies":"2 Louse","floor":8,"turns":2},{"damage":0,"enemies":"The Mushroom Lair","floor":12,"turns":2},{"damage":0,"enemies":"Jaw Worm","floor":14,"turns":3},{"damage":38,"enemies":"Fading Forest","floor":16,"turns":11},{"damage":11,"enemies":"Spheric Guardian","floor":18,"turns":4},{"damage":33,"enemies":"2 Thieves","floor":25,"turns":4},{"damage":6,"enemies":"Chosen and Byrds","floor":27,"turns":5},{"damage":5,"enemies":"Snake Plant","floor":28,"turns":4},{"damage":15,"enemies":"Cultist and Chosen","floor":29,"turns":5},{"damage":0,"enemies":"Centurion and Healer","floor":31,"turns":2},{"damage":50,"enemies":"Automaton","floor":33,"turns":6}],"seed_played":"-1974603229847832141","potions_obtained":[{"floor":12,"key":"Death Potion"},{"floor":25,"key":"Adrenaline Potion"},{"floor":27,"key":"Energy Potion"}],"is_trial":false,"path_per_floor":["M","$","?","?","?","R","E","M","T","$","?","?","$","M","R","B",null,"M","?","?","$","?","R","$","M","T","M","M","M","?","M","R","B"],"character_chosen":"THE_DEFAULT","items_purchased":["ReplayTheSpireMod:ShopPack","theMarked:ShockingTouch","theMarked:Aftermath","Replay:PocketPolymizer","theMarked:WardOff"],"campfire_rested":1,"item_purchase_floors":[2,10,10,21,21],"current_hp_per_floor":[72,72,72,72,72,72,54,51,51,51,51,51,51,51,51,23,72,61,61,61,61,61,61,61,28,28,22,17,2,2,2,23,0,0],"gold":71,"neow_bonus":"UPGRADE_CARD","is_daily":false,"chose_seed":false,"campfire_upgraded":3,"win_rate":0.0,"timestamp":1614248958,"path_taken":["M","$","?","?","?","R","E","M","T","?","?","?","$","M","R","BOSS","M","?","?","$","?","R","$","M","T","M","M","?","?","?","R","BOSS"],"items_purchased_type":["Relic","Card","Card","Relic","Card"],"build_version":"2020-12-22","purchased_purges":0,"victory":false,"max_hp_per_floor":[72,72,72,72,72,72,72,72,72,72,72,72,72,72,72,72,72,72,72,72,72,72,72,72,72,72,72,72,72,72,72,72,72,72],"card_choices":[{"not_picked":["theMarked:Standoff","theMarked:Heritage"],"picked":"theMarked:Improvise","floor":1.0},{"not_picked":["AT_FamilyPortrait","AT_BreakingExtremeWeapon"],"picked":"Poisoned Strike","floor":2.0},{"not_picked":["Replay:Parry","Chrysalis"],"picked":"Replay:BasicMightCard","floor":2.0},{"not_picked":["Metamorphosis","Replay:Sssssssssshield"],"picked":"AT_Homeward","floor":2.0},{"not_picked":["theMarked:Panic","theMarked:GodGivenPower"],"picked":"theMarked:ResourceFulStrike","floor":7},{"not_picked":["theMarked:DispelDoubt","theMarked:Memento"],"picked":"theMarked:ElectricStrings","floor":8},{"not_picked":["theMarked:TakeCover","theMarked:BanishingStrike"],"picked":"theMarked:EnhanceMovement","floor":12},{"not_picked":["theMarked:RepellingDischarge","theMarked:Parkour","theMarked:Electrify"],"picked":"SKIP","floor":14},{"not_picked":["theMarked:BindingBlade","theMarked:ThrowWeapon"],"picked":"theMarked:Abjuration","floor":16},{"not_picked":["theMarked:WastefulAttack","theMarked:ResourceFulStrike"],"picked":"theMarked:Polarize","floor":18},{"not_picked":["theMarked:ShockingTouch","theMarked:Memento"],"picked":"theMarked:WastefulAttack","floor":25},{"not_picked":["theMarked:Improvise","theMarked:EmpowerWeapon","theMarked:ChannelForce"],"picked":"SKIP","floor":27},{"not_picked":["theMarked:Heritage","theMarked:TheMission"],"picked":"theMarked:Generate+1","floor":28},{"not_picked":["theMarked:Determination","theMarked:Frustration+1"],"picked":"theMarked:HeightenedSenses+1","floor":29}],"player_experience":638877,"relics_obtained":[{"floor":3.0,"key":"Ring of Peace"},{"floor":3.0,"key":"Ring of Fangs"},{"floor":7,"key":"Dota2Spire:PowerTreads"},{"floor":9,"key":"Dota2Spire:BladeMail"},{"floor":12,"key":"Odd Mushroom"},{"floor":26,"key":"Darkstone Periapt"}],"event_choices":[{"damage_healed":0.0,"max_hp_gain":0.0,"max_hp_loss":0.0,"gold_gain":62.0,"event_name":"Golden Wing","player_choice":"Gained Gold","floor":4.0,"gold_loss":0.0,"damage_taken":0.0},{"damage_healed":0.0,"max_hp_gain":0.0,"max_hp_loss":0.0,"gold_gain":0.0,"event_name":"Living Wall","player_choice":"Grow","floor":5.0,"gold_loss":0.0,"damage_taken":0.0,"cards_upgraded":["theMarked:Improvise"]},{"damage_healed":0,"gold_gain":0,"player_choice":"Take Wound","damage_taken":0,"relics_obtained":["Golden Idol"],"max_hp_gain":0,"max_hp_loss":0,"event_name":"Golden Idol","floor":11,"gold_loss":0,"cards_obtained":["Injury"]},{"damage_healed":0,"gold_gain":0,"player_choice":"Fought Mushrooms","damage_taken":0,"max_hp_gain":0,"max_hp_loss":0,"event_name":"Mushrooms","floor":12,"gold_loss":0},{"damage_healed":0,"gold_gain":0,"player_choice":"Ignored","damage_taken":0,"max_hp_gain":0,"max_hp_loss":0,"event_name":"Ghosts","floor":19,"gold_loss":0},{"damage_healed":0,"gold_gain":0,"player_choice":"Inject Mutagens","damage_taken":0,"relics_obtained":["MutagenicStrength"],"max_hp_gain":0,"max_hp_loss":0,"event_name":"Drug Dealer","floor":20,"gold_loss":0},{"damage_healed":0,"gold_gain":0,"player_choice":"Read","damage_taken":0,"max_hp_gain":0,"max_hp_loss":0,"event_name":"The Library","floor":22,"gold_loss":0,"cards_obtained":["theMarked:Pokerface"]},{"cards_removed":["Sickly"],"damage_healed":0,"gold_gain":0,"player_choice":"Purged","damage_taken":0,"max_hp_gain":0,"max_hp_loss":0,"event_name":"Purifier","floor":30,"gold_loss":0}],"is_beta":false,"boss_relics":[{"not_picked":["Black Star","Runic Pyramid"],"picked":"Ring of Chaos"}],"items_purged_floors":[],"is_endless":false,"potions_floor_spawned":[12,25,27,31],"killed_by":"Automaton","ascension_level":0}}