{"host":"gmyk8bg94oizxlix","time":1614230433,"event":{"mods":["Aspiration","Bard","BaseMod","Beaked The Cultist","Better Third Choice","Colored Powertips","Conspire","Downfall","Energized Spire","GifTheSpireLib","Glutton Mod","Googly Eyes","Hermit","Hubris","Infinite Spire","Mad Scientist","Marisa????????","Minty Spire (QoL Compilation)","Quick Restart","Replay The Spire","Shade Mod","Spikes Relics","StSLib","Stuff the Spire","The Bladedancer","The Construct","The Cursed","The Disciple","The Druid","The Florist","The Forsaken","The Jungle","The Necromancer","The Poker Player","The Runesmith","The Sage","The Servant 0.9.4"],"gold_per_floor":[369,369,369,31,50,85,85,103,103,31,31,31,67,81,81,210,210,223,223,123,123,123,138,138,138,138,182,251,251,267,311,311,327,327,447,447,460,479,479,212,212,212],"floor_reached":41,"language":"ENG","playtime":7590,"items_purged":["TheCursedMod:Strike_TheCursed","TheCursedMod:Defend_TheCursed","TheCursedMod:Strike_TheCursed"],"score":460,"play_id":"ba259bde-ca93-4cdb-9f75-0ef0de375228","local_time":"20210225002033","is_ascension_mode":false,"campfire_choices":[{"floor":7.0,"key":"REST"},{"data":"TheCursedMod:Strike_TheCursed","floor":11.0,"key":"PURGE"},{"data":"TheCursedMod:Stretching","floor":15.0,"key":"SMITH"},{"floor":25,"key":"REST"},{"floor":29,"key":"REST"},{"floor":32,"key":"REST"},{"floor":34,"key":"REST"}],"circlet_count":0,"master_deck":["TheCursedMod:Strike_TheCursed","TheCursedMod:Defend_TheCursed","TheCursedMod:Defend_TheCursed","TheCursedMod:CursedWand","TheCursedMod:CleanUpWorkshop","TheCursedMod:Dregs","TheCursedMod:CursedBlade","Injury","TheCursedMod:HellfireBreathing","TheCursedMod:AshesToAshes","TheCursedMod:Stretching+1","TheCursedMod:DemonSword","TheCursedMod:WearCloak","TheCursedMod:HellsGateOpen","TheCursedMod:HellfireBreathing","TheCursedMod:Wield","TheCursedMod:VoidForm","TheCursedMod:SpitefulPlan","StuffTheSpire:DeathNote","TheCursedMod:FleshFromBone","TheCursedMod:AntiAging","beaked:BraceForImpact+1","TheCursedMod:ShockAndAwe"],"relics":["TheCursedMod:BlackMagic101","hubris:Icosahedron","Golden Idol","ClockworkSouvenir","infinitespire:Lychee Nut","Peace Pipe","hubris:OldNail","Darkstone Periapt","energizedSpire:NeverEndingSparkler","infinitespire:Joker Card","infinitespire:Eraser","Incense Burner","aspiration:BeakedSkillbook"],"acts_visited":["Exordium","TheCity","TheBeyond"],"potions_floor_usage":[27,27,27,30,35],"damage_taken":[{"damage":1.0,"enemies":"conspire:RoseBush","floor":1.0,"turns":5.0},{"damage":0.0,"enemies":"Small Slimes","floor":5.0,"turns":3.0},{"damage":20.0,"enemies":"Gremlin Nob","floor":6.0,"turns":5.0},{"damage":0.0,"enemies":"Jaw Worm","floor":8.0,"turns":3.0},{"damage":0.0,"enemies":"Replay:BlueRogue","floor":13.0,"turns":6.0},{"damage":0.0,"enemies":"Blue Slaver","floor":14.0,"turns":4.0},{"damage":5,"enemies":"Fading Forest","floor":16,"turns":11},{"damage":10,"enemies":"Shell Parasite","floor":18,"turns":4},{"damage":6,"enemies":"3 Byrds","floor":23,"turns":5},{"damage":23,"enemies":"Book of Stabbing","floor":27,"turns":7},{"damage":1,"enemies":"Cultist and Chosen","floor":30,"turns":5},{"damage":27,"enemies":"Slavers","floor":31,"turns":6},{"damage":19,"enemies":"Snecko","floor":33,"turns":5},{"damage":38,"enemies":"hubris:MusketHawk","floor":35,"turns":7},{"damage":18,"enemies":"3 Darklings","floor":37,"turns":5},{"damage":0,"enemies":"3 Shapes","floor":38,"turns":3},{"damage":24,"enemies":"infinitespire:Three Voidlings","floor":41,"turns":5},{"damage":55,"enemies":"Nightmare_Alpha","floor":41,"turns":6}],"seed_played":"-1872782626752776541","potions_obtained":[{"floor":6.0,"key":"Dexterity Potion"},{"floor":8.0,"key":"Dexterity Potion"},{"floor":14.0,"key":"bronze:BurnAndBuffPotion"},{"floor":27,"key":"Block Potion"},{"floor":33,"key":"Energy Potion"},{"floor":35,"key":"bronze:BurnAndBuffPotion"}],"is_trial":false,"path_per_floor":["M","?","?","$","M","E","R","M","T","$","R","?","E","M","R","B",null,"M","?","$","PTL","PTL","M","?","R","?","E","T","R","M","E","R","M","R","B",null,"M","M","?","$","?"],"character_chosen":"THE_CURSED","items_purchased":["TheCursedMod:HellfireBreathing","ClockworkSouvenir","TheCursedMod:AshesToAshes","TheCursedMod:HellsGateOpen","TheCursedMod:ShockAndAwe"],"campfire_rested":5,"item_purchase_floors":[4,4,4,10,40],"current_hp_per_floor":[53,53,53,53,53,33,49,54,54,54,54,47,53,56,56,55,56,49,29,29,29,29,29,29,45,45,28,28,44,49,28,44,31,47,15,56,43,48,48,48,0,0],"gold":212,"neow_bonus":"TWO_FIFTY_GOLD","is_daily":false,"chose_seed":false,"campfire_upgraded":1,"win_rate":0.0,"timestamp":1614230433,"path_taken":["M","?","?","$","M","E","R","M","T","$","R","?","E","M","R","BOSS","M","?","$","PTL","PTL","M","?","R","?","E","T","R","M","E","R","M","R","BOSS","M","M","?","$","?"],"items_purchased_type":["Card","Relic","Card","Card","Card"],"build_version":"2020-12-22","purchased_purges":3,"victory":false,"max_hp_per_floor":[75,75,75,75,75,56,56,56,56,56,56,56,56,56,56,56,56,56,56,56,56,56,56,56,56,56,56,56,56,56,56,56,56,56,56,56,58,58,58,58,62,62],"card_choices":[{"not_picked":["TheCursedMod:CursedArmor","TheCursedMod:RapidMovement"],"picked":"TheCursedMod:CursedBlade","floor":1.0},{"not_picked":["TheCursedMod:Mangle","TheCursedMod:Stigma"],"picked":"TheCursedMod:Stretching","floor":5.0},{"not_picked":["TheCursedMod:AntiAging","TheCursedMod:DoubleShield"],"picked":"TheCursedMod:DemonSword","floor":6.0},{"not_picked":["TheCursedMod:CursedShiv","TheCursedMod:CircleOfCorruption"],"picked":"TheCursedMod:WearCloak","floor":8.0},{"not_picked":["TheCursedMod:DemonSword","TheCursedMod:CircleOfAmplification"],"picked":"TheCursedMod:HellfireBreathing","floor":13.0},{"not_picked":["TheCursedMod:CircleOfBlood","TheCursedMod:CursedAmulet"],"picked":"TheCursedMod:Wield","floor":14.0},{"not_picked":["TheCursedMod:UltimatePain","TheCursedMod:OutForBlood"],"picked":"TheCursedMod:VoidForm","floor":16},{"not_picked":["TheCursedMod:VitalStrike","TheCursedMod:HellfireBreathing"],"picked":"TheCursedMod:SpitefulPlan","floor":18},{"not_picked":["TheCursedMod:CursedBlade","TheCursedMod:CircleOfFocus"],"picked":"TheCursedMod:FleshFromBone","floor":23},{"not_picked":["TheCursedMod:Wield","TheCursedMod:ForbiddenAlchemy","TheCursedMod:RavingStaff"],"picked":"SKIP","floor":27},{"not_picked":["TheCursedMod:Stigma","TheCursedMod:CircleOfFlame","TheCursedMod:CircleOfCorruption"],"picked":"SKIP","floor":30},{"not_picked":["TheCursedMod:CircleOfWindfury","TheCursedMod:DoubleShield","TheCursedMod:SoulReap"],"picked":"SKIP","floor":31},{"not_picked":["TheCursedMod:ReleasedStrength","TheCursedMod:TacticalStrike","TheCursedMod:CursedShiv"],"picked":"SKIP","floor":33},{"not_picked":["TheCursedMod:DemonicPact","TheCursedMod:StunningStrike"],"picked":"TheCursedMod:AntiAging","floor":35},{"not_picked":["beaked:Flinch+1","TheCursedMod:PrepareRite","beaked:Cower+1"],"picked":"beaked:BraceForImpact+1","floor":37},{"not_picked":["beaked:Pecker","TheCursedMod:CircleOfAmplification+1","beaked:WarriorEssence+1","TheCursedMod:CircleOfBlood"],"picked":"SKIP","floor":38}],"player_experience":906054,"relics_obtained":[{"floor":6.0,"key":"infinitespire:Lychee Nut"},{"floor":9.0,"key":"Peace Pipe"},{"floor":13.0,"key":"Darkstone Periapt"},{"floor":27,"key":"infinitespire:Joker Card"},{"floor":28,"key":"infinitespire:Eraser"},{"floor":31,"key":"Incense Burner"}],"event_choices":[{"damage_healed":0.0,"max_hp_gain":0.0,"max_hp_loss":0.0,"gold_gain":0.0,"event_name":"Golden Idol","player_choice":"Take Wound","floor":3.0,"gold_loss":0.0,"damage_taken":0.0,"relics_obtained":["Golden Idol"],"cards_obtained":["Injury"]},{"damage_healed":0.0,"max_hp_gain":0.0,"max_hp_loss":0.0,"gold_gain":0.0,"event_name":"betterThird:BetterScrap","player_choice":"Relic ","floor":12.0,"gold_loss":0.0,"damage_taken":7.0,"cards_obtained":["Bludgeon"]},{"damage_healed":0,"gold_gain":0,"player_choice":"Leave","damage_taken":0,"max_hp_gain":0,"max_hp_loss":0,"event_name":"conspire:Investor","floor":24,"gold_loss":0},{"cards_removed":["TheCursedMod:Defend_TheCursed"],"damage_healed":0,"gold_gain":0,"player_choice":"Removed Skill","damage_taken":0,"max_hp_gain":0,"max_hp_loss":0,"event_name":"Falling","floor":39,"gold_loss":0}],"is_beta":false,"boss_relics":[{"not_picked":["Honey Jar","Runic Pyramid"],"picked":"energizedSpire:NeverEndingSparkler"},{"not_picked":["hubris:RunicObelisk","Astrolabe"],"picked":"aspiration:BeakedSkillbook"}],"items_purged_floors":[4,20,40],"is_endless":false,"potions_floor_spawned":[6,8,14,16,18,27,33,35],"killed_by":"Nightmare_Alpha","ascension_level":0}}