{"host":"b8coxh3nmoxcbj3m","time":1614227239,"event":{"mods":["AchievementEnabler","BaseMod","Colored Map","Minty Spire (QoL Compilation)","StSLib","SuperFastMode"],"gold_per_floor":[112,112,112,187,211,211,246,246,246,132,132,150,170,17,17,17,17],"floor_reached":16,"language":"ZHS","playtime":502,"items_purged":["Eruption"],"score":98,"play_id":"476ad65a-4e77-4d01-9947-32fa6e28ff5e","local_time":"20210225122719","is_ascension_mode":false,"campfire_choices":[{"floor":6,"key":"RECALL"},{"floor":11,"key":"REST"},{"floor":15,"key":"REST"}],"circlet_count":0,"master_deck":["Strike_P","Strike_P","Strike_P","Strike_P","Defend_P","Defend_P","Defend_P","Defend_P","Vigilance","CarveReality","Tantrum","EmptyMind"],"relics":["PureWater","Golden Idol","Unceasing Top","Sling"],"acts_visited":["Exordium"],"potions_floor_usage":[16],"damage_taken":[{"damage":11,"enemies":"Small Slimes","floor":1,"turns":4},{"damage":2,"enemies":"2 Louse","floor":5,"turns":2},{"damage":49,"enemies":"Lagavulin","floor":7,"turns":5},{"damage":0,"enemies":"Jaw Worm","floor":12,"turns":1},{"damage":0,"enemies":"Large Slime","floor":13,"turns":3},{"damage":50,"enemies":"Hexaghost","floor":16,"turns":10}],"seed_played":"-5547828473652170692","potions_obtained":[{"floor":7,"key":"Dexterity Potion"},{"floor":12,"key":"PowerPotion"}],"is_trial":false,"path_per_floor":["M","?","?","?","M","R","E","$","T","$","R","M","M","$","R","B"],"character_chosen":"WATCHER","items_purchased":["EmptyMind","Sling"],"campfire_rested":2,"item_purchase_floors":[10,14],"current_hp_per_floor":[68,68,68,57,55,55,6,6,6,6,27,27,27,27,48,0,0],"gold":17,"neow_bonus":"TEN_PERCENT_HP_BONUS","is_daily":false,"chose_seed":false,"campfire_upgraded":0,"win_rate":0.0,"timestamp":1614227239,"path_taken":["M","?","?","?","M","R","E","?","T","$","R","?","M","$","R","BOSS"],"items_purchased_type":["Card","Relic"],"build_version":"2020-12-22","purchased_purges":1,"victory":false,"max_hp_per_floor":[79,73,73,73,73,73,73,73,73,73,73,73,73,73,73,73,73],"card_choices":[{"not_picked":["Halt","Pray","BowlingBash"],"picked":"SKIP","floor":1},{"not_picked":["Consecrate","Conclude"],"picked":"CarveReality","floor":5},{"not_picked":["Wallop","Study"],"picked":"Tantrum","floor":7},{"not_picked":["Adaptation","Protect","Crescendo"],"picked":"SKIP","floor":12},{"not_picked":["FlurryOfBlows","EmptyFist","ThirdEye"],"picked":"SKIP","floor":13}],"player_experience":39325,"relics_obtained":[{"floor":7,"key":"Unceasing Top"}],"event_choices":[{"damage_healed":0,"gold_gain":0,"player_choice":"Lose Max HP","damage_taken":0,"relics_obtained":["Golden Idol"],"max_hp_gain":0,"max_hp_loss":6,"event_name":"Golden Idol","floor":2,"gold_loss":0},{"damage_healed":0,"gold_gain":0,"player_choice":"Ignored","damage_taken":0,"max_hp_gain":0,"max_hp_loss":0,"event_name":"Shining Light","floor":3,"gold_loss":0},{"damage_healed":0,"gold_gain":75,"player_choice":"Gather Gold","damage_taken":11,"max_hp_gain":0,"max_hp_loss":0,"event_name":"World of Goop","floor":4,"gold_loss":0}],"is_beta":false,"boss_relics":[],"items_purged_floors":[10],"is_endless":false,"potions_floor_spawned":[7,12],"killed_by":"Hexaghost","ascension_level":0}}