{"host":"vrsxkkch9ccrec7k","time":1614235300,"event":{"mods":["Act Like it!","BaseMod","Bestiary","Better Altar","Better Match","Better Note","Better Sensory Stone","Better Skull","Better Third Choice","Better Vampires","Downfall","Minty Spire (QoL Compilation)","Permanent Neow","Relic Stats","Spicy Shops","StSLib"],"gold_per_floor":[99,111,111,131,161,191,191,207,8,24,24,24,53,72,90,165,165,165,176,195,207,222,222,271,290,310,340,240,269,280,295,315,391,391,391,402,422,440,39,39,39,71,171,191,31,66,20,37,48,48],"floor_reached":51,"language":"ENG","playtime":5510,"items_purged":[],"score":1439,"play_id":"d08b9ea2-314f-47ff-b35b-e48acff4710d","local_time":"20210225014140","is_ascension_mode":true,"campfire_choices":[{"data":"Guardian:TwinSlam","floor":1.0,"key":"SMITH"},{"data":"Guardian:CompilePackage","floor":12.0,"key":"SMITH"},{"data":"Guardian:Emergency","floor":18.0,"key":"SMITH"},{"data":"Guardian:TimeCapacitor","floor":23.0,"key":"SMITH"},{"data":"Guardian:Suspension","floor":28.0,"key":"SMITH"},{"floor":40.0,"key":"RECALL"}],"circlet_count":0,"master_deck":["AscendersBane","Guardian:Strike_Guardian","Guardian:Strike_Guardian","Guardian:Strike_Guardian","Guardian:Strike_Guardian","Guardian:Defend_Guardian","Guardian:Defend_Guardian","Guardian:Defend_Guardian","Guardian:Defend_Guardian","Guardian:CurlUp","Guardian:TwinSlam+1","Finesse","Guardian:EvasiveProtocol","Guardian:SpikerProtocol","Guardian:CompilePackage+1","Guardian:TemporalShield","Guardian:PiercingHide","Guardian:ChargeUp","Guardian:PolyBeam","Guardian:ShieldCharger","Guardian:Suspension+1","Guardian:Emergency+1","Guardian:SphericShield","Guardian:TimeCapacitor+1","Guardian:TemporalShield","Guardian:Planning+1","Guardian:Recover","Guardian:ShieldCharger","Guardian:ExploitGems","Guardian:TemporalStrike","Guardian:BronzeArmor","Guardian:FuturePlans","Guardian:RevengeProtocol","Guardian:ChargeUp","Guardian:TimeCapacitor","Guardian:Reroute","Guardian:CrystalBeam","Guardian:FierceBash","Guardian:ConstructionForm","Guardian:ChargeUp+1","Guardian:ArmoredProtocol"],"relics":["Guardian:ModeShifterPlus","Guardian:PickAxe","hexamod:BolsterEngine","Orichalcum","Bottled Lightning","Oddly Smooth Stone","Ice Cream","Bronze Scales","Matryoshka","downfall:HeartBlessingGreen","Tiny Chest","Guardian:StasisSlotReductionRelic","Bottled Tornado","bronze:DecasWashers","Gremlin Horn","Centennial Puzzle","Potion Belt","ClockworkSouvenir","Blue Candle","Guardian:BottledStasis","HandDrill"],"acts_visited":["Exordium","TheCity","TheBeyond"],"potions_floor_usage":[50,50,50],"damage_taken":[{"damage":7.0,"enemies":"Jaw Worm","floor":2.0,"turns":4.0},{"damage":3.0,"enemies":"Jaw Worm","floor":3.0,"turns":6.0},{"damage":12.0,"enemies":"2 Louse","floor":4.0,"turns":3.0},{"damage":12.0,"enemies":"Gremlin Nob","floor":6.0,"turns":5.0},{"damage":0.0,"enemies":"Cultist","floor":8.0,"turns":4.0},{"damage":0.0,"enemies":"downfall:FleeingMerchant","floor":9.0,"turns":4.0},{"damage":0.0,"enemies":"Blue Slaver","floor":10.0,"turns":3.0},{"damage":0.0,"enemies":"3 Sentries","floor":13.0,"turns":1.0},{"damage":0.0,"enemies":"Lots of Slimes","floor":14.0,"turns":4.0},{"damage":0.0,"enemies":"Gremlin Gang","floor":15.0,"turns":4.0},{"damage":21.0,"enemies":"WA_ARCHETYPE_RETAIN","floor":16.0,"turns":11.0},{"damage":0.0,"enemies":"downfall:LooterAlt2","floor":19.0,"turns":4.0},{"damage":0.0,"enemies":"Shell Parasite","floor":20.0,"turns":5.0},{"damage":5.0,"enemies":"Cultist and Chosen","floor":21.0,"turns":7.0},{"damage":0.0,"enemies":"Centurion and Healer","floor":22.0,"turns":9.0},{"damage":0.0,"enemies":"Shelled Parasite and Fungi","floor":25.0,"turns":3.0},{"damage":0.0,"enemies":"3 Cultists","floor":26.0,"turns":7.0},{"damage":0.0,"enemies":"Book of Stabbing","floor":27.0,"turns":5.0},{"damage":5.0,"enemies":"Slavers","floor":29.0,"turns":4.0},{"damage":0.0,"enemies":"Snecko","floor":30.0,"turns":6.0},{"damage":0.0,"enemies":"Snake Plant","floor":31.0,"turns":3.0},{"damage":0.0,"enemies":"Sentry and Sphere","floor":32.0,"turns":5.0},{"damage":0.0,"enemies":"SI_MIRROR_ARCHETYPE","floor":33.0,"turns":15.0},{"damage":0.0,"enemies":"3 Shapes","floor":36.0,"turns":1.0},{"damage":0.0,"enemies":"3 Darklings","floor":37.0,"turns":4.0},{"damage":6.0,"enemies":"Maw","floor":38.0,"turns":10.0},{"damage":0.0,"enemies":"downfall:FleeingMerchant","floor":39.0,"turns":4.0},{"damage":11.0,"enemies":"Nemesis","floor":42.0,"turns":13.0},{"damage":0.0,"enemies":"downfall:LadyInBlue","floor":43.0,"turns":11.0},{"damage":0.0,"enemies":"Spire Growth","floor":44.0,"turns":7.0},{"damage":0.0,"enemies":"downfall:FleeingMerchant","floor":45.0,"turns":4.0},{"damage":0.0,"enemies":"Reptomancer","floor":46.0,"turns":6.0},{"damage":0.0,"enemies":"downfall:FleeingMerchant","floor":47.0,"turns":2.0},{"damage":0,"enemies":"Sphere and 2 Shapes","floor":48,"turns":4},{"damage":0,"enemies":"Maw","floor":49,"turns":8},{"damage":11,"enemies":"DF_ARCHETYPE_ORBS","floor":50,"turns":11}],"seed_played":"5032561352382180995","potions_obtained":[{"floor":2.0,"key":"PowerPotion"},{"floor":4.0,"key":"SteroidPotion"},{"floor":8.0,"key":"PowerPotion"},{"floor":10.0,"key":"PowerPotion"},{"floor":13.0,"key":"Block Potion"},{"floor":16.0,"key":"Guardian:StasisDiscoveryPotion"},{"floor":19.0,"key":"SkillPotion"},{"floor":27.0,"key":"FearPotion"},{"floor":29.0,"key":"Fruit Juice"},{"floor":43.0,"key":"CultistPotion"},{"floor":43.0,"key":"SteroidPotion"},{"floor":43.0,"key":"Dexterity Potion"},{"floor":44.0,"key":"Guardian:BlockOnCardUsePotion"},{"floor":46.0,"key":"bronze:BurnAndBuffPotion"}],"is_trial":false,"path_per_floor":["R","M","?","M","?","E","T","M","$","M","?","R","E","M","M","B",null,"R","M","M","M","M","R","T","M","M","E","R","E","M","M","M","B",null,"R","M","M","M","$","R","T","E","?","M","$","E","$","M","M","B",null],"character_chosen":"GUARDIAN","items_purchased":["Oddly Smooth Stone","Guardian:ChargeUp","Bottled Tornado","Guardian:TimeCapacitor","ClockworkSouvenir","Guardian:BottledStasis","HandDrill","PowerPotion","Guardian:ArmoredProtocol"],"campfire_rested":0,"item_purchase_floors":[9,9,39,39,45,47,47,47,47],"current_hp_per_floor":[72,65,56,44,44,32,32,32,32,32,80,80,80,80,80,59,75,75,75,75,70,70,70,70,70,70,70,70,65,65,65,65,65,76,76,76,76,70,70,70,70,59,59,64,64,64,64,64,64,53],"gold":48,"neow_bonus":"RANDOM_COLORLESS","is_daily":false,"chose_seed":false,"campfire_upgraded":5,"win_rate":0.0,"timestamp":1614235300,"path_taken":["R","M","?","M","?","E","T","M","$","?","?","R","E","?","M","BOSS","R","M","M","M","M","R","T","M","?","E","R","E","M","?","M","BOSS","R","M","M","M","$","R","T","E","?","M","$","E","?","M","M","BOSS"],"items_purchased_type":["Relic","Card","Relic","Card","Relic","Relic","Relic","Potion","Card"],"build_version":"2020-12-22","purchased_purges":0,"victory":true,"max_hp_per_floor":[80,80,80,80,80,80,80,80,80,80,80,80,80,80,80,80,80,80,80,80,80,80,80,80,80,80,80,80,80,80,80,80,80,80,80,80,80,80,80,80,80,80,80,85,85,85,85,85,85,85],"relic_stats":{"Centennial Puzzle":[3],"Gremlin Horn":[6,6],"counters":[36,206],"Bronze Scales":[354],"Blue Candle":[0],"Tiny Chest":0,"HandDrill":[18],"Orichalcum":[12],"obtain_stats":[{"Ice Cream":13,"Potion Belt":43,"Guardian:BottledStasis":47,"Guardian:StasisSlotReductionRelic":34,"Guardian:ModeShifterPlus":17,"Gremlin Horn":41,"bronze:DecasWashers":41,"Blue Candle":46,"Guardian:ModeShifter":0,"Oddly Smooth Stone":9,"downfall:HeartBlessingGreen":28,"Orichalcum":6,"Bottled Tornado":39,"ClockworkSouvenir":45,"Guardian:PickAxe":3,"Centennial Puzzle":42,"Matryoshka":27,"Bronze Scales":24,"Tiny Chest":29,"HandDrill":47,"Bottled Lightning":7,"hexamod:BolsterEngine":5},{"Ice Cream":8,"Potion Belt":29,"Guardian:BottledStasis":33,"Guardian:StasisSlotReductionRelic":23,"Guardian:ModeShifterPlus":11,"Gremlin Horn":27,"bronze:DecasWashers":27,"Blue Candle":32,"Guardian:ModeShifter":0,"Oddly Smooth Stone":6,"downfall:HeartBlessingGreen":18,"Orichalcum":4,"Bottled Tornado":27,"ClockworkSouvenir":31,"Guardian:PickAxe":2,"Centennial Puzzle":28,"Matryoshka":18,"Bronze Scales":15,"Tiny Chest":19,"HandDrill":33,"Bottled Lightning":4,"hexamod:BolsterEngine":3},{"Ice Cream":29,"Potion Belt":164,"Guardian:BottledStasis":183,"Guardian:StasisSlotReductionRelic":121,"Guardian:ModeShifterPlus":48,"Gremlin Horn":140,"bronze:DecasWashers":140,"Blue Candle":181,"Guardian:ModeShifter":0,"Oddly Smooth Stone":25,"downfall:HeartBlessingGreen":88,"Orichalcum":18,"Bottled Tornado":140,"ClockworkSouvenir":175,"Guardian:PickAxe":10,"Centennial Puzzle":153,"Matryoshka":88,"Bronze Scales":73,"Tiny Chest":92,"HandDrill":183,"Bottled Lightning":18,"hexamod:BolsterEngine":13}]},"card_choices":[{"not_picked":["Trip","Good Instincts"],"picked":"Finesse","floor":0.0},{"not_picked":["Guardian:VentSteam","Guardian:Gem_Green"],"picked":"Guardian:EvasiveProtocol","floor":2.0},{"not_picked":["Guardian:Gem_Red","Guardian:Suspension"],"picked":"Guardian:SpikerProtocol","floor":4.0},{"not_picked":["Guardian:Suspension","Guardian:SentryBeam"],"picked":"Guardian:CompilePackage","floor":6.0},{"not_picked":["Guardian:Gem_Green","Guardian:ShieldSpikes"],"picked":"Guardian:TemporalShield","floor":8.0},{"not_picked":["Guardian:GemFire","Guardian:Recover"],"picked":"Guardian:PiercingHide","floor":9.0},{"not_picked":["Guardian:Clone","Guardian:Gem_Red"],"picked":"Guardian:PolyBeam","floor":10.0},{"not_picked":["Guardian:Gem_Red","Guardian:Gem_Purple"],"picked":"Guardian:ShieldCharger","floor":13.0},{"not_picked":["Guardian:ShieldCharger","Guardian:Gem_Red"],"picked":"Guardian:Suspension","floor":14.0},{"not_picked":["Guardian:EvasiveProtocol","Guardian:Gem_Purple"],"picked":"Guardian:Emergency","floor":15.0},{"not_picked":["Guardian:GemFinder","Guardian:GatlingBeam"],"picked":"Guardian:SphericShield","floor":16.0},{"not_picked":["Guardian:ShieldCharger","Guardian:ShieldSpikes"],"picked":"Guardian:TimeCapacitor","floor":19.0},{"not_picked":["Guardian:WalkerClaw","Guardian:Emergency"],"picked":"Guardian:TemporalShield","floor":20.0},{"not_picked":["Guardian:SpikerProtocol","Guardian:WalkerClaw"],"picked":"Guardian:Planning+1","floor":21.0},{"not_picked":["Guardian:GemFinder","Guardian:Gem_Lightblue"],"picked":"Guardian:Recover","floor":22.0},{"not_picked":["Guardian:ChargeCore","Guardian:Gem_Purple"],"picked":"Guardian:ShieldCharger","floor":25.0},{"not_picked":["Guardian:Incinerate","Guardian:Preprogram"],"picked":"Guardian:Gem_Green","floor":26.0},{"not_picked":["Guardian:TimeCapacitor","Guardian:Gem_Green"],"picked":"Guardian:ExploitGems","floor":27.0},{"not_picked":["Guardian:TemporalShield","Guardian:PrimingBeam","Guardian:Reroute"],"picked":"SKIP","floor":29.0},{"not_picked":["Guardian:Gem_Red","Guardian:Gem_Blue"],"picked":"Guardian:TemporalStrike","floor":30.0},{"not_picked":["Guardian:WalkerClaw","Guardian:ChargeUp"],"picked":"Guardian:BronzeArmor","floor":31.0},{"not_picked":["Guardian:GatlingBeam","Guardian:ChargeCore"],"picked":"Guardian:FuturePlans","floor":32.0},{"not_picked":["Guardian:Gem_Synthetic","Guardian:SphericShield"],"picked":"Guardian:RevengeProtocol","floor":33.0},{"not_picked":["Guardian:PrismaticBarrier","Guardian:Gem_Cyan"],"picked":"Guardian:ChargeUp","floor":36.0},{"not_picked":["Guardian:VentSteam","Guardian:RollAttack","Guardian:PrimingBeam"],"picked":"SKIP","floor":37.0},{"not_picked":["Guardian:ChargeCore+1","Guardian:Harden"],"picked":"Guardian:Gem_Red","floor":38.0},{"not_picked":["Guardian:VentSteam","Guardian:EvasiveProtocol"],"picked":"Guardian:Gem_White","floor":39.0},{"not_picked":["Guardian:PolyBeam","Guardian:VentSteam+1"],"picked":"Guardian:Reroute","floor":42.0},{"not_picked":["Guardian:ArmoredProtocol","Guardian:Gem_Yellow"],"picked":"Guardian:CrystalBeam","floor":43.0},{"not_picked":["Guardian:ChargeCore+1","Guardian:Repulse","Guardian:PolyBeam"],"picked":"SKIP","floor":44.0},{"not_picked":["Guardian:Gem_Lightblue","Guardian:TemporalShield"],"picked":"Guardian:FierceBash","floor":45.0},{"not_picked":["Guardian:TemporalShield","Guardian:DonusPower+1"],"picked":"Guardian:ConstructionForm","floor":46.0},{"not_picked":["Guardian:VentSteam","Guardian:Preprogram"],"picked":"Guardian:ChargeUp+1","floor":47.0},{"not_picked":["Guardian:ChargeUp","Guardian:Gem_Cyan","Guardian:Suspension+1"],"picked":"SKIP","floor":48},{"not_picked":["Guardian:VentSteam+1","Guardian:PrimingBeam","Guardian:Suspension+1"],"picked":"SKIP","floor":49}],"player_experience":2027518,"relics_obtained":[{"floor":6.0,"key":"Orichalcum"},{"floor":7.0,"key":"Bottled Lightning"},{"floor":13.0,"key":"Ice Cream"},{"floor":24.0,"key":"Bronze Scales"},{"floor":27.0,"key":"Matryoshka"},{"floor":29.0,"key":"Tiny Chest"},{"floor":41.0,"key":"bronze:DecasWashers"},{"floor":41.0,"key":"Gremlin Horn"},{"floor":42.0,"key":"Centennial Puzzle"},{"floor":43.0,"key":"Potion Belt"},{"floor":46.0,"key":"Blue Candle"}],"event_choices":[{"damage_healed":48.0,"max_hp_gain":0.0,"max_hp_loss":0.0,"gold_gain":0.0,"event_name":"Wheel of Change","player_choice":"Full Heal","floor":11.0,"gold_loss":0.0,"damage_taken":0.0}],"is_beta":false,"boss_relics":[{"not_picked":["Velvet Choker","Coffee Dripper"],"picked":"Guardian:ModeShifterPlus"},{"not_picked":["bronze:MakeshiftBattery","Sozu"],"picked":"Guardian:StasisSlotReductionRelic"}],"items_purged_floors":[],"is_endless":false,"potions_floor_spawned":[2,4,8,10,13,16,19,22,27,29,44,46,48,49],"ascension_level":13}}