{"host":"t5vp0whyqzs05fb6","time":1614253531,"event":{"mods":["AchievementEnabler","BaseMod","Colored Map","Minty Spire (QoL Compilation)","Rare Cards Sparkle","SuperFastMode","everything is the same but u backflip on backflip"],"gold_per_floor":[112,112,123,137,153,153,164,164,164,178,7,82,109,71,71,71,71],"floor_reached":16,"language":"KOR","playtime":354,"items_purged":["Strike_R"],"score":92,"play_id":"e702c963-60d3-4349-99c3-8a0193a8d445","local_time":"20210225204531","is_ascension_mode":false,"campfire_choices":[{"data":"Searing Blow","floor":6,"key":"SMITH"},{"data":"Searing Blow+1","floor":8,"key":"SMITH"},{"data":"Searing Blow+2","floor":15,"key":"SMITH"}],"circlet_count":0,"master_deck":["Strike_R","Strike_R","Strike_R","Strike_R","Defend_R","Defend_R","Defend_R","Defend_R","Bash","Shrug It Off","Power Through","Searing Blow+3","Flame Barrier","Clothesline","Havoc"],"relics":["Burning Blood","Pantograph","Membership Card","Odd Mushroom"],"acts_visited":["Exordium"],"potions_floor_usage":[7,16],"damage_taken":[{"damage":14,"enemies":"Jaw Worm","floor":1,"turns":4},{"damage":6,"enemies":"Cultist","floor":3,"turns":3},{"damage":6,"enemies":"2 Louse","floor":4,"turns":2},{"damage":25,"enemies":"Large Slime","floor":5,"turns":10},{"damage":3,"enemies":"3 Louse","floor":7,"turns":2},{"damage":10,"enemies":"Looter","floor":10,"turns":3},{"damage":29,"enemies":"The Mushroom Lair","floor":13,"turns":6},{"damage":60,"enemies":"Hexaghost","floor":16,"turns":13}],"seed_played":"493234131279145943","potions_obtained":[{"floor":3,"key":"Explosive Potion"},{"floor":13,"key":"BloodPotion"}],"is_trial":false,"path_per_floor":["M","?","M","M","M","R","M","R","T","M","$","?","?","$","R","B"],"character_chosen":"IRONCLAD","items_purchased":["Membership Card","Clothesline"],"campfire_rested":0,"item_purchase_floors":[11,11],"current_hp_per_floor":[80,72,72,72,53,53,56,56,56,52,52,41,18,18,18,0,0],"gold":71,"neow_bonus":"TEN_PERCENT_HP_BONUS","is_daily":false,"chose_seed":false,"campfire_upgraded":3,"win_rate":0.0,"timestamp":1614253531,"path_taken":["M","?","?","M","M","R","M","R","T","M","$","?","?","$","R","BOSS"],"items_purchased_type":["Relic","Card"],"build_version":"2020-12-22","purchased_purges":1,"victory":false,"max_hp_per_floor":[88,88,88,88,88,88,88,88,88,88,88,88,88,88,88,88,88],"card_choices":[{"not_picked":["Sword Boomerang","Pommel Strike"],"picked":"Shrug It Off","floor":1},{"not_picked":["Body Slam","Dual Wield","Pummel"],"picked":"SKIP","floor":3},{"not_picked":["Sword Boomerang","Inflame"],"picked":"Power Through","floor":4},{"not_picked":["Rampage","Twin Strike"],"picked":"Searing Blow","floor":5},{"not_picked":["Heavy Blade","Perfected Strike"],"picked":"Flame Barrier","floor":7},{"not_picked":["Infernal Blade","Iron Wave","Pommel Strike"],"picked":"SKIP","floor":10},{"not_picked":["Sever Soul","Metallicize"],"picked":"Havoc","floor":13}],"player_experience":244595,"relics_obtained":[{"floor":9,"key":"Pantograph"},{"floor":13,"key":"Odd Mushroom"}],"event_choices":[{"damage_healed":0,"gold_gain":0,"player_choice":"Damaged","damage_taken":8,"max_hp_gain":0,"max_hp_loss":0,"event_name":"Wheel of Change","floor":2,"gold_loss":0},{"damage_healed":0,"gold_gain":75,"player_choice":"Gather Gold","damage_taken":11,"max_hp_gain":0,"max_hp_loss":0,"event_name":"World of Goop","floor":12,"gold_loss":0},{"damage_healed":0,"gold_gain":0,"player_choice":"Fought Mushrooms","damage_taken":0,"max_hp_gain":0,"max_hp_loss":0,"event_name":"Mushrooms","floor":13,"gold_loss":0}],"is_beta":false,"boss_relics":[],"items_purged_floors":[14],"is_endless":false,"potions_floor_spawned":[3,13],"killed_by":"Hexaghost","ascension_level":0}}