{"host":"1lxw72ckkilnkgp7","time":1614247604,"event":{"mods":["ATMod(阿瑾Mod)","BaseMod","BetterRewards","Custom Start","Marisa（F雨　魔理沙）","Minty Spire (QoL Compilation)","Quick Restart","Replay The Spire","Shop Mod","StSLib","The Servant 0.9.4","[功能]功能增强和修复MOD"],"gold_per_floor":[155,140,184,197,247,247,307,307,307,327,356,371,371,371,371,721,721,765,765,760,800,800,831,826,826,895,951,951,1004,1089,1136,1136,1496,1496,1548,1321,1362,1407,1450,1523,1523,1574,1574,1627,554,642,676,764,764,814,814,814,21,77,187],"floor_reached":56,"language":"ZHS","playtime":1963,"items_purged":["Defend_P","Defend_P","Strike_P","Defend_P","Strike_P","Strike_P","Defend_P","Strike_P","BowlingBash","Eruption","HandOfGreedSenior"],"score":3157,"play_id":"cfe06a77-915c-4f0a-9727-23810d3977bb","local_time":"20210225180644","is_ascension_mode":true,"campfire_choices":[{"data":"TalkToTheHand","floor":6,"key":"SMITH"},{"data":"Apotheosis","floor":6,"key":"SMITH"},{"data":"Scrawl","floor":8,"key":"SMITH"},{"data":"AT_FamilyPortrait","floor":8,"key":"SMITH"},{"data":"ClearTheMind","floor":13,"key":"SMITH"},{"data":"Crescendo","floor":13,"key":"SMITH"},{"data":"Evaluate","floor":15,"key":"SMITH"},{"data":"Adaptation","floor":15,"key":"SMITH"},{"data":"MentalFortress","floor":25,"key":"SMITH"},{"data":"Fasting2","floor":25,"key":"SMITH"},{"floor":28,"key":"RECALL"},{"data":"Vault","floor":32,"key":"SMITH"},{"data":"AT_ChampionStep","floor":32,"key":"SMITH"},{"data":"Wallop","floor":41,"key":"SMITH"},{"data":"DevaForm","floor":41,"key":"SMITH"},{"data":"TalkToTheHand","floor":49,"key":"SMITH"},{"data":"DevaForm","floor":49,"key":"SMITH"},{"floor":52,"key":"REST"}],"circlet_count":0,"master_deck":["Vigilance+1","AT_FamilyPortrait+1","Apotheosis+1","TalkToTheHand+1","Fasting2+1","FlurryOfBlows","Adaptation+1","Scrawl+1","AT_ChampionStep+1","Consecrate","Wallop+1","FlurryOfBlows","Evaluate+1","DevaForm+1","ClearTheMind+1","Crescendo+1","DevaForm+1","DeusExMachina+1","Vault+1","FearNoEvil","MentalFortress+1","Omniscience+1","Indignation+1","Vault+1","TalkToTheHand+1","AT_DivineConfetti+1","AT_DivineConfetti+1"],"relics":["PureWater","AT_ATBox","Vajra","Replay:Arrowhead","Membership Card","HornCleat","Letter Opener","TheAbacus","AT_BellDemon","PreservedInsect","ClockworkSouvenir","Bird Faced Urn","Replay:Accelerometer","AT_SunfireAegis","Torii","Replay:Purple Gloves","AT_LudenTempest","Counterbalance","AT_SilvercatRing","Prayer Wheel","Matryoshka","GoldenEye","Blood Vial","FossilizedHelix","Pocketwatch","InkBottle","Replay:Bronze Core","Centennial Puzzle","MutagenicStrength","Juzu Bracelet","AT_BladeRuinedKing","Replay:Bandana","Happy Flower","Orrery","AT_ChloranthyRing","The Courier","Garlic","Boot","Replay:Mystery Machine","War Paint","Omamori","Oddly Smooth Stone","Singing Bowl","AT_SeraphEmbrace","SlaversCollar","Replay:WaspNest","Sundial","Akabeko","TungstenRod","Mummified Hand","Bronze Scales","White Beast Statue","Turnip","Mirror","Anchor","AT_ImmortalShieldbow","AT_SpeedBoots","Darkstone Periapt","AT_GoldPhoenixTree","Du-Vu Doll","AT_DeathDance","Nunchaku","TeardropLocket","Strawberry","Frozen Egg 2","Toxic Egg 2","ReplayTheSpireMod:Ninjato","Dream Catcher","Bag of Preparation","AT_Kusabimaru","Golden Egg","Meat on the Bone","CloakClasp","Bag of Marbles","Replay:Kaleidoscope","Smiling Mask","StrikeDummy","CatCart","ReplayTheSpireMod:TigerMarble","Lantern","AT_RedTearstoneRing","Replay:Baseball","Kunai","Ornamental Fan","Bottled Lightning","Gremlin Horn","ReplayFunnel","Snack Pack","Lizard Tail","Toolbox","Replay:Ringing Soul"],"acts_visited":["Exordium","TheCity","TheBeyond","TheEnding"],"potions_floor_usage":[23,55],"damage_taken":[{"damage":0.0,"enemies":"Small Slimes","floor":1.0,"turns":2.0},{"damage":0,"enemies":"Jaw Worm","floor":3,"turns":1},{"damage":0,"enemies":"2 Louse","floor":4,"turns":1},{"damage":0,"enemies":"Looter","floor":5,"turns":1},{"damage":0,"enemies":"Gremlin Nob","floor":7,"turns":2},{"damage":0,"enemies":"Large Slime","floor":10,"turns":4},{"damage":0,"enemies":"Replay:BlueRogue","floor":11,"turns":1},{"damage":0,"enemies":"2 Fungi Beasts","floor":12,"turns":2},{"damage":0,"enemies":"Fading Forest","floor":16,"turns":3},{"damage":0,"enemies":"3 Byrds","floor":18,"turns":2},{"damage":14,"enemies":"Shell Parasite","floor":21,"turns":2},{"damage":0,"enemies":"Book of Stabbing","floor":23,"turns":1},{"damage":0,"enemies":"Slavers","floor":27,"turns":3},{"damage":0,"enemies":"Gremlin Leader","floor":29,"turns":1},{"damage":0,"enemies":"Centurion and Healer","floor":30,"turns":1},{"damage":0,"enemies":"Snecko","floor":31,"turns":3},{"damage":0,"enemies":"Collector","floor":33,"turns":1},{"damage":0,"enemies":"Orb Walker","floor":35,"turns":1},{"damage":0,"enemies":"3 Shapes","floor":37,"turns":1},{"damage":0,"enemies":"Writhing Mass","floor":38,"turns":2},{"damage":0,"enemies":"Maw","floor":39,"turns":3},{"damage":0,"enemies":"Giant Head","floor":40,"turns":3},{"damage":0,"enemies":"R_Hoarder","floor":42,"turns":2},{"damage":0,"enemies":"Reptomancer","floor":44,"turns":2},{"damage":0,"enemies":"2 Orb Walkers","floor":46,"turns":2},{"damage":0,"enemies":"Jaw Worm Horde","floor":47,"turns":2},{"damage":0,"enemies":"Orin","floor":48,"turns":2},{"damage":0,"enemies":"Donu and Deca","floor":50,"turns":1},{"damage":0,"enemies":"Shield and Spear","floor":54,"turns":1},{"damage":0,"enemies":"The Heart","floor":55,"turns":3}],"seed_played":"-6018806405571586195","potions_obtained":[{"floor":4,"key":"StancePotion"},{"floor":5,"key":"Toxic Potion"},{"floor":5,"key":"StancePotion"},{"floor":11,"key":"GamblersBrew"},{"floor":29,"key":"Strength Potion"},{"floor":39,"key":"Elixir"},{"floor":47,"key":"DuplicationPotion"}],"is_trial":false,"path_per_floor":["M","$","M","M","M","R","E","R","T","M","E","M","R","?","R","B",null,"M","?","$","M","?","E","$","R","T","E","R","E","M","M","R","B",null,"M","$","M","M","M","E","R","E","T","E","$","?","M","?","R","B",null,"R","$","E","B",null],"character_chosen":"WATCHER","items_purchased":["Vajra","Replay:Arrowhead","HandOfGreedSenior","Membership Card","HornCleat","Apotheosis","BowlingBash","Letter Opener","TalkToTheHand","Fasting2","TheAbacus","AT_BellDemon","FlurryOfBlows","PreservedInsect","Adaptation","ClockworkSouvenir","Scrawl","AT_ChampionStep","Wallop","AT_SunfireAegis","Torii","FlurryOfBlows","FearNoEvil","MentalFortress","Happy Flower","Orrery","Sundial","Akabeko","TungstenRod","Mummified Hand","AT_DeathDance","Nunchaku","TeardropLocket","Strawberry","Frozen Egg 2","Toxic Egg 2","ReplayTheSpireMod:Ninjato","Dream Catcher","Bag of Preparation","AT_Kusabimaru","Golden Egg","Meat on the Bone","CloakClasp","Bag of Marbles","ReplayTheSpireMod:TigerMarble","AT_DivineConfetti+1","Lantern","AT_RedTearstoneRing","Replay:Baseball","Kunai","Ornamental Fan","Bottled Lightning","Gremlin Horn","ReplayFunnel","Snack Pack","Lizard Tail","Toolbox"],"campfire_rested":1,"item_purchase_floors":[0,0,0,0,0,0,0,0,0,0,0,0,0,0,0,0,0,0,2,2,2,2,20,20,24,24,36,36,36,36,45,45,45,45,45,45,45,45,45,45,45,45,45,45,53,53,53,53,53,53,53,53,53,53,53,53,53],"current_hp_per_floor":[69,69,69,72,72,72,72,72,72,72,72,72,72,77,77,77,77,77,77,77,65,65,71,71,71,71,77,77,77,77,77,77,85,85,91,91,97,103,109,111,111,113,113,115,122,122,128,130,130,130,130,132,132,134,134],"gold":187,"neow_bonus":"","is_daily":false,"chose_seed":false,"campfire_upgraded":16,"win_rate":0.0,"timestamp":1614247604,"path_taken":["M","$","M","M","M","R","E","R","T","M","E","M","R","?","R","BOSS","M","?","$","M","?","E","$","R","T","E","R","E","M","M","R","BOSS","M","$","M","M","M","E","R","E","T","E","$","?","M","?","R","BOSS","R","$","E","BOSS"],"items_purchased_type":["Relic","Relic","Card","Relic","Relic","Card","Card","Relic","Card","Card","Relic","Relic","Card","Relic","Card","Relic","Card","Card","Card","Relic","Relic","Card","Card","Card","Relic","Relic","Relic","Relic","Relic","Relic","Relic","Relic","Relic","Relic","Relic","Relic","Relic","Relic","Relic","Relic","Relic","Relic","Relic","Relic","Relic","Card","Relic","Relic","Relic","Relic","Relic","Relic","Relic","Relic","Relic","Relic","Relic"],"build_version":"2020-12-22","purchased_purges":11,"victory":true,"max_hp_per_floor":[72,72,72,72,72,72,72,72,72,72,72,72,72,77,77,77,77,77,77,77,77,77,77,77,77,77,77,77,77,77,77,77,85,85,91,91,97,103,109,111,111,113,113,115,122,122,128,130,130,130,130,132,132,134,134],"card_choices":[{"not_picked":["EmptyFist","ThirdEye"],"picked":"Consecrate","floor":1},{"not_picked":["Halt","Replay:AtTheReady"],"picked":"Evaluate","floor":3},{"not_picked":["Wireheading","Replay:Anticipation","ThirdEye"],"picked":"SKIP","floor":3},{"not_picked":["Replay:AtTheReady","Replay:ManipulateFuture"],"picked":"DevaForm","floor":4},{"not_picked":["Nirvana","WreathOfFlame","SashWhip"],"picked":"SKIP","floor":4},{"not_picked":["Halt","Indignation"],"picked":"ClearTheMind","floor":5},{"not_picked":["Conclude","Protect"],"picked":"Crescendo","floor":5},{"not_picked":["Halt","Study","Consecrate"],"picked":"SKIP","floor":7},{"not_picked":["ForeignInfluence","AT_DivineConfetti","SashWhip"],"picked":"SKIP","floor":10},{"not_picked":["Pray","WindmillStrike","FlyingSleeves"],"picked":"SKIP","floor":10},{"not_picked":["CrushJoints","FollowUp","SashWhip"],"picked":"SKIP","floor":10},{"not_picked":["FollowUp","BowlingBash","Prostrate"],"picked":"SKIP","floor":11},{"not_picked":["CrushJoints","ClearTheMind","Crescendo"],"picked":"SKIP","floor":12},{"not_picked":["Halt","AT_RealFormLess","Wireheading"],"picked":"SKIP","floor":12},{"not_picked":["Worship","WreathOfFlame","Evaluate"],"picked":"SKIP","floor":12},{"not_picked":["SpiritShield","Brilliance"],"picked":"DevaForm","floor":16},{"not_picked":["AT_IrregularMenstruation","Replay:AllIn"],"picked":"DeusExMachina","floor":16},{"not_picked":["Replay:LoomingThreat","Brilliance"],"picked":"Vault","floor":16},{"not_picked":["Replay:BluntJabs","FlurryOfBlows+1","Wireheading+1"],"picked":"SKIP","floor":18},{"not_picked":["Wireheading","ThirdEye+1","JustLucky+1"],"picked":"SKIP","floor":18},{"not_picked":["FlurryOfBlows","Evaluate","Protect"],"picked":"SKIP","floor":18},{"not_picked":["EmptyFist","ForeignInfluence","FearNoEvil"],"picked":"SKIP","floor":21},{"not_picked":["Replay:Anticipation+1","Replay:Cycle+1","SashWhip"],"picked":"SKIP","floor":21},{"not_picked":["CrushJoints","LikeWater+1","EmptyFist"],"picked":"SKIP","floor":21},{"not_picked":["Fasting2+1","Replay:DivineShield","SandsOfTime"],"picked":"SKIP","floor":23},{"not_picked":["ThirdEye","ForeignInfluence"],"picked":"Omniscience","floor":24},{"not_picked":["Evaluate+1","Meditate"],"picked":"Indignation","floor":24},{"not_picked":["SashWhip+1","Protect+1","Wireheading"],"picked":"SKIP","floor":27},{"not_picked":["BattleHymn","AT_RealFormLess","Replay:Hum"],"picked":"SKIP","floor":29},{"not_picked":["SashWhip","CrushJoints"],"picked":"Vault","floor":30},{"not_picked":["SandsOfTime","Evaluate","ClearTheMind"],"picked":"SKIP","floor":30},{"not_picked":["BowlingBash+1","Replay:AtTheReady","Collect"],"picked":"SKIP","floor":30},{"not_picked":["LikeWater","EmptyFist","BowlingBash+1"],"picked":"SKIP","floor":31},{"not_picked":["CutThroughFate","Evaluate","CrushJoints"],"picked":"SKIP","floor":31},{"not_picked":["AT_RealColorLess","Protect","Replay:Cycle"],"picked":"SKIP","floor":31},{"not_picked":["Brilliance","Replay:LoomingThreat","LessonLearned"],"picked":"Singing Bowl","floor":33},{"not_picked":["Ragnarok","Vault","DevaForm"],"picked":"Singing Bowl","floor":33},{"not_picked":["Brilliance","Wish","AT_MachinaRedman"],"picked":"Singing Bowl","floor":33},{"not_picked":["ConjureBlade","SpiritShield","DevaForm"],"picked":"Singing Bowl","floor":33},{"not_picked":["CrushJoints+1","LikeWater","EmptyBody+1"],"picked":"Singing Bowl","floor":35},{"not_picked":["FollowUp+1","Crescendo+1","Replay:AtTheReady"],"picked":"Singing Bowl","floor":35},{"not_picked":["PathToVictory+1","AT_ChampionStep","Pray+1"],"picked":"Singing Bowl","floor":35},{"not_picked":["Wish","FollowUp","Weave"],"picked":"Singing Bowl","floor":37},{"not_picked":["AT_DivineConfetti+1","Indignation+1","CrushJoints"],"picked":"Singing Bowl","floor":37},{"not_picked":["FlurryOfBlows+1","Pray","Consecrate+1"],"picked":"Singing Bowl","floor":37},{"not_picked":["Consecrate","Perseverance+1","Crescendo"],"picked":"Singing Bowl","floor":38},{"not_picked":["Halt+1","WreathOfFlame+1","BowlingBash"],"picked":"Singing Bowl","floor":38},{"not_picked":["FlurryOfBlows+1","Halt","Wireheading+1"],"picked":"Singing Bowl","floor":38},{"not_picked":["Pray","AT_OneInchPunch+1","Establishment"],"picked":"Singing Bowl","floor":39},{"not_picked":["PathToVictory+1","CrushJoints+1","Replay:BluntJabs"],"picked":"Singing Bowl","floor":39},{"not_picked":["FlyingSleeves+1","Halt","WindmillStrike+1"],"picked":"Singing Bowl","floor":39},{"not_picked":["PathToVictory+1","WreathOfFlame","TalkToTheHand"],"picked":"Singing Bowl","floor":40},{"not_picked":["Swivel","FlurryOfBlows","FlyingSleeves+1"],"picked":"Singing Bowl","floor":42},{"not_picked":["FlurryOfBlows+1","EmptyBody","Judgement"],"picked":"Singing Bowl","floor":44},{"not_picked":["FollowUp","ClearTheMind+1"],"picked":"TalkToTheHand","floor":46},{"not_picked":["EmptyBody+1","JustLucky","Replay:BluntJabs+1"],"picked":"Singing Bowl","floor":47},{"not_picked":["Sanctity+1","Prostrate+1","SashWhip+1"],"picked":"Singing Bowl","floor":47},{"not_picked":["EmptyMind+1","WheelKick+1","Wireheading+1"],"picked":"Singing Bowl","floor":47},{"not_picked":["WindmillStrike","FlurryOfBlows+1","EmptyFist+1"],"picked":"Singing Bowl","floor":48},{"not_picked":["PathToVictory+1","Consecrate","Vengeance+1"],"picked":"Singing Bowl","floor":52},{"not_picked":["Halt+1","AT_SoftenMuscles+1","SignatureMove"],"picked":"Singing Bowl","floor":54}],"player_experience":176363,"relics_obtained":[{"floor":1,"key":"Replay:Accelerometer"},{"floor":3,"key":"Replay:Purple Gloves"},{"floor":4,"key":"AT_LudenTempest"},{"floor":7,"key":"Counterbalance"},{"floor":7,"key":"AT_SilvercatRing"},{"floor":9,"key":"Prayer Wheel"},{"floor":10,"key":"Matryoshka"},{"floor":11,"key":"GoldenEye"},{"floor":11,"key":"Blood Vial"},{"floor":12,"key":"FossilizedHelix"},{"floor":16,"key":"Pocketwatch"},{"floor":16,"key":"InkBottle"},{"floor":18,"key":"Centennial Puzzle"},{"floor":21,"key":"Juzu Bracelet"},{"floor":23,"key":"AT_BladeRuinedKing"},{"floor":23,"key":"Replay:Bandana"},{"floor":26,"key":"AT_ChloranthyRing"},{"floor":26,"key":"The Courier"},{"floor":27,"key":"Garlic"},{"floor":27,"key":"Boot"},{"floor":29,"key":"Replay:Mystery Machine"},{"floor":29,"key":"War Paint"},{"floor":30,"key":"Omamori"},{"floor":31,"key":"Oddly Smooth Stone"},{"floor":33,"key":"Singing Bowl"},{"floor":33,"key":"AT_ArchangelStaff"},{"floor":35,"key":"Replay:WaspNest"},{"floor":37,"key":"Bronze Scales"},{"floor":38,"key":"White Beast Statue"},{"floor":39,"key":"Turnip"},{"floor":40,"key":"Mirror"},{"floor":40,"key":"Anchor"},{"floor":42,"key":"AT_ImmortalShieldbow"},{"floor":42,"key":"AT_SpeedBoots"},{"floor":43,"key":"Darkstone Periapt"},{"floor":44,"key":"AT_GoldPhoenixTree"},{"floor":44,"key":"Du-Vu Doll"},{"floor":46,"key":"Replay:Kaleidoscope"},{"floor":46,"key":"Smiling Mask"},{"floor":47,"key":"StrikeDummy"},{"floor":48,"key":"CatCart"},{"floor":54,"key":"Replay:Ringing Soul"}],"event_choices":[{"damage_healed":0,"gold_gain":0,"player_choice":"Donut","damage_taken":0,"max_hp_gain":5,"max_hp_loss":0,"event_name":"Big Fish","floor":14,"gold_loss":0},{"damage_healed":0,"gold_gain":0,"player_choice":"Inject Mutagens","damage_taken":0,"relics_obtained":["MutagenicStrength"],"max_hp_gain":0,"max_hp_loss":0,"event_name":"Drug Dealer","floor":19,"gold_loss":0},{"damage_healed":0,"gold_gain":0,"player_choice":"Fight","damage_taken":0,"max_hp_gain":0,"max_hp_loss":0,"event_name":"Mysterious Sphere","floor":46,"gold_loss":0},{"damage_healed":0,"gold_gain":0,"player_choice":"Fight","damage_taken":0,"max_hp_gain":0,"max_hp_loss":0,"event_name":"OrinTheCat","floor":48,"gold_loss":0}],"is_beta":false,"boss_relics":[{"not_picked":["Abe\u0027s Treasure","Astrolabe"],"picked":"Replay:Bronze Core"},{"not_picked":["Velvet Choker","SacredBark"],"picked":"SlaversCollar"}],"items_purged_floors":[0,0,0,0,0,2,2,2,20,24,36],"is_endless":false,"potions_floor_spawned":[4,5,5,7,7,10,11,11,12,16,16,18,21,21,23,23,27,29,30,31,33,37,39,39,40,40,40,42,42,42,42,44,44,44,44,46,47,47,47,48,54,54],"ascension_level":7}}