{"host":"zlgdkwtixcfrry6c","time":1614289049,"event":{"mods":["2.2 Compatiblity","BaseMod","Downfall","Minty Spire (QoL Compilation)","READ ME - Guardian Mod","Replay The Spire","StSLib","The Bug Knight","The Construct","The Cursed","The Jungle","The Runesmith"],"gold_per_floor":[111,111,4,25,25,25,25,25,51,69,85,100,100,118,118,246,246,261,188,206,206,206],"floor_reached":21,"language":"ENG","playtime":1853,"items_purged":[],"score":230,"play_id":"68701f4f-e4d1-42a5-a110-2f754f7cb0d7","local_time":"20210225223729","is_ascension_mode":true,"campfire_choices":[{"data":"Dark Embrace","floor":6,"key":"SMITH"},{"data":"Feel No Pain","floor":8,"key":"SMITH"},{"floor":13,"key":"REST"}],"circlet_count":0,"master_deck":["Strike_R","Strike_R","Strike_R","Strike_R","Strike_R+1","Defend_R","Defend_R","Defend_R","Bash","Feel No Pain+1","Dark Embrace+1","ReplayTheSpireMod:Stacked","Havoc","Rage","Havoc","Flex","Combust+1","Limit Break","Havoc","Sentinel+1"],"relics":["Burning Blood","Golden Idol","Spirit Poop","Bag of Marbles","construct:WeddingRing","Kunai"],"acts_visited":["Exordium","TheCity"],"potions_floor_usage":[14,14,16,20,21],"damage_taken":[{"damage":15,"enemies":"Small Slimes","floor":1,"turns":3},{"damage":2,"enemies":"Jaw Worm","floor":4,"turns":4},{"damage":1,"enemies":"Cultist","floor":10,"turns":3},{"damage":29,"enemies":"Large Slime","floor":11,"turns":7},{"damage":3,"enemies":"Red Slaver","floor":12,"turns":4},{"damage":14,"enemies":"Exordium Thugs","floor":14,"turns":7},{"damage":25,"enemies":"Fading Forest","floor":16,"turns":11},{"damage":54,"enemies":"Shell Parasite","floor":18,"turns":9},{"damage":15,"enemies":"3 Byrds","floor":20,"turns":5},{"damage":25,"enemies":"Snake Plant","floor":21,"turns":4}],"seed_played":"-8788740064791068081","potions_obtained":[{"floor":4,"key":"champ:CounterPotion"},{"floor":11,"key":"HeartOfIron"},{"floor":12,"key":"Block Potion"},{"floor":18,"key":"champ:CounterPotion"},{"floor":20,"key":"Flashbang"}],"is_trial":false,"path_per_floor":["M","?","$","M","?","R","?","R","T","M","M","M","R","M","R","B",null,"M","?","M","M"],"character_chosen":"IRONCLAD","items_purchased":["Dark Embrace","ReplayTheSpireMod:Stacked"],"campfire_rested":1,"item_purchase_floors":[3,3],"current_hp_per_floor":[63,63,63,67,67,67,67,67,67,72,49,52,76,68,80,69,77,29,29,20,0,0],"gold":206,"neow_bonus":"RANDOM_EVENT","is_daily":false,"chose_seed":false,"campfire_upgraded":2,"win_rate":0.0,"timestamp":1614289049,"path_taken":["M","?","$","M","?","R","?","R","T","M","M","?","R","M","R","BOSS","M","?","?","M"],"items_purchased_type":["Card","Card"],"build_version":"2020-12-22","purchased_purges":0,"victory":false,"max_hp_per_floor":[80,80,80,80,80,80,80,80,80,80,80,80,80,80,80,80,80,80,80,80,80,80],"card_choices":[{"not_picked":["Twin Strike","Infernal Blade"],"picked":"Feel No Pain","floor":1},{"not_picked":["Thunderclap","Entrench"],"picked":"Havoc","floor":4},{"not_picked":["Carnage","Sword Boomerang"],"picked":"Rage","floor":10},{"not_picked":["Hemokinesis","Twin Strike"],"picked":"Havoc","floor":11},{"not_picked":["Body Slam","Dual Wield"],"picked":"Flex","floor":12},{"not_picked":["Body Slam","Rampage"],"picked":"Combust","floor":14},{"not_picked":["Demonic Infusion","Berserk"],"picked":"Limit Break","floor":16},{"not_picked":["Rage+1","Rupture"],"picked":"Havoc","floor":18},{"not_picked":["ReplayTheSpireMod:Corrosion Curse","Shrug It Off"],"picked":"Sentinel+1","floor":20}],"player_experience":322398,"relics_obtained":[{"floor":9,"key":"Bag of Marbles"}],"event_choices":[{"damage_healed":0,"gold_gain":0,"player_choice":"Take Wound","damage_taken":0,"relics_obtained":["Golden Idol"],"max_hp_gain":0,"max_hp_loss":0,"event_name":"Golden Idol","floor":2,"gold_loss":0,"cards_obtained":["Injury"]},{"cards_removed":["Defend_R"],"damage_healed":0,"gold_gain":0,"player_choice":"Forget","damage_taken":0,"max_hp_gain":0,"max_hp_loss":0,"event_name":"Living Wall","floor":5,"gold_loss":0},{"cards_removed":["Injury"],"damage_healed":0,"gold_gain":0,"player_choice":"Offered Curse","damage_taken":0,"relics_obtained":["Spirit Poop"],"max_hp_gain":0,"max_hp_loss":0,"event_name":"Bonfire Elementals","floor":7,"gold_loss":0},{"damage_healed":0,"gold_gain":0,"player_choice":"Paid Gold","damage_taken":0,"relics_obtained":["Kunai"],"max_hp_gain":0,"max_hp_loss":0,"event_name":"WeMeetAgain","floor":19,"gold_loss":73}],"is_beta":false,"boss_relics":[{"not_picked":["Runic Cube","Replay:Wanted Poster"],"picked":"construct:WeddingRing"}],"items_purged_floors":[],"is_endless":false,"potions_floor_spawned":[4,11,12,18,20],"killed_by":"Snake Plant","ascension_level":7}}