{"host":"1vy6j31128f61x2z","time":1614293950,"event":{"mods":["AchievementEnabler","BaseMod","Better Third Choice","Colored Powertips","Curses Come First","Minty Spire (QoL Compilation)","Permanent Neow","Random Character Button","Relic Stats","StSLib"],"gold_per_floor":[113,113,38,48,48,60,22,34,72,84,96,108,132,174,186,300,312,344,356,387,194,119,119,119],"floor_reached":23,"language":"ENG","playtime":437,"items_purged":["Strike_B","Pain"],"score":250,"play_id":"d1d8badd-5c2f-46d0-91e3-84118d2df6e7","local_time":"20210225175910","is_ascension_mode":true,"campfire_choices":[{"data":"Genetic Algorithm","floor":6,"key":"SMITH"},{"data":"Cold Snap","floor":11,"key":"SMITH"},{"data":"Inflame","floor":15,"key":"SMITH"}],"circlet_count":0,"master_deck":["Strike_B","Strike_B","Strike_B","Defend_B","Defend_B","Defend_B","Zap","Dualcast","Cold Snap+1","Genetic Algorithm+1","Inflame+1","Go for the Eyes","Cold Snap","Creative AI","Coolheaded","Hologram","Coolheaded","Storm","Defragment"],"relics":["Cracked Core","NeowsBlessing","MawBank","DataDisk","Bag of Preparation","Fusion Hammer","WarpedTongs"],"acts_visited":["Exordium","TheCity"],"potions_floor_usage":[16,23,23],"damage_taken":[{"damage":0,"enemies":"2 Louse","floor":1,"turns":1},{"damage":0,"enemies":"Cultist","floor":4,"turns":1},{"damage":0,"enemies":"Jaw Worm","floor":13,"turns":1},{"damage":14,"enemies":"Lagavulin","floor":14,"turns":6},{"damage":6,"enemies":"Slime Boss","floor":16,"turns":8},{"damage":9,"enemies":"Spheric Guardian","floor":18,"turns":4},{"damage":17,"enemies":"Shell Parasite","floor":20,"turns":9},{"damage":46,"enemies":"Slavers","floor":23,"turns":3}],"seed_played":"-4799908150813361200","potions_obtained":[{"floor":4,"key":"Strength Potion"},{"floor":13,"key":"GamblersBrew"},{"floor":14,"key":"Block Potion"}],"is_trial":false,"path_per_floor":["M","?","$","M","?","R","?","$","T","?","R","$","M","E","R","B",null,"M","?","M","$","$","E"],"character_chosen":"DEFECT","items_purchased":["Coolheaded","Storm","Defragment"],"campfire_rested":0,"item_purchase_floors":[21,21,22],"current_hp_per_floor":[68,61,61,61,47,47,47,47,47,47,47,47,47,33,33,27,63,54,54,37,37,37,0,0],"gold":119,"neow_bonus":"THREE_ENEMY_KILL","is_daily":false,"chose_seed":false,"campfire_upgraded":3,"win_rate":0.0,"timestamp":1614293950,"path_taken":["M","?","$","?","?","R","?","$","T","?","R","?","?","E","R","BOSS","M","?","M","?","$","E"],"items_purchased_type":["Card","Card","Card"],"build_version":"2020-12-22","purchased_purges":2,"victory":false,"max_hp_per_floor":[75,75,75,75,75,75,75,75,75,75,75,75,75,75,75,75,75,75,75,75,75,75,75,75],"relic_stats":{"counters":[8,33],"Bag of Preparation":[8],"MawBank":192,"obtain_stats":[{"DataDisk":9,"NeowsBlessing":0,"Fusion Hammer":17,"Bag of Preparation":14,"Cracked Core":0,"MawBank":5,"WarpedTongs":19},{"DataDisk":2,"NeowsBlessing":0,"Fusion Hammer":5,"Bag of Preparation":4,"Cracked Core":0,"MawBank":2,"WarpedTongs":6},{"DataDisk":2,"NeowsBlessing":0,"Fusion Hammer":17,"Bag of Preparation":9,"Cracked Core":0,"MawBank":2,"WarpedTongs":21}],"WarpedTongs":[12]},"card_choices":[{"not_picked":["Loop","Leap"],"picked":"Cold Snap","floor":1},{"not_picked":["Redo","Cold Snap"],"picked":"Genetic Algorithm","floor":4},{"not_picked":["Double Energy","Fusion"],"picked":"Go for the Eyes","floor":13},{"not_picked":["Thunder Strike","Leap"],"picked":"Cold Snap","floor":14},{"not_picked":["Rainbow","Core Surge"],"picked":"Creative AI","floor":16},{"not_picked":["Melter+1","Streamline"],"picked":"Coolheaded","floor":18},{"not_picked":["Steam","Double Energy"],"picked":"Hologram","floor":20}],"player_experience":151543,"relics_obtained":[{"floor":9,"key":"DataDisk"},{"floor":14,"key":"Bag of Preparation"}],"event_choices":[{"damage_healed":0,"gold_gain":0,"player_choice":"Damaged","damage_taken":7,"max_hp_gain":0,"max_hp_loss":0,"event_name":"Wheel of Change","floor":2,"gold_loss":0},{"cards_removed":["Defend_B"],"damage_healed":0,"gold_gain":0,"player_choice":"Card Removal","damage_taken":0,"max_hp_gain":0,"max_hp_loss":0,"event_name":"The Cleric","floor":7,"gold_loss":50},{"damage_healed":0,"gold_gain":0,"player_choice":"Searched \u00270\u0027 times","damage_taken":0,"max_hp_gain":0,"max_hp_loss":0,"event_name":"Dead Adventurer","floor":10,"gold_loss":0},{"damage_healed":0,"gold_gain":0,"player_choice":"Rummage","damage_taken":0,"relics_obtained":["WarpedTongs"],"max_hp_gain":0,"max_hp_loss":0,"event_name":"Accursed Blacksmith","floor":19,"gold_loss":0,"cards_obtained":["Pain"]}],"is_beta":false,"boss_relics":[{"not_picked":["Black Star","Runic Pyramid"],"picked":"Fusion Hammer"}],"items_purged_floors":[3,21],"is_endless":false,"potions_floor_spawned":[4,13,14],"killed_by":"Slavers","ascension_level":7}}