{"host":"nuu0xlk1bpqu5s2n","time":1614243897,"event":{"mods":["AchievementEnabler","BaseMod","Minty Spire (QoL Compilation)","StSLib"],"gold_per_floor":[112,127,127,146,165,192,192,221,221,221,167,202,44,56,56,132,132,145,145,155,74,98,98,127,127,151,108,124,153,68,85,85,161,161,179,229,243,243,243,277,277,303,303,303,335,335,346,100,100,100,100,100,100,0,28,28,28],"floor_reached":56,"language":"ENG","playtime":5145,"items_purged":[],"score":2153,"play_id":"ca81b6cc-7121-402b-9084-be97a222e428","local_time":"20210225110457","is_ascension_mode":true,"campfire_choices":[{"floor":7.0,"key":"REST"},{"floor":10.0,"key":"REST"},{"data":"Noxious Fumes","floor":15.0,"key":"SMITH"},{"data":"Catalyst","floor":23.0,"key":"SMITH"},{"floor":25.0,"key":"REST"},{"data":"Crippling Poison","floor":32.0,"key":"SMITH"},{"floor":41.0,"key":"REST"},{"data":"Wraith Form v2","floor":44.0,"key":"SMITH"},{"floor":49.0,"key":"RECALL"},{"data":"Wraith Form v2","floor":53,"key":"SMITH"}],"circlet_count":0,"master_deck":["AscendersBane","Survivor+1","Neutralize+1","Blur+1","Catalyst+1","Slice+1","Dagger Spray+1","Dagger Throw+1","Cloak And Dagger+1","Reflex+1","Noxious Fumes+1","Dagger Throw+1","Backflip+1","Night Terror+1","Tools of the Trade+1","Backflip+1","Well Laid Plans+1","Eviscerate+1","Dagger Throw+1","Bullet Time+1","Backstab+1","Reflex+1","Bane+1","Concentrate+1","Backstab+1","Crippling Poison+1","Underhanded Strike+1","Wraith Form v2+1","Underhanded Strike+1","Acrobatics+1","Escape Plan+1","Wraith Form v2+1","PanicButton","Night Terror"],"relics":["Ring of the Snake","FaceOfCleric","MealTicket","Strawberry","InkBottle","Ice Cream","Orrery","Pandora\u0027s Box","Bronze Scales","Bag of Preparation","Happy Flower","Anchor","Mummified Hand","SlaversCollar","Torii","Ninja Scroll","Orichalcum","Pen Nib","Mark of the Bloom","Toolbox","Bird Faced Urn"],"acts_visited":["Exordium","TheCity","TheBeyond","TheEnding"],"potions_floor_usage":[50,56,56],"damage_taken":[{"damage":7.0,"enemies":"2 Louse","floor":1.0,"turns":6.0},{"damage":2.0,"enemies":"Cultist","floor":2.0,"turns":5.0},{"damage":0.0,"enemies":"Jaw Worm","floor":4.0,"turns":5.0},{"damage":1.0,"enemies":"3 Louse","floor":5.0,"turns":4.0},{"damage":31.0,"enemies":"3 Sentries","floor":6.0,"turns":11.0},{"damage":28.0,"enemies":"Gremlin Nob","floor":8.0,"turns":5.0},{"damage":25.0,"enemies":"3 Sentries","floor":12.0,"turns":11.0},{"damage":0.0,"enemies":"Blue Slaver","floor":14.0,"turns":5.0},{"damage":27.0,"enemies":"Hexaghost","floor":16.0,"turns":9.0},{"damage":10.0,"enemies":"Chosen","floor":18.0,"turns":4.0},{"damage":22.0,"enemies":"Shell Parasite","floor":20.0,"turns":6.0},{"damage":47.0,"enemies":"Slavers","floor":24.0,"turns":5.0},{"damage":2.0,"enemies":"Centurion and Healer","floor":28.0,"turns":3.0},{"damage":0.0,"enemies":"Gremlin Leader","floor":29.0,"turns":5.0},{"damage":0.0,"enemies":"Snecko","floor":31.0,"turns":2.0},{"damage":5.0,"enemies":"Collector","floor":33.0,"turns":6.0},{"damage":2.0,"enemies":"Orb Walker","floor":35.0,"turns":4.0},{"damage":15.0,"enemies":"2 Orb Walkers","floor":36.0,"turns":5.0},{"damage":15.0,"enemies":"3 Darklings","floor":37.0,"turns":4.0},{"damage":0.0,"enemies":"Reptomancer","floor":40.0,"turns":5.0},{"damage":1.0,"enemies":"Giant Head","floor":42.0,"turns":5.0},{"damage":0.0,"enemies":"Reptomancer","floor":45.0,"turns":4.0},{"damage":8.0,"enemies":"Writhing Mass","floor":47.0,"turns":4.0},{"damage":16,"enemies":"Awakened One","floor":50,"turns":10},{"damage":20,"enemies":"Time Eater","floor":51,"turns":8},{"damage":1,"enemies":"Shield and Spear","floor":55,"turns":6},{"damage":30,"enemies":"The Heart","floor":56,"turns":9}],"seed_played":"-7839637100441551110","potions_obtained":[{"floor":2.0,"key":"Ancient Potion"},{"floor":5.0,"key":"Weak Potion"},{"floor":12.0,"key":"SmokeBomb"},{"floor":16.0,"key":"DistilledChaos"},{"floor":24.0,"key":"Regen Potion"},{"floor":28.0,"key":"BlessingOfTheForge"},{"floor":33.0,"key":"LiquidBronze"},{"floor":36.0,"key":"Ancient Potion"},{"floor":47.0,"key":"DistilledChaos"},{"floor":55,"key":"SkillPotion"}],"is_trial":false,"path_per_floor":["M","M","?","M","M","E","R","E","T","R","$","E","$","M","R","B",null,"M","$","M","$","T","R","E","R","T","$","M","E","?","M","R","B",null,"M","?","M","?","?","E","R","E","T","R","E","?","M","$","R","B","B",null,"R","$","E","B"],"character_chosen":"THE_SILENT","items_purchased":["Poison Potion","Orrery","Backstab","Crippling Poison","Wraith Form v2","Toolbox","PanicButton"],"campfire_rested":4,"item_purchase_floors":[11,13,21,27,48,48,54],"current_hp_per_floor":[52,50,50,51,51,21,39,19,19,40,55,31,46,47,47,21,61,52,67,46,61,61,61,15,38,38,53,52,53,53,54,54,65,77,76,62,48,48,48,49,74,74,74,74,75,75,67,67,67,51,31,31,31,31,30,0,0],"gold":28,"neow_bonus":"TRANSFORM_TWO_CARDS","is_daily":false,"chose_seed":false,"campfire_upgraded":5,"win_rate":0.0,"timestamp":1614243897,"path_taken":["M","M","?","M","?","E","R","E","T","R","$","E","?","M","R","BOSS","M","$","M","?","?","R","E","R","T","$","?","E","?","M","R","BOSS","M","?","M","?","?","E","R","E","T","R","E","?","M","?","R","BOSS","BOSS","R","$","E","BOSS"],"items_purchased_type":["Potion","Relic","Card","Card","Card","Relic","Card"],"build_version":"2020-12-22","purchased_purges":0,"victory":false,"max_hp_per_floor":[60,60,60,61,62,63,63,71,71,71,71,72,72,73,73,74,74,75,75,76,76,76,76,77,77,77,77,78,79,79,80,80,81,81,82,83,84,84,84,85,85,86,86,86,87,87,88,88,88,89,90,90,90,90,91,91,91],"card_choices":[{"not_picked":["Cloak And Dagger","PiercingWail"],"picked":"Slice","floor":1.0},{"not_picked":["PiercingWail","Reflex"],"picked":"Dagger Spray","floor":2.0},{"not_picked":["Caltrops","Expertise"],"picked":"Quick Slash","floor":4.0},{"not_picked":["Finisher","Tactician"],"picked":"Dagger Throw","floor":5.0},{"not_picked":["Concentrate","Sucker Punch"],"picked":"Cloak And Dagger","floor":6.0},{"not_picked":["Underhanded Strike","PiercingWail"],"picked":"Reflex","floor":8.0},{"not_picked":["PiercingWail","Catalyst","Tactician"],"picked":"SKIP","floor":12.0},{"not_picked":["Cloak And Dagger","Endless Agony"],"picked":"Noxious Fumes","floor":13.0},{"not_picked":["Distraction","Phantasmal Killer"],"picked":"Dagger Throw","floor":13.0},{"not_picked":["Dagger Throw","Blade Dance"],"picked":"Backflip","floor":13.0},{"not_picked":["Dagger Spray","Bane","Setup"],"picked":"SKIP","floor":14.0},{"not_picked":["Glass Knife","Venomology"],"picked":"Night Terror","floor":16.0},{"not_picked":["Flying Knee","Dagger Throw"],"picked":"Bane","floor":18.0},{"not_picked":["Flying Knee","Underhanded Strike"],"picked":"Concentrate+1","floor":20.0},{"not_picked":["Predator","Skewer+1","Acrobatics"],"picked":"SKIP","floor":24.0},{"not_picked":["Bane","Dagger Spray","Dodge and Roll"],"picked":"SKIP","floor":28.0},{"not_picked":["Outmaneuver","Bane+1"],"picked":"Underhanded Strike+1","floor":29.0},{"not_picked":["Deflect","Dash","Outmaneuver"],"picked":"SKIP","floor":31.0},{"not_picked":["After Image","Bullet Time"],"picked":"Wraith Form v2","floor":33.0},{"not_picked":["Flying Knee+1","Blur"],"picked":"Underhanded Strike","floor":35.0},{"not_picked":["Endless Agony+1","Predator"],"picked":"Acrobatics+1","floor":36.0},{"not_picked":["Dodge and Roll","Backflip","Prepared"],"picked":"SKIP","floor":37.0},{"not_picked":["Blur","Slice","Dodge and Roll+1"],"picked":"SKIP","floor":40.0},{"not_picked":["Eviscerate+1","Setup","Cloak And Dagger"],"picked":"SKIP","floor":42.0},{"not_picked":["Distraction+1","Masterful Stab"],"picked":"Escape Plan","floor":45.0},{"not_picked":["Dagger Spray","All Out Attack","Bane"],"picked":"SKIP","floor":47.0},{"not_picked":["Slice","Underhanded Strike"],"picked":"Night Terror","floor":55}],"player_experience":573533,"relics_obtained":[{"floor":6.0,"key":"MealTicket"},{"floor":8.0,"key":"Strawberry"},{"floor":9.0,"key":"InkBottle"},{"floor":12.0,"key":"Ice Cream"},{"floor":22.0,"key":"Bronze Scales"},{"floor":24.0,"key":"Bag of Preparation"},{"floor":26.0,"key":"Happy Flower"},{"floor":29.0,"key":"Anchor"},{"floor":36.0,"key":"Torii"},{"floor":40.0,"key":"Ninja Scroll"},{"floor":42.0,"key":"Orichalcum"},{"floor":45.0,"key":"Pen Nib"},{"floor":55,"key":"Bird Faced Urn"}],"event_choices":[{"damage_healed":0.0,"max_hp_gain":0.0,"max_hp_loss":0.0,"gold_gain":0.0,"event_name":"FaceTrader","player_choice":"Trade","floor":3.0,"gold_loss":0.0,"damage_taken":0.0,"relics_obtained":["FaceOfCleric"]},{"damage_healed":0.0,"max_hp_gain":0.0,"max_hp_loss":0.0,"gold_gain":0.0,"event_name":"Addict","player_choice":"Obtained Relic","floor":30.0,"gold_loss":85.0,"damage_taken":0.0,"relics_obtained":["Mummified Hand"]},{"damage_healed":0.0,"max_hp_gain":0.0,"max_hp_loss":0.0,"gold_gain":0.0,"event_name":"Mysterious Sphere","player_choice":"Fight","floor":36.0,"gold_loss":0.0,"damage_taken":0.0},{"damage_healed":0.0,"max_hp_gain":0.0,"max_hp_loss":0.0,"gold_gain":0.0,"event_name":"Tomb of Lord Red Mask","player_choice":"Ignored","floor":38.0,"gold_loss":0.0,"damage_taken":0.0},{"cards_removed":["Quick Slash"],"damage_healed":0.0,"max_hp_gain":0.0,"max_hp_loss":0.0,"gold_gain":0.0,"event_name":"Falling","player_choice":"Removed Attack","floor":39.0,"gold_loss":0.0,"damage_taken":0.0},{"damage_healed":0.0,"max_hp_gain":0.0,"max_hp_loss":0.0,"gold_gain":0.0,"event_name":"MindBloom","player_choice":"Upgrade","floor":46.0,"gold_loss":0.0,"damage_taken":0.0,"cards_upgraded":["Survivor","Neutralize","Blur","Slice","Dagger Spray","Dagger Throw","Cloak And Dagger","Reflex","Dagger Throw","Backflip","Night Terror","Tools of the Trade","Backflip","Well Laid Plans","Eviscerate","Dagger Throw","Bullet Time","Backstab","Reflex","Bane","Backstab","Underhanded Strike","Escape Plan"],"relics_obtained":["Mark of the Bloom"]}],"is_beta":false,"boss_relics":[{"not_picked":["Ring of the Serpent","Sozu"],"picked":"Pandora\u0027s Box"},{"not_picked":["Snecko Eye","Busted Crown"],"picked":"SlaversCollar"}],"items_purged_floors":[],"is_endless":false,"potions_floor_spawned":[2,5,12,16,24,28,33,36,42,47,55],"killed_by":"The Heart","ascension_level":20}}