{"host":"4epvxsx6d4oxmc67","time":1614296922,"event":{"mods":["AchievementEnabler","BaseMod","Colored Map","Highlight Path","Minty Spire (QoL Compilation)"],"gold_per_floor":[112,131,141,64,64,90,90,90,116,116,149,160,170,182,182,286,286,301,16,33,33,33,33,52,64,64,10,10,41,41,54,54,152,152,167,216,61,61,80,80,100,116,116,126,144,144,44,62,62,62],"floor_reached":51,"language":"ENG","playtime":1933,"items_purged":["Strike_R","Strike_R"],"score":1001,"play_id":"1b324487-9d2d-4044-8dd4-de97c88d7c68","local_time":"20210225234841","is_ascension_mode":true,"campfire_choices":[{"data":"Rampage","floor":7.0,"key":"SMITH"},{"floor":10.0,"key":"REST"},{"data":"Body Slam","floor":15.0,"key":"SMITH"},{"data":"Demon Form","floor":23.0,"key":"SMITH"},{"data":"Armaments","floor":30.0,"key":"SMITH"},{"floor":32.0,"key":"REST"},{"floor":40.0,"key":"REST"},{"floor":49,"key":"REST"}],"circlet_count":0,"master_deck":["Strike_R","Defend_R","Defend_R","Defend_R","Bash","Uppercut","Cleave","Iron Wave","Shockwave","Rampage+1","Iron Wave","Body Slam+1","Shrug It Off","Demon Form+1","Whirlwind","Evolve","Pummel","Power Through","Armaments+1","Barricade+1","Impervious","Feel No Pain+1","Fire Breathing+1","Feel No Pain+1","Parasite","Writhe","Parasite","Impervious"],"relics":["Burning Blood","Matryoshka","Mummified Hand","Paper Frog","Toy Ornithopter","PreservedInsect","Omamori","Cursed Key","Mercury Hourglass","Red Skull","Frozen Egg 2","Singing Bowl","Mark of Pain","Incense Burner","Potion Belt"],"acts_visited":["Exordium","TheCity","TheBeyond"],"potions_floor_usage":[50,50,50,50],"damage_taken":[{"damage":5.0,"enemies":"Cultist","floor":1.0,"turns":4.0},{"damage":0.0,"enemies":"2 Louse","floor":2.0,"turns":3.0},{"damage":7.0,"enemies":"Jaw Worm","floor":3.0,"turns":4.0},{"damage":34.0,"enemies":"3 Sentries","floor":6.0,"turns":10.0},{"damage":15.0,"enemies":"Lagavulin","floor":11.0,"turns":5.0},{"damage":0.0,"enemies":"Lots of Slimes","floor":12.0,"turns":1.0},{"damage":7.0,"enemies":"Blue Slaver","floor":13.0,"turns":4.0},{"damage":0.0,"enemies":"3 Louse","floor":14.0,"turns":1.0},{"damage":68.0,"enemies":"Hexaghost","floor":16.0,"turns":10.0},{"damage":7.0,"enemies":"Chosen","floor":18.0,"turns":4.0},{"damage":23.0,"enemies":"2 Thieves","floor":20.0,"turns":4.0},{"damage":14.0,"enemies":"3 Cultists","floor":24.0,"turns":4.0},{"damage":4.0,"enemies":"Centurion and Healer","floor":25.0,"turns":4.0},{"damage":27.0,"enemies":"Slavers","floor":29.0,"turns":4.0},{"damage":7.0,"enemies":"Cultist and Chosen","floor":31.0,"turns":5.0},{"damage":19.0,"enemies":"Champ","floor":33.0,"turns":11.0},{"damage":9.0,"enemies":"Orb Walker","floor":35.0,"turns":3.0},{"damage":29.0,"enemies":"2 Orb Walkers","floor":36.0,"turns":4.0},{"damage":23.0,"enemies":"3 Darklings","floor":39.0,"turns":5.0},{"damage":23.0,"enemies":"Transient","floor":41.0,"turns":5.0},{"damage":11.0,"enemies":"4 Shapes","floor":42.0,"turns":3.0},{"damage":0,"enemies":"Jaw Worm Horde","floor":44,"turns":3},{"damage":33,"enemies":"Transient","floor":45,"turns":5},{"damage":20,"enemies":"Writhing Mass","floor":48,"turns":5},{"damage":19,"enemies":"Donu and Deca","floor":50,"turns":8}],"seed_played":"-4301469558958883790","potions_obtained":[{"floor":2.0,"key":"LiquidBronze"},{"floor":3.0,"key":"Dexterity Potion"},{"floor":11.0,"key":"EntropicBrew"},{"floor":12.0,"key":"Explosive Potion"},{"floor":14.0,"key":"Regen Potion"},{"floor":29.0,"key":"GamblersBrew"},{"floor":33.0,"key":"AttackPotion"},{"floor":39.0,"key":"Energy Potion"},{"floor":41.0,"key":"LiquidMemories"},{"floor":44,"key":"Ancient Potion"},{"floor":45,"key":"SpeedPotion"}],"is_trial":false,"path_per_floor":["M","M","M","$","?","E","R","T","T","R","E","M","M","M","R","B",null,"M","$","M","?","?","R","M","M","T","$","?","E","R","M","R","B",null,"M","?","$","?","M","R","M","M","T","M","M","?","$","M","R","B",null],"character_chosen":"IRONCLAD","items_purchased":["Rampage","Mercury Hourglass","Evolve","Armaments","Fire Breathing+1"],"campfire_rested":4,"item_purchase_floors":[4,19,19,27,37],"current_hp_per_floor":[73,79,78,78,78,50,50,50,50,74,65,80,79,80,80,18,65,64,64,47,47,47,47,39,41,41,41,41,49,49,50,75,62,79,76,60,60,60,45,71,56,51,51,59,34,58,58,44,72,79],"gold":62,"neow_bonus":"TRANSFORM_CARD","is_daily":false,"chose_seed":false,"campfire_upgraded":4,"win_rate":0.0,"timestamp":1614296921,"path_taken":["M","M","M","?","?","E","R","?","T","R","E","?","M","?","R","BOSS","M","$","M","?","?","R","M","M","T","$","?","E","R","M","R","BOSS","M","?","$","?","M","R","M","M","T","M","M","?","$","M","R","BOSS"],"items_purchased_type":["Card","Relic","Card","Card","Card"],"build_version":"2020-12-22","purchased_purges":2,"victory":true,"max_hp_per_floor":[80,80,80,80,80,80,80,80,80,80,80,80,80,80,80,80,80,80,80,80,80,80,80,80,80,80,80,80,82,82,84,84,84,84,84,86,86,86,88,88,90,90,90,92,94,94,94,94,94,94],"card_choices":[{"not_picked":["Pommel Strike","Shrug It Off"],"picked":"Cleave","floor":1.0},{"not_picked":["Headbutt","Shrug It Off"],"picked":"Iron Wave","floor":2.0},{"not_picked":["Pommel Strike","Thunderclap"],"picked":"Shockwave","floor":3.0},{"not_picked":["Pommel Strike","Thunderclap","Perfected Strike"],"picked":"SKIP","floor":6.0},{"not_picked":["Burning Pact","Blood for Blood","Brutality"],"picked":"SKIP","floor":11.0},{"not_picked":["Anger","Heavy Blade"],"picked":"Iron Wave","floor":12.0},{"not_picked":["Burning Pact","Headbutt"],"picked":"Body Slam","floor":13.0},{"not_picked":["Searing Blow","Perfected Strike"],"picked":"Shrug It Off","floor":14.0},{"not_picked":["Impervious","Corruption"],"picked":"Demon Form","floor":16.0},{"not_picked":["Evolve","Cleave"],"picked":"Whirlwind","floor":18.0},{"not_picked":["Spot Weakness","Inflame","Sword Boomerang"],"picked":"SKIP","floor":20.0},{"not_picked":["Heavy Blade","Rampage"],"picked":"Pummel","floor":24.0},{"not_picked":["Intimidate","Inflame"],"picked":"Power Through","floor":25.0},{"not_picked":["Corruption+1","True Grit","Headbutt+1"],"picked":"Singing Bowl","floor":29.0},{"not_picked":["Thunderclap","Armaments","Rampage"],"picked":"Singing Bowl","floor":31.0},{"not_picked":["Corruption+1","Offering"],"picked":"Impervious","floor":33.0},{"not_picked":["Iron Wave","Headbutt+1"],"picked":"Feel No Pain+1","floor":35.0},{"not_picked":["Warcry+1","Armaments+1","Sword Boomerang"],"picked":"Singing Bowl","floor":36.0},{"not_picked":["Reckless Charge+1","Dark Embrace+1","Searing Blow"],"picked":"Singing Bowl","floor":39.0},{"not_picked":["Havoc","Anger+1","Thunderclap+1"],"picked":"Singing Bowl","floor":41.0},{"not_picked":["Combust+1","Sword Boomerang+1"],"picked":"Feel No Pain+1","floor":42.0},{"not_picked":["Twin Strike","Thunderclap","Inflame+1"],"picked":"Singing Bowl","floor":44},{"not_picked":["Clash","Rupture+1","Flex+1"],"picked":"Singing Bowl","floor":45},{"not_picked":["Thunderclap","Metallicize+1"],"picked":"Impervious","floor":48}],"player_experience":156869,"relics_obtained":[{"floor":6.0,"key":"Matryoshka"},{"floor":8.0,"key":"Mummified Hand"},{"floor":8.0,"key":"Paper Frog"},{"floor":9.0,"key":"Toy Ornithopter"},{"floor":9.0,"key":"PreservedInsect"},{"floor":11.0,"key":"Omamori"},{"floor":26.0,"key":"Frozen Egg 2"},{"floor":29.0,"key":"Singing Bowl"},{"floor":36.0,"key":"Incense Burner"},{"floor":43.0,"key":"Potion Belt"}],"event_choices":[{"cards_removed":["Strike_R"],"damage_healed":0.0,"max_hp_gain":0.0,"max_hp_loss":0.0,"gold_gain":0.0,"event_name":"Living Wall","player_choice":"Forget","floor":5.0,"gold_loss":0.0,"damage_taken":0.0},{"damage_healed":0.0,"max_hp_gain":0.0,"max_hp_loss":0.0,"gold_gain":0.0,"event_name":"Vampires","player_choice":"Ignored","floor":21.0,"gold_loss":0.0,"damage_taken":0.0},{"damage_healed":0.0,"max_hp_gain":0.0,"max_hp_loss":0.0,"gold_gain":0.0,"event_name":"Addict","player_choice":"Stole Relic","floor":22.0,"gold_loss":0.0,"damage_taken":0.0,"relics_obtained":["Red Skull"],"cards_obtained":["Shame"]},{"damage_healed":0.0,"max_hp_gain":0.0,"max_hp_loss":0.0,"gold_gain":0.0,"event_name":"The Library","player_choice":"Read","floor":28.0,"gold_loss":0.0,"damage_taken":0.0,"cards_obtained":["Barricade"]},{"damage_healed":0.0,"max_hp_gain":0.0,"max_hp_loss":0.0,"gold_gain":0.0,"event_name":"Mysterious Sphere","player_choice":"Fight","floor":36.0,"gold_loss":0.0,"damage_taken":0.0},{"cards_removed":["Defend_R"],"damage_healed":0.0,"max_hp_gain":0.0,"max_hp_loss":0.0,"gold_gain":0.0,"event_name":"Falling","player_choice":"Removed Skill","floor":38.0,"gold_loss":0.0,"damage_taken":0.0},{"damage_healed":24,"gold_gain":0,"player_choice":"Writhe","damage_taken":0,"max_hp_gain":0,"max_hp_loss":0,"event_name":"Winding Halls","floor":46,"gold_loss":0,"cards_obtained":["Writhe"]}],"is_beta":false,"boss_relics":[{"not_picked":["Snecko Eye","Calling Bell"],"picked":"Cursed Key"},{"not_picked":["Busted Crown","Black Star"],"picked":"Mark of Pain"}],"items_purged_floors":[37,47],"is_endless":false,"potions_floor_spawned":[2,3,11,12,14,29,33,39,41,44,45],"ascension_level":9}}