{"host":"z37g2hkgkh2zjyzk","time":1614267414,"event":{"mods":["2.2 Compatiblity","AchievementEnabler","BaseMod","Bestiary","Colored Map","Colored Powertips","Curses Come First","Highlight Path","Keyboard Shortcuts","Minty Spire (QoL Compilation)","Relic Stats","StSLib","SuperFastMode"],"gold_per_floor":[109,8,28,28,41,67,67,102,102,113,148,162,62,62,62,166,166,184,184,184,198,198,198,217,50,50,50,78,78,98,118,118,215,215,228,238,288,306,317,350,350,385,411,411,427,427,79,89,89,89,89,89,11,42,42,42],"floor_reached":55,"language":"ENG","playtime":3759,"items_purged":["Strike_B","Strike_B"],"score":1189,"play_id":"fc56276d-afe1-43e2-b1c0-6cb32de73e13","local_time":"20210225163654","is_ascension_mode":true,"campfire_choices":[{"data":"Go for the Eyes","floor":7.0,"key":"SMITH"},{"floor":15.0,"key":"REST"},{"floor":23.0,"key":"REST"},{"floor":29.0,"key":"REST"},{"data":"Hologram","floor":32.0,"key":"SMITH"},{"floor":41.0,"key":"RECALL"},{"floor":46,"key":"REST"},{"data":"Strike_B","floor":49,"key":"PURGE"},{"data":"Defend_B","floor":52,"key":"PURGE"}],"circlet_count":0,"master_deck":["Strike_B+1","Defend_B","Defend_B+1","Zap","Dualcast","Doom and Gloom","Turbo","Go for the Eyes+1","Gash","Steam","Seek","Sweeping Beam","Hologram+1","Defragment","Fission","Gash","Gash","Necronomicurse","Leap","Rip and Tear","All For One","Conserve Battery","Clumsy","Clumsy","Gash+1","Gash+1","Leap","Machine Learning","Beam Cell+1","White Noise+1","Gash+1","Scrape+1","Steam Power+1","All For One+1","Injury","Regret","Gash+1","Turbo","Recycle+1"],"relics":["Cracked Core","NeowsBlessing","Happy Flower","StoneCalendar","Symbiotic Virus","Juzu Bracelet","Cursed Key","Necronomicon","Dead Branch","Vajra","Molten Egg 2","Boot","Fusion Hammer","Peace Pipe","Torii","Eternal Feather","Blue Candle","Medical Kit","Nunchaku","Bag of Marbles"],"acts_visited":["Exordium","TheCity","TheBeyond","TheEnding"],"potions_floor_usage":[50,55,55,55],"damage_taken":[{"damage":0.0,"enemies":"2 Louse","floor":1.0,"turns":1.0},{"damage":0.0,"enemies":"Cultist","floor":3.0,"turns":1.0},{"damage":0.0,"enemies":"Small Slimes","floor":5.0,"turns":1.0},{"damage":12.0,"enemies":"Gremlin Nob","floor":6.0,"turns":3.0},{"damage":14.0,"enemies":"Lagavulin","floor":8.0,"turns":5.0},{"damage":5.0,"enemies":"2 Fungi Beasts","floor":10.0,"turns":3.0},{"damage":5.0,"enemies":"3 Sentries","floor":11.0,"turns":4.0},{"damage":0.0,"enemies":"Looter","floor":12.0,"turns":2.0},{"damage":30.0,"enemies":"Hexaghost","floor":16.0,"turns":8.0},{"damage":5.0,"enemies":"Spheric Guardian","floor":18.0,"turns":3.0},{"damage":8.0,"enemies":"2 Thieves","floor":21.0,"turns":3.0},{"damage":16.0,"enemies":"Snake Plant","floor":24.0,"turns":3.0},{"damage":5.0,"enemies":"Book of Stabbing","floor":28.0,"turns":3.0},{"damage":0.0,"enemies":"3 Cultists","floor":30.0,"turns":2.0},{"damage":0.0,"enemies":"Centurion and Healer","floor":31.0,"turns":3.0},{"damage":41.0,"enemies":"Collector","floor":33.0,"turns":7.0},{"damage":1.0,"enemies":"Orb Walker","floor":35.0,"turns":3.0},{"damage":3.0,"enemies":"3 Darklings","floor":36.0,"turns":4.0},{"damage":4.0,"enemies":"Mind Bloom Boss Battle","floor":37.0,"turns":4.0},{"damage":0.0,"enemies":"Maw","floor":38.0,"turns":6.0},{"damage":0.0,"enemies":"Spire Growth","floor":39.0,"turns":3.0},{"damage":3.0,"enemies":"Nemesis","floor":40.0,"turns":3.0},{"damage":36.0,"enemies":"Reptomancer","floor":42.0,"turns":5.0},{"damage":24,"enemies":"Sphere and 2 Shapes","floor":45,"turns":3},{"damage":0,"enemies":"Jaw Worm Horde","floor":48,"turns":2},{"damage":46,"enemies":"Time Eater","floor":50,"turns":7},{"damage":8,"enemies":"Shield and Spear","floor":54,"turns":2},{"damage":102,"enemies":"The Heart","floor":55,"turns":3}],"seed_played":"921619723382310137","potions_obtained":[{"floor":6.0,"key":"Swift Potion"},{"floor":8.0,"key":"PowerPotion"},{"floor":10.0,"key":"AttackPotion"},{"floor":11.0,"key":"Energy Potion"},{"floor":24.0,"key":"ColorlessPotion"},{"floor":31.0,"key":"FairyPotion"},{"floor":36.0,"key":"AttackPotion"},{"floor":37.0,"key":"LiquidMemories"},{"floor":42.0,"key":"PotionOfCapacity"},{"floor":45,"key":"Ancient Potion"},{"floor":48,"key":"Dexterity Potion"}],"is_trial":false,"path_per_floor":["M","$","M","?","M","E","R","E","T","M","E","M","$","?","R","B",null,"M","?","?","M","?","R","M","$","T","T","E","R","M","M","R","B",null,"M","M","?","M","M","E","R","E","T","T","M","R","$","M","R","B",null,"R","$","E","B"],"character_chosen":"DEFECT","items_purchased":["Turbo","All For One","Conserve Battery","Medical Kit","Nunchaku","Turbo","EssenceOfSteel"],"campfire_rested":4,"item_purchase_floors":[2,25,25,47,47,47,53],"current_hp_per_floor":[68,68,68,68,68,56,56,42,42,37,32,32,32,17,39,9,59,54,54,38,30,30,52,36,36,36,36,31,53,53,53,53,12,59,58,55,51,51,51,48,48,12,12,12,10,53,53,53,75,29,64,75,75,67,0,0],"gold":42,"neow_bonus":"THREE_ENEMY_KILL","is_daily":false,"chose_seed":false,"campfire_upgraded":2,"win_rate":0.0,"timestamp":1614267414,"path_taken":["M","$","M","?","?","E","R","E","T","M","E","M","$","?","R","BOSS","M","?","?","M","?","R","M","$","T","?","E","R","M","M","R","BOSS","M","M","?","M","M","E","R","E","T","?","M","R","?","M","R","BOSS","R","$","E","BOSS"],"items_purchased_type":["Card","Card","Card","Relic","Relic","Card","Potion"],"build_version":"2020-12-22","purchased_purges":2,"victory":false,"max_hp_per_floor":[75,75,75,75,75,75,75,75,75,75,75,75,75,75,75,75,75,75,75,75,75,75,75,75,75,75,75,75,75,75,75,75,75,75,75,75,75,75,75,75,75,75,75,75,75,75,75,75,75,75,75,75,75,75,75,75],"relic_stats":{"Happy Flower":[30],"Torii":20,"counters":[28,97],"Dead Branch":[71],"Blue Candle":[18],"StoneCalendar":[117],"Eternal Feather":54,"Juzu Bracelet":1,"Cursed Key":4,"Boot":[30],"Medical Kit":[3],"Peace Pipe":2,"Nunchaku":[8],"Necronomicon":[37],"obtain_stats":[{"NeowsBlessing":0,"Happy Flower":6,"Torii":40,"Dead Branch":22,"Blue Candle":44,"Vajra":26,"StoneCalendar":8,"Eternal Feather":42,"Juzu Bracelet":11,"Cursed Key":17,"Boot":28,"Medical Kit":47,"Peace Pipe":37,"Nunchaku":47,"Molten Egg 2":27,"Fusion Hammer":34,"Necronomicon":20,"Bag of Marbles":54,"Cracked Core":0,"Symbiotic Virus":9},{"NeowsBlessing":0,"Happy Flower":4,"Torii":22,"Dead Branch":11,"Blue Candle":23,"Vajra":12,"StoneCalendar":5,"Eternal Feather":23,"Juzu Bracelet":7,"Cursed Key":9,"Boot":13,"Medical Kit":24,"Peace Pipe":19,"Nunchaku":24,"Molten Egg 2":12,"Fusion Hammer":16,"Necronomicon":10,"Bag of Marbles":27,"Cracked Core":0,"Symbiotic Virus":5},{"NeowsBlessing":0,"Happy Flower":6,"Torii":75,"Dead Branch":34,"Blue Candle":80,"Vajra":37,"StoneCalendar":11,"Eternal Feather":80,"Juzu Bracelet":18,"Cursed Key":28,"Boot":40,"Medical Kit":83,"Peace Pipe":63,"Nunchaku":83,"Molten Egg 2":37,"Fusion Hammer":52,"Necronomicon":31,"Bag of Marbles":94,"Cracked Core":0,"Symbiotic Virus":11}]},"card_choices":[{"not_picked":["Cold Snap","Blizzard"],"picked":"Doom and Gloom","floor":1.0},{"not_picked":["Beam Cell","Capacitor"],"picked":"Go for the Eyes","floor":3.0},{"not_picked":["Rebound","Leap"],"picked":"Gash","floor":5.0},{"not_picked":["Hello World","Coolheaded"],"picked":"Steam","floor":6.0},{"not_picked":["Turbo","Cold Snap"],"picked":"Seek","floor":8.0},{"not_picked":["Rebound","Storm"],"picked":"Sweeping Beam","floor":10.0},{"not_picked":["Redo","Tempest"],"picked":"Hologram","floor":11.0},{"not_picked":["Meteor Strike","Compile Driver"],"picked":"Defragment","floor":12.0},{"not_picked":["Rainbow","Meteor Strike"],"picked":"Fission","floor":16.0},{"not_picked":["Barrage","Rip and Tear+1"],"picked":"Gash","floor":18.0},{"not_picked":["Blizzard","Coolheaded"],"picked":"Leap","floor":21.0},{"not_picked":["Barrage","Streamline"],"picked":"Rip and Tear","floor":24.0},{"not_picked":["Redo","Creative AI"],"picked":"Gash+1","floor":28.0},{"not_picked":["Compile Driver+1","Force Field"],"picked":"Gash+1","floor":30.0},{"not_picked":["Reprogram","Loop"],"picked":"Leap","floor":31.0},{"not_picked":["Thunder Strike+1","Creative AI"],"picked":"Machine Learning","floor":33.0},{"not_picked":["Storm","Stack"],"picked":"Beam Cell+1","floor":35.0},{"not_picked":["Ball Lightning+1","Darkness+1"],"picked":"White Noise+1","floor":36.0},{"not_picked":["Conserve Battery+1","Coolheaded"],"picked":"Gash+1","floor":37.0},{"not_picked":["Leap","Coolheaded","Lockon+1"],"picked":"SKIP","floor":38.0},{"not_picked":["Gash+1","Doom and Gloom+1"],"picked":"Scrape+1","floor":39.0},{"not_picked":["Double Energy","Genetic Algorithm"],"picked":"Steam Power+1","floor":40.0},{"not_picked":["FTL+1","Compile Driver+1"],"picked":"All For One+1","floor":42.0},{"not_picked":["Cold Snap+1","Steam+1"],"picked":"Gash+1","floor":45},{"not_picked":["Hologram","Storm+1"],"picked":"Recycle+1","floor":48},{"not_picked":["Storm","Ball Lightning+1","Aggregate"],"picked":"SKIP","floor":54}],"player_experience":275779,"relics_obtained":[{"floor":6.0,"key":"Happy Flower"},{"floor":8.0,"key":"StoneCalendar"},{"floor":9.0,"key":"Symbiotic Virus"},{"floor":11.0,"key":"Juzu Bracelet"},{"floor":20.0,"key":"Necronomicon"},{"floor":26.0,"key":"Vajra"},{"floor":27.0,"key":"Molten Egg 2"},{"floor":28.0,"key":"Boot"},{"floor":37.0,"key":"Peace Pipe"},{"floor":40.0,"key":"Torii"},{"floor":42.0,"key":"Eternal Feather"},{"floor":44.0,"key":"Blue Candle"},{"floor":54,"key":"Bag of Marbles"}],"event_choices":[{"cards_removed":["Defend_B"],"damage_healed":0.0,"max_hp_gain":0.0,"max_hp_loss":0.0,"gold_gain":0.0,"event_name":"Purifier","player_choice":"Purged","floor":4.0,"gold_loss":0.0,"damage_taken":0.0},{"damage_healed":0.0,"max_hp_gain":0.0,"max_hp_loss":0.0,"gold_gain":0.0,"event_name":"Shining Light","player_choice":"Entered Light","floor":14.0,"gold_loss":0.0,"damage_taken":15.0,"cards_upgraded":["Strike_B","Defend_B"]},{"damage_healed":0.0,"max_hp_gain":0.0,"max_hp_loss":0.0,"gold_gain":0.0,"event_name":"The Library","player_choice":"Read","floor":19.0,"gold_loss":0.0,"damage_taken":0.0,"cards_obtained":["Gash"]},{"damage_healed":0.0,"max_hp_gain":0.0,"max_hp_loss":0.0,"gold_gain":0.0,"event_name":"Cursed Tome","player_choice":"Obtained Book","floor":20.0,"gold_loss":0.0,"damage_taken":16.0},{"damage_healed":0.0,"max_hp_gain":0.0,"max_hp_loss":0.0,"gold_gain":0.0,"event_name":"The Mausoleum","player_choice":"Opened","floor":22.0,"gold_loss":0.0,"damage_taken":0.0,"relics_obtained":["Dead Branch"]},{"damage_healed":0.0,"max_hp_gain":0.0,"max_hp_loss":0.0,"gold_gain":0.0,"event_name":"MindBloom","player_choice":"Fight","floor":37.0,"gold_loss":0.0,"damage_taken":0.0}],"is_beta":false,"boss_relics":[{"not_picked":["Empty Cage","Astrolabe"],"picked":"Cursed Key"},{"not_picked":["Velvet Choker","Black Star"],"picked":"Fusion Hammer"}],"items_purged_floors":[2,13],"is_endless":false,"potions_floor_spawned":[6,8,10,11,24,31,36,37,38,42,45,48],"killed_by":"The Heart","ascension_level":8}}