{"host":"i8jmqwe1x1fgpvdb","time":1614219145,"event":{"mods":["BaseMod","Minty Spire (QoL Compilation)","StSLib","The Alterego","The Servant 0.9.4"],"gold_per_floor":[117,42,42,62,62,62,81,81,160,176,192,192,38,48,48,146,146,159,159,159,159,59,59,73,73,73],"floor_reached":25,"language":"ZHS","playtime":1533,"items_purged":["alterego_mod:Strike","alterego_mod:Strike"],"score":191,"play_id":"450fed3b-835d-4a52-87a0-f074045e1ed3","local_time":"20210224181225","is_ascension_mode":false,"campfire_choices":[{"data":"alterego_mod:DiscoLights","floor":6.0,"key":"SMITH"},{"data":"alterego_mod:SakuraLabyrinth","floor":8.0,"key":"SMITH"},{"data":"alterego_mod:BigMeatyClaws","floor":12.0,"key":"SMITH"},{"floor":15.0,"key":"REST"},{"data":"alterego_mod:Nekomimi","floor":23,"key":"SMITH"}],"circlet_count":0,"master_deck":["alterego_mod:Strike","alterego_mod:Defend","alterego_mod:Defend","alterego_mod:Defend","alterego_mod:Defend","alterego_mod:Impale+1","alterego_mod:BigMeatyClaws+1","alterego_mod:BrynhildrsRune","alterego_mod:Cushion","alterego_mod:BiFurious","alterego_mod:MaintainEyeContact","alterego_mod:Mirror","alterego_mod:DiscoLights+1","alterego_mod:Bunnysuit","alterego_mod:SakuraLabyrinth+1","alterego_mod:Schoolgirl+1","alterego_mod:Birthday+1","alterego_mod:AlterEgo","alterego_mod:Tantrum+1","alterego_mod:Venus","alterego_mod:Nekomimi+1","alterego_mod:DiscoLights"],"relics":["alterego_mod:MasochisticConstitution","Toxic Egg 2","SlaversCollar","alterego_mod:SomeoneToFightFor","MutagenicStrength"],"acts_visited":["Exordium","TheCity"],"potions_floor_usage":[24],"damage_taken":[{"damage":17.0,"enemies":"Small Slimes","floor":1.0,"turns":4.0},{"damage":9.0,"enemies":"Jaw Worm","floor":4.0,"turns":5.0},{"damage":1.0,"enemies":"Cultist","floor":7.0,"turns":4.0},{"damage":20.0,"enemies":"Lots of Slimes","floor":10.0,"turns":8.0},{"damage":12.0,"enemies":"3 Louse","floor":11.0,"turns":8.0},{"damage":5.0,"enemies":"Looter","floor":14.0,"turns":4.0},{"damage":38.0,"enemies":"Slime Boss","floor":16.0,"turns":9.0},{"damage":5.0,"enemies":"Chosen","floor":18.0,"turns":3.0},{"damage":17,"enemies":"Spheric Guardian","floor":24,"turns":4},{"damage":64,"enemies":"Cultist and Chosen","floor":25,"turns":7}],"seed_played":"2114141846964761642","potions_obtained":[{"floor":7.0,"key":"Swift Potion"},{"floor":10.0,"key":"Energy Potion"},{"floor":11.0,"key":"Weak Potion"},{"floor":16.0,"key":"ColorlessPotion"},{"floor":18.0,"key":"Dexterity Potion"}],"is_trial":false,"path_per_floor":["M","$","?","M","?","R","M","R","T","M","M","R","$","M","R","B",null,"M","$","?","?","$","R","M","M"],"character_chosen":"The_Alterego","items_purchased":["alterego_mod:AlterEgo"],"campfire_rested":1,"item_purchase_floors":[13],"current_hp_per_floor":[54,54,54,46,46,46,46,46,46,34,37,37,37,36,58,24,77,73,73,73,73,73,73,60,0,0],"gold":73,"neow_bonus":"REMOVE_CARD","is_daily":false,"chose_seed":false,"campfire_upgraded":4,"win_rate":0.0,"timestamp":1614219145,"path_taken":["M","$","?","M","?","R","M","R","T","M","M","R","?","?","R","BOSS","M","?","?","?","$","R","M","M"],"items_purchased_type":["Card"],"build_version":"2020-12-22","purchased_purges":2,"victory":false,"max_hp_per_floor":[71,71,71,72,72,72,73,73,73,74,75,75,75,76,76,77,77,78,78,78,78,78,78,79,79,79],"card_choices":[{"not_picked":["alterego_mod:Maid","alterego_mod:BiFurious","alterego_mod:BreastValley"],"picked":"SKIP","floor":1.0},{"not_picked":["alterego_mod:PerceptionDisorder","alterego_mod:TrashNCrash"],"picked":"alterego_mod:Cushion","floor":4.0},{"not_picked":["alterego_mod:MagicResistance","alterego_mod:Undulate"],"picked":"alterego_mod:SakuraLabyrinth","floor":7.0},{"not_picked":["alterego_mod:GoddessCore","alterego_mod:Crossover+1"],"picked":"alterego_mod:Schoolgirl+1","floor":10.0},{"not_picked":["alterego_mod:Table+1","alterego_mod:Santa+1"],"picked":"alterego_mod:Birthday+1","floor":11.0},{"not_picked":["alterego_mod:MaintainEyeContact+1","alterego_mod:PerceptionDisorder"],"picked":"alterego_mod:Tantrum+1","floor":14.0},{"not_picked":["alterego_mod:Lift","alterego_mod:InsideBaseball"],"picked":"alterego_mod:Venus","floor":16.0},{"not_picked":["alterego_mod:Schoolgirl+1","alterego_mod:1TonWallop"],"picked":"alterego_mod:Nekomimi","floor":18.0},{"not_picked":["alterego_mod:Cooking+1","alterego_mod:Maid"],"picked":"alterego_mod:DiscoLights","floor":24}],"player_experience":134813,"relics_obtained":[{"floor":9.0,"key":"Toxic Egg 2"}],"event_choices":[{"damage_healed":0.0,"max_hp_gain":0.0,"max_hp_loss":0.0,"gold_gain":0.0,"event_name":"Living Wall","player_choice":"Grow","floor":3.0,"gold_loss":0.0,"damage_taken":0.0,"cards_upgraded":["alterego_mod:Impale"]},{"damage_healed":0,"gold_gain":0,"player_choice":"Choice 2","damage_taken":0,"relics_obtained":["alterego_mod:SomeoneToFightFor"],"max_hp_gain":0,"max_hp_loss":0,"event_name":"爱的神圣花园","floor":20,"gold_loss":0},{"damage_healed":0,"gold_gain":0,"player_choice":"Inject Mutagens","damage_taken":0,"relics_obtained":["MutagenicStrength"],"max_hp_gain":0,"max_hp_loss":0,"event_name":"Drug Dealer","floor":21,"gold_loss":0}],"is_beta":false,"boss_relics":[{"not_picked":["Empty Cage","Calling Bell"],"picked":"SlaversCollar"}],"items_purged_floors":[2,22],"is_endless":false,"potions_floor_spawned":[7,10,11,16,18],"killed_by":"Cultist and Chosen","ascension_level":0}}