{"host":"7g0ecuqrcv0gintg","time":1614232813,"event":{"mods":["BaseMod","Minty Spire (QoL Compilation)","Replay The Spire","StSLib"],"gold_per_floor":[113,113,113,113,132,132,70,103,126,36,36,52,69,81,81,81,81],"floor_reached":16,"language":"ZHS","playtime":393,"items_purged":["Pain"],"score":229,"play_id":"7a78fc14-7102-4c05-8086-835f5f05826d","local_time":"20210225140013","is_ascension_mode":true,"campfire_choices":[{"floor":6,"key":"REST"},{"floor":15,"key":"REST"}],"circlet_count":0,"master_deck":["AscendersBane","Strike_G","Strike_G+1","Strike_G+1","Strike_G","Strike_G","Defend_G","Defend_G","Defend_G","Defend_G","Defend_G","Survivor","Neutralize","Dagger Throw","Adrenaline","Acrobatics","Reflex","Dagger Throw"],"relics":["Ring of the Snake","NeowsBlessing","Pet Ghost","WarpedTongs","Replay:Wax Seal","Replay:PocketPolymizer","Tiny Chest","Ice Cream"],"acts_visited":["Exordium"],"potions_floor_usage":[16],"damage_taken":[{"damage":0,"enemies":"Small Slimes","floor":1,"turns":1},{"damage":1,"enemies":"Jaw Worm","floor":5,"turns":1},{"damage":0,"enemies":"Gremlin Nob","floor":8,"turns":1},{"damage":0,"enemies":"Cultist","floor":10,"turns":3},{"damage":9,"enemies":"Exordium Thugs","floor":12,"turns":6},{"damage":0,"enemies":"Red Slaver","floor":13,"turns":3},{"damage":2,"enemies":"Exordium Wildlife","floor":14,"turns":4},{"damage":3,"enemies":"The Guardian","floor":16,"turns":5}],"seed_played":"-7406087525967498305","potions_obtained":[{"floor":8,"key":"AttackPotion"},{"floor":12,"key":"CunningPotion"}],"is_trial":false,"path_per_floor":["M","?","?","?","M","R","$","E","T","M","T","M","M","M","R","B"],"character_chosen":"THE_SILENT","items_purchased":["Replay:Wax Seal"],"campfire_rested":2,"item_purchase_floors":[7],"current_hp_per_floor":[59,39,21,21,20,39,39,39,39,39,39,30,30,28,47,44,44],"gold":81,"neow_bonus":"THREE_ENEMY_KILL","is_daily":false,"chose_seed":false,"campfire_upgraded":0,"win_rate":0.0,"timestamp":1614232813,"path_taken":["M","?","?","?","?","R","$","E","T","M","?","M","?","M","R","BOSS"],"items_purchased_type":["Relic"],"build_version":"2020-12-22","purchased_purges":1,"victory":false,"max_hp_per_floor":[66,66,66,66,66,66,66,66,66,66,66,66,66,66,66,66,66],"card_choices":[{"not_picked":["Poisoned Stab","Terror"],"picked":"Dagger Throw","floor":1},{"not_picked":["Predator","Leg Sweep","Concentrate"],"picked":"SKIP","floor":5},{"not_picked":["Tactician","Dash"],"picked":"Adrenaline","floor":8},{"not_picked":["Toxin Wave","Slice"],"picked":"Acrobatics","floor":10},{"not_picked":["Dagger Spray","Quick Slash"],"picked":"Reflex","floor":12},{"not_picked":["PiercingWail","Toxin Wave"],"picked":"Dagger Throw","floor":13},{"not_picked":["Infinite Blades","Catalyst","Riddle With Holes"],"picked":"SKIP","floor":14}],"player_experience":1373439,"relics_obtained":[{"floor":8,"key":"Replay:PocketPolymizer"},{"floor":9,"key":"Tiny Chest"},{"floor":11,"key":"Ice Cream"}],"event_choices":[{"damage_healed":0,"gold_gain":0,"player_choice":"Entered Light","damage_taken":20,"max_hp_gain":0,"max_hp_loss":0,"event_name":"Shining Light","floor":2,"gold_loss":0,"cards_upgraded":["Strike_G","Strike_G"]},{"damage_healed":0,"gold_gain":0,"player_choice":"Success","damage_taken":18,"relics_obtained":["Pet Ghost"],"max_hp_gain":0,"max_hp_loss":0,"event_name":"Scrap Ooze","floor":3,"gold_loss":0},{"damage_healed":0,"gold_gain":0,"player_choice":"Rummage","damage_taken":0,"relics_obtained":["WarpedTongs"],"max_hp_gain":0,"max_hp_loss":0,"event_name":"Accursed Blacksmith","floor":4,"gold_loss":0,"cards_obtained":["Pain"]}],"is_beta":false,"boss_relics":[],"items_purged_floors":[7],"is_endless":false,"potions_floor_spawned":[8,12,14],"killed_by":"The Guardian","ascension_level":16}}