{"host":"64qzurqwi0x0qgxo","time":1614228779,"event":{"mods":["100% Spire Juice","ATMod(∞¢Ë™Mod)","Act Like it!","BaseMod","BetterRewards","Colored Map","Colored Powertips","Downfall","Gensokyo","Googly Eyes","Keyboard Shortcuts","Koishi","KomeijiMod","Library of Ruina","Library of Ruina Extra","Marisa£®ÏF”Í°°ƒß¿Ì…≥£©","Minty Spire (QoL Compilation)","MostiFishMod","Quick Restart","Rare Cards Sparkle","Reimu£®≤©¿ˆ¡È√Œ£©","Relic Stats","Remilia_Scarlet Moed£®¿Ÿ√◊¿Ú—«°§Àπø®¿◊Ãÿ£©3.3.5","Remove Card Discount Mod","Replay The Spire","StSLib","The Animator","noobMod"],"gold_per_floor":[110,120,136,146,163,198,215,215,215,228,248,267,297,317,317,416,416,427,427,437,456,38,72,72,100,100,300,298,315,327,337,337,437,437,455,304,351,5,24,24,52,52,79,0,19,19,30,65,65,65,65,65,65,53,85,85],"floor_reached":57,"language":"ZHS","playtime":2370,"items_purged":["Dodge","LightDefense","LightAttack","LightAttack","LightAttack","LightDefense","LightDefense","ChargeAndCover","PuppetBlockade","Shame","WillOfThePrescript","WillOfThePrescript","YouOnlyLiveOnce","Riposte","SuanNi","Multislash","FocusedStrikes","ToWhereThePrescriptPoints","BayonetCombat","EnergyBeam","Feast","BindingArms","Bvapour","FleshFillet","BoundaryOfDeath","MostiFishMod:MusicBox+1","SetFire"],"score":1545,"play_id":"59753b30-107c-446e-bcf6-17dd6d37b315","local_time":"20210225125259","is_ascension_mode":false,"campfire_choices":[{"floor":15,"key":"RECALL"},{"data":"AT_DarkMatter","floor":32,"key":"SMITH"},{"data":"CleanUp","floor":40,"key":"SMITH"},{"data":"CleanUp","floor":42,"key":"SMITH"},{"data":"Marionette","floor":49,"key":"SMITH"},{"data":"GreatSerpentsImpact","floor":53,"key":"SMITH"}],"circlet_count":0,"master_deck":["AT_DarkMatter+1","Marionette+1","Unlock1","GreatSerpentsImpact+1","CleanUp+1","CleanUp+1","IllEndYou+1","MirageStorm","QuickSuppression+1","SinglePointStab+1"],"relics":["PageOfLibrarian","ice","DaveBox","AT_ATBox","NeowsBlessing","Civilization","SynthV:TestCard","Happy Flower","Frozen Egg 2","White Beast Statue","ChiXiaoBlade","Dodecahedron","Replay:Ringing Soul","Centennial Puzzle","AT_GoldPhoenixTree","PageOfWizard","AT_TimeSand","GreenFoldingFan","CatCart","RuthlessExorcism:ReiMu","PageOfTheSilentOrchestra","Red Mask","Blue Candle","HornCleat","StoneCalendar"],"acts_visited":["Exordium","TheCity","TheBeyond","TheEnding"],"potions_floor_usage":[],"damage_taken":[{"damage":0,"enemies":"Cultist","floor":1,"turns":1},{"damage":0,"enemies":"Small Slimes","floor":2,"turns":1},{"damage":0,"enemies":"Jaw Worm","floor":3,"turns":1},{"damage":0,"enemies":"Large Slime","floor":4,"turns":4},{"damage":0,"enemies":"Looter","floor":5,"turns":2},{"damage":0,"enemies":"Gremlin Nob","floor":6,"turns":3},{"damage":0,"enemies":"Red Slaver","floor":7,"turns":2},{"damage":0,"enemies":"3 Louse","floor":10,"turns":2},{"damage":0,"enemies":"Blue Slaver","floor":11,"turns":3},{"damage":0,"enemies":"Looter","floor":12,"turns":2},{"damage":21,"enemies":"Lagavulin","floor":13,"turns":3},{"damage":0,"enemies":"Exordium Thugs","floor":14,"turns":2},{"damage":2,"enemies":"Slime Boss","floor":16,"turns":4},{"damage":11,"enemies":"2 Thieves","floor":18,"turns":3},{"damage":0,"enemies":"Chosen","floor":20,"turns":3},{"damage":21,"enemies":"Snake Plant","floor":21,"turns":2},{"damage":5,"enemies":"Replay:Snechameleon","floor":23,"turns":2},{"damage":30,"enemies":"Book of Stabbing","floor":25,"turns":3},{"damage":12,"enemies":"Sentry and Sphere","floor":29,"turns":3},{"damage":22,"enemies":"Shelled Parasite and Fungi","floor":30,"turns":2},{"damage":27,"enemies":"Snake Plant","floor":31,"turns":2},{"damage":69,"enemies":"KingOfGreed","floor":33,"turns":8},{"damage":8,"enemies":"3 Shapes","floor":35,"turns":2},{"damage":36,"enemies":"Orin","floor":37,"turns":3},{"damage":4,"enemies":"3 Darklings","floor":39,"turns":1},{"damage":17,"enemies":"R_Hoarder","floor":41,"turns":2},{"damage":14,"enemies":"Jaw Worm Horde","floor":45,"turns":2},{"damage":42,"enemies":"Maw","floor":47,"turns":3},{"damage":14,"enemies":"Nemesis","floor":48,"turns":2},{"damage":75,"enemies":"Awakened One","floor":50,"turns":4},{"damage":138,"enemies":"Awakened One","floor":51,"turns":7},{"damage":4,"enemies":"Shield and Spear","floor":55,"turns":1},{"damage":109,"enemies":"The Heart","floor":56,"turns":4}],"seed_played":"7238793090764274617","potions_obtained":[{"floor":1,"key":"champ:CounterPotion"},{"floor":11,"key":"LiquidBronze"},{"floor":14,"key":"Fire Potion"},{"floor":33,"key":"DistilledChaos"}],"is_trial":false,"path_per_floor":["M","M","M","M","M","E","M","?","T","M","M","M","E","M","R_BF","B",null,"M","?","M","M","$","E","?","E","T","?","$","M","M","M","R","B",null,"M","$","?","$","M","R","E","R","T","?","M","?","M","E","R","B",null,null,"R","$","E","B",null],"character_chosen":"Librarian","items_purchased":["Dodecahedron","Replay:Ringing Soul","EnergyBeam","MostiFishMod:MusicBox+1","RuthlessExorcism:ReiMu"],"campfire_rested":0,"item_purchase_floors":[22,22,36,38,38],"current_hp_per_floor":[61,64,68,73,78,83,90,90,90,94,99,106,90,99,99,106,133,128,128,133,117,117,124,127,105,105,105,105,105,91,69,69,12,195,199,202,188,191,202,202,203,203,203,203,204,197,170,171,171,111,33,300,300,300,305,211],"gold":85,"neow_bonus":"THREE_ENEMY_KILL","is_daily":false,"chose_seed":false,"campfire_upgraded":5,"win_rate":0.0,"timestamp":1614228779,"path_taken":["M","M","M","M","M","E","?","?","T","M","M","M","E","M","R_BF","BOSS","M","?","M","M","$","E","?","E","T","?","$","M","M","M","R","BOSS","M","$","?","$","M","R","E","R","T","?","M","?","M","E","R","BOSS","R","$","E","BOSS"],"items_purchased_type":["Relic","Relic","Card","Card","Relic"],"build_version":"2020-12-22","purchased_purges":27,"victory":true,"max_hp_per_floor":[79,72,89,90,89,90,93,93,93,94,108,106,125,121,130,133,133,128,128,133,135,135,144,147,168,168,168,168,186,171,202,202,195,195,199,202,208,211,349,237,235,245,245,245,223,223,240,234,245,250,300,300,300,300,305,310],"relic_stats":{"Centennial Puzzle":[50],"Happy Flower":[25],"counters":[33,89],"Blue Candle":[0],"StoneCalendar":[0],"obtain_stats":[{"AT_ATBox":0,"DaveBox":0,"StoneCalendar":55,"ice":0,"AT_TimeSand":26,"Civilization":0,"Replay:Ringing Soul":22,"GreenFoldingFan":34,"Centennial Puzzle":23,"HornCleat":48,"PageOfWizard":25,"Red Mask":44,"NeowsBlessing":0,"Happy Flower":6,"Dodecahedron":22,"Blue Candle":46,"AT_GoldPhoenixTree":24,"Frozen Egg 2":9,"White Beast Statue":13,"PageOfLibrarian":0,"SynthV:TestCard":1,"PageOfTheSilentOrchestra":41,"ChiXiaoBlade":17,"CatCart":37,"RuthlessExorcism:ReiMu":38},{"AT_ATBox":0,"DaveBox":0,"StoneCalendar":32,"ice":0,"AT_TimeSand":18,"Civilization":0,"Replay:Ringing Soul":16,"GreenFoldingFan":22,"Centennial Puzzle":17,"HornCleat":29,"PageOfWizard":18,"Red Mask":26,"NeowsBlessing":0,"Happy Flower":6,"Dodecahedron":16,"Blue Candle":27,"AT_GoldPhoenixTree":17,"Frozen Egg 2":7,"White Beast Statue":11,"PageOfLibrarian":0,"SynthV:TestCard":1,"PageOfTheSilentOrchestra":26,"ChiXiaoBlade":13,"CatCart":24,"RuthlessExorcism:ReiMu":24},{"AT_ATBox":0,"DaveBox":0,"StoneCalendar":85,"ice":0,"AT_TimeSand":43,"Civilization":0,"Replay:Ringing Soul":38,"GreenFoldingFan":58,"Centennial Puzzle":40,"HornCleat":73,"PageOfWizard":43,"Red Mask":66,"NeowsBlessing":0,"Happy Flower":12,"Dodecahedron":38,"Blue Candle":68,"AT_GoldPhoenixTree":40,"Frozen Egg 2":14,"White Beast Statue":24,"PageOfLibrarian":0,"SynthV:TestCard":1,"PageOfTheSilentOrchestra":66,"ChiXiaoBlade":30,"CatCart":63,"RuthlessExorcism:ReiMu":63}]},"card_choices":[{"not_picked":["PreemptiveStrike","DimensionalRift","RapidGashes","BackAttack","SuanNi","Outburst","UpbeatPerformance","Struggle"],"picked":"WillOfThePrescript","floor":1},{"not_picked":["Concentration","FrontalAssault","QuickSuppression","TheArtOfRapidSteps","Pound","DesperateStruggle","Eradication","UndertakePrescript","SharpSwipe","Parry2"],"picked":"Marionette","floor":2},{"not_picked":["GrazeTheGrass","TasteMyFlamingBat","Wallop_lor","EnergyCycle","UnavoidableGaze","SavageMode","FierceCharge","TrimTheIngredients","BackAttack","HighSpeedStabbing"],"picked":"BindingArms","floor":3},{"not_picked":["GreatSerpentsImpact","OpportunitySpotted","Thrust","StrongStrike","AutonomousRush","Retaliate","Multislash","Tttonst","ScatteringSlash","SinglePointStab"],"picked":"Unlock1","floor":4},{"not_picked":["PinpointShot","CrackOfDawn","FleetEdge","Reload","BiXi","AssaultOrder","Concentration","Quickness","MultiHit","SunsetBlade"],"picked":"PuppetBlockade","floor":5},{"not_picked":["EnergyShield","BackAttack","DarkCloud","GuardingStance","Marionette","TasteMyFlamingBat","SnakesPrey","Wallop_lor","AlloutWar","UpbeatPerformance"],"picked":"GreatSerpentsImpact","floor":6},{"not_picked":["AsThePrescriptOrders","ExtractFuel","GrazeTheGrass","EnergyStrike","TasteMyFlamingBat","UpbeatPerformance","EndlessBattle","HeavyPeaks","BackAttack","GuidanceOfTheGears"],"picked":"Feast","floor":7},{"not_picked":["HandleRequest","RushDown","WillProduceFineSilk","MultiHit","Parry2+1","BattleCommand","GuidanceOfTheGears","SharpSwipe","FlyingSword","GreatSerpentsImpact"],"picked":"Bvapour","floor":10},{"not_picked":["CutIn","Gigigig","FormingStorm","HiddenBlade","SweepTheBackstreets","Rewind","Fence","StrikeDown","SinglePointStab","CombatPreparation"],"picked":"Multislash","floor":11},{"not_picked":["Faith","Observe","FleetFootsteps","ViolentFlame+1","Outburst","Rewind","PinpointShot","DefenseOrder","SkitterAway","ExtremeEdge"],"picked":"YouOnlyLiveOnce","floor":12},{"not_picked":["SuppressingShot","BackAttack","Guardian_lor","FrontalAssault","Marionette","UncannyStrike","NightInTheBackstreets","GrazeTheGrass","SerpentineBarrier","HandleRequest"],"picked":"SetFire","floor":13},{"not_picked":["Track","IllEndYou","AsThePrescriptOrders","Pound","FeatherShield","Zzzzzap","BladeWhirl","FervidEmotions","Unlock1","HandleRequest"],"picked":"CleanUp","floor":14},{"not_picked":["Tttonst","RepressedFlesh","BlazingStrike","Cruelty"],"picked":"FleshFillet","floor":16},{"not_picked":["Endure","StrikeDown+1","CoordinatedAssault+1","DimensionalRift","DesperateStruggle","FlamingDragonFist","SpearedSweep+1","StrongStrike+1","Faith","Leap_lor"],"picked":"WillOfThePrescript","floor":18},{"not_picked":["UpbeatPerformance","RatsGuideToSurvival","SuppressingShot","ScatteringSlash","ProselytesBlade+1","TendonChords+1","MultiHit","Parry","Leap_lor","UndertakePrescript"],"picked":"BayonetCombat","floor":20},{"not_picked":["BiAn+1","Eliminate","FeelinGood","DestructiveImpact","AsThePrescriptOrders","SuppressingShot","DesperateStruggle+1","HeavyPeaks","GrazeTheGrass","SmokingPipe"],"picked":"ToWhereThePrescriptPoints","floor":21},{"not_picked":["BiXi","SomberProcuration","FierceCharge+1","AsThePrescriptOrders","SerpentSwordTechnique","CrackOfDawn","SnakesPrey+1","ProselytesBlade+1","HiddenBlade","Parry+1"],"picked":"CleanUp","floor":23},{"not_picked":["WaitUp+1","StrongStrike","Thirst","Bvapour","Pound+1","WillProduceFineSilk","GuardingStance+1","SpearedSweep","HandleRequest","StrikeDown"],"picked":"SuanNi","floor":25},{"not_picked":["HiddenBlade","StrikeDown","MultiHit","DirtyBlow","CookingPrep","Reload","UnavoidableGaze","FleetEdge","FleetFootsteps","GuardingStance"],"picked":"IllEndYou+1","floor":29},{"not_picked":["Quickness","BiAn","AsThePrescriptOrders","GutHarvesting","FierceCharge","BiXi","SearingSword","IngredientHunt","AbsorbImpact","Overpower"],"picked":"Riposte","floor":30},{"not_picked":["OpportunitySpotted","UnavoidableGaze","Rewind","FrontalAssault","Faith+1","ViolentFlame+1","IdentifyWeakpoint","ConcentratedFire+1","DeepDrag+1","Parry2+1","HiddenBlade"],"picked":"SKIP","floor":31},{"not_picked":["GoinFirst","WillProduceFineSilk","Transpierce","DaringDecision"],"picked":"MirageStorm","floor":33},{"not_picked":["SkitterAway","Rewind+1","ProselytesBlade","GrazeTheGrass","Thrust","StrikeDown","SmokingPipe+1","UpbeatPerformance+1","BackstreetsDash+1","WillOfThePrescript+1"],"picked":"QuickSuppression+1","floor":35},{"not_picked":["CoordinatedAssault+1","EndlessBattle","DesperateStruggle+1","FlyingSword+1","MirageStorm","GrazeTheGrass","CircusKnives+1","YoureAHindrance","Standoff","IllEndYou"],"picked":"SinglePointStab+1","floor":37},{"not_picked":["ExtremeEdge+1","HandlingWork","StrongStrike+1","SmokingPipe+1","DirtyBlow+1","GaleKick+1","Thirst","RhinoRam+1","Feast","FlashingStrike","WaitUp+1"],"picked":"SKIP","floor":39},{"not_picked":["StrikeDown+1","UpbeatPerformance","BiXi","DefenseOrder","GreatSerpentsImpact","GuidanceOfTheGears+1","SinglePointStab+1","Execute_lor","Decapitation","GrazeTheGrass+1"],"picked":"BoundaryOfDeath","floor":41},{"not_picked":["LossOfSenses+1","MindCrush","ShockRound+1","FendThisOffIfYouCan+1","HandleRequest","Parry","BiAn","SturdyDefense","BulkyImpact","CoordinatedAssault","FlashingStrike"],"picked":"SKIP","floor":45},{"not_picked":["SerpentSwordTechnique+1","GreatSerpentsImpact+1","Eliminate","HandleRequest","GrazeTheGrass","HiddenBlade","FierceOnslaught","AutomatedMovement+1","Zzzzzap","DarkCloud+1","FleetEdge"],"picked":"SKIP","floor":47},{"not_picked":["DeepDrag+1","ExtractFuel+1","Pound+1","IllEndYou+1","MindCrush","MultiBlock","FervidEmotions","Riposte+1","DirtyBlow+1","Overpower","Feast+1"],"picked":"SKIP","floor":48},{"not_picked":["SnakesPrey+1","SerpentSwordTechnique+1","VenomousFangs","ClassAndRespect+1","Feast+1","Thrust","FlowOfTheSword","TendonChords","SuanNi","Reload+1","SunsetBlade+1"],"picked":"SKIP","floor":55}],"player_experience":154297,"relics_obtained":[{"floor":1,"key":"SynthV:TestCard"},{"floor":6,"key":"Happy Flower"},{"floor":9,"key":"Frozen Egg 2"},{"floor":13,"key":"White Beast Statue"},{"floor":23,"key":"Centennial Puzzle"},{"floor":25,"key":"PageOfWizard"},{"floor":26,"key":"AT_TimeSand"},{"floor":37,"key":"CatCart"},{"floor":41,"key":"PageOfTheSilentOrchestra"},{"floor":48,"key":"HornCleat"},{"floor":55,"key":"StoneCalendar"}],"event_choices":[{"damage_healed":0,"gold_gain":0,"player_choice":"Ignored","damage_taken":0,"max_hp_gain":0,"max_hp_loss":0,"event_name":"Liars Game","floor":8,"gold_loss":0},{"cards_removed":["LightDefense"],"damage_healed":0,"gold_gain":0,"player_choice":"Elegance","damage_taken":0,"max_hp_gain":0,"max_hp_loss":0,"event_name":"Back to Basics","floor":19,"gold_loss":0},{"damage_healed":0,"gold_gain":0,"player_choice":"Stole Relic","damage_taken":0,"relics_obtained":["AT_GoldPhoenixTree"],"max_hp_gain":0,"max_hp_loss":0,"event_name":"Addict","floor":24,"gold_loss":0,"cards_obtained":["Shame"]},{"damage_healed":0,"gold_gain":200,"player_choice":"Gold","damage_taken":0,"max_hp_gain":0,"max_hp_loss":0,"event_name":"Wheel of Change","floor":27,"gold_loss":0},{"damage_healed":0,"gold_gain":0,"player_choice":"Fight","damage_taken":0,"max_hp_gain":0,"max_hp_loss":0,"event_name":"OrinTheCat","floor":37,"gold_loss":0},{"damage_healed":0,"gold_gain":0,"player_choice":"Paid","damage_taken":0,"relics_obtained":["Red Mask"],"max_hp_gain":0,"max_hp_loss":0,"event_name":"Tomb of Lord Red Mask","floor":44,"gold_loss":79}],"is_beta":false,"boss_relics":[{"not_picked":["GuanYuAspect","Tiny House"],"picked":"ChiXiaoBlade"},{"not_picked":["HereWithMe","Philosopher\u0027s Stone"],"picked":"GreenFoldingFan"}],"items_purged_floors":[22,22,22,22,22,22,22,22,22,28,36,36,36,36,36,36,38,38,38,38,38,54,54,54,54,54,54],"is_endless":false,"potions_floor_spawned":[1,2,7,11,14,16,18,20,21,23,25,29,30,31,33,35,37,39,41,45,47,48,51,55],"ascension_level":0}}