{"host":"gm50ke85n5jz306u","time":1614230667,"event":{"mods":["AchievementEnabler","AlwaysNeverKeys","Aspiration","BaseMod","Beaked The Cultist","Bestiary","Better Altar","Better Match","Better Note","Better Sensory Stone","Better Skull","Better Third Choice","Better Vampires","Better-Laid Plans","BetterRewards","Colored Powertips","Curses Come First","DNKmod","Defuse TimeMaze Blight","Disable Question Mark Monsters","Displayed Cursed Tome","Downfall","Emptier Cage","Extra Virgin Snecko Oil","Filter the Spire","Friendly Minions","Gremlin Skip","Hermit","Hubris","Hyrulean Relics","Ironclad Rager","Koishi","Lobotomy","Marisa????????","Marked Mod","Minty Spire (QoL Compilation)","Permanent Neow","Poor People Problems","Quick Restart","Reimu??????","Relic Filter Mod","Relic Sorter","Remove Card Discount Mod","Reorder Act Four","Replay The Spire","Shop Mod","StSLib","Synergy Search","Td1madao Mod","The Administrix","The Animator","The Blue Laboratory","The Bug Knight","The Construct","The Cursed","The Disciple","The Hierophant","The Necromancer","The Runesmith","The Senshi","The Servant 0.9.4","Thieving Mod","Transform Curses","WarShipGirlsR/????R mod"],"gold_per_floor":[10015,9231,9231,9245,9260,9260,9260,9291,9344,8442,8453,8453,8453,8484,8484,8582,8582,8599,8599,8613,8613,8613,8633,8102,8102,8129,7453,7453,7453,7464,7477,7477,7477,7477],"floor_reached":33,"language":"ENG","playtime":1499,"items_purged":["Bash","Strike_R","Blood for Blood+1","Impervious+1","Power Through+1","Strike_R","Strike_R","Strike_R+1","Cleave"],"score":342,"play_id":"993ace4d-d14a-4fca-9123-3d9a6948cd10","local_time":"20210225062427","is_ascension_mode":true,"campfire_choices":[{"data":"Metallicize","floor":6.0,"key":"SMITH"},{"data":"Entrench","floor":13.0,"key":"SMITH"},{"data":"Pommel Strike","floor":15.0,"key":"SMITH"},{"data":"Metallicize","floor":25.0,"key":"SMITH"},{"data":"Cleave","floor":29.0,"key":"SMITH"},{"data":"Headbutt","floor":32,"key":"SMITH"}],"circlet_count":0,"master_deck":["Defend_R","Defend_R","Defend_R","Defend_R+1","Master of Strategy","Entrench+1","Metallicize+1","Flash of Steel+1","Pommel Strike+1","Twin Strike+1","Headbutt+1","Cleave+1","Metallicize+1","Pommel Strike+1","Shrug It Off+1","Cleave+1","Dramatic Entrance+1","Sword Boomerang+1"],"relics":["Burning Blood","Letter Opener","MerchantsRug","hubris:ChampionShield","aspiration:RitualStick","aspiration:HummingbirdHeart","RuthlessExorcism:ReiMu","Frozen Eye","Mango","Strange Spoon","aspiration:FetidBarrel","Replay:Bottled Snecko","Astrolabe","Molten Egg 2","Blood Vial","War Paint","Enchiridion"],"acts_visited":["Exordium","TheCity"],"potions_floor_usage":[33,33],"damage_taken":[{"damage":1.0,"enemies":"Cultist","floor":1.0,"turns":3.0},{"damage":2.0,"enemies":"Small Slimes","floor":4.0,"turns":3.0},{"damage":1.0,"enemies":"Jaw Worm","floor":5.0,"turns":3.0},{"damage":46.0,"enemies":"Lagavulin","floor":8.0,"turns":9.0},{"damage":0.0,"enemies":"3 Louse","floor":11.0,"turns":2.0},{"damage":8.0,"enemies":"3 Sentries","floor":14.0,"turns":5.0},{"damage":17.0,"enemies":"Hexaghost","floor":16.0,"turns":11.0},{"damage":16.0,"enemies":"Shell Parasite","floor":18.0,"turns":6.0},{"damage":9.0,"enemies":"Chosen and Byrds","floor":20.0,"turns":7.0},{"damage":6.0,"enemies":"Snecko","floor":23.0,"turns":6.0},{"damage":0.0,"enemies":"3 Cultists","floor":30.0,"turns":3.0},{"damage":8,"enemies":"Snake Plant","floor":31,"turns":3},{"damage":48,"enemies":"Automaton","floor":33,"turns":10}],"seed_played":"4460231440921022922","potions_obtained":[{"floor":18.0,"key":"Doom Potion"}],"is_trial":false,"path_per_floor":["M","$","?","M","M","R","?","E","T","$","M","?","R","E","R","B",null,"M","?","M","?","?","M","$","R","T","$","?","R","M","M","R","B"],"character_chosen":"IRONCLAD","items_purchased":["hubris:ChampionShield","Frozen Eye","aspiration:HummingbirdHeart","Inflame","MerchantsRug","Mango","Strange Spoon","aspiration:FetidBarrel","Flash of Steel","EssenceOfSteel","Weak Potion","Molten Egg 2","Blood Vial","Metallicize","Pommel Strike+1","Letter Opener","Shrug It Off","Cleave+1","War Paint","Dramatic Entrance+1","blueLaboratory:IronCompound","Strength Potion"],"campfire_rested":0,"item_purchase_floors":[2,2,2,2,2,10,10,10,10,10,10,24,24,24,24,27,27,27,27,27,27,27],"current_hp_per_floor":[72,72,72,72,72,72,72,32,32,46,52,35,35,33,33,22,70,60,60,57,40,40,40,40,40,40,40,24,24,32,32,32,0,0],"gold":7477,"neow_bonus":"RANDOM_COLORLESS_2","is_daily":false,"chose_seed":false,"campfire_upgraded":6,"win_rate":0.0,"timestamp":1614230667,"path_taken":["M","$","?","M","M","R","?","E","T","$","?","?","R","E","R","BOSS","M","?","M","?","?","M","$","R","T","$","?","R","M","M","R","BOSS"],"items_purchased_type":["Relic","Relic","Relic","Card","Relic","Relic","Relic","Relic","Card","Potion","Potion","Relic","Relic","Card","Card","Relic","Card","Card","Relic","Card","Potion","Potion"],"build_version":"2020-12-22","purchased_purges":9,"victory":false,"max_hp_per_floor":[72,72,72,72,72,72,72,72,72,86,86,86,86,86,86,86,86,86,86,86,86,86,86,86,86,86,86,86,86,86,86,86,86,86],"card_choices":[{"not_picked":["Secret Technique","Secret Weapon"],"picked":"Master of Strategy","floor":0.0},{"not_picked":["Second Wind","Run Through"],"picked":"Cleave","floor":1.0},{"not_picked":["Power Through","Run Through"],"picked":"Entrench","floor":4.0},{"not_picked":["Perfected Strike","Warcry"],"picked":"Metallicize","floor":5.0},{"not_picked":["Shockwave","Thunderclap","Carnage"],"picked":"SKIP","floor":8.0},{"not_picked":["Burning Pact","Second Wind"],"picked":"Pommel Strike","floor":11.0},{"not_picked":["Flex","Wild Strike","Thunderclap"],"picked":"SKIP","floor":14.0},{"not_picked":["Hemogenesis","hubris:StunningStrike"],"picked":"Juggernaut","floor":16.0},{"not_picked":["Dual Wield","Dropkick+1"],"picked":"Twin Strike+1","floor":18.0},{"not_picked":["Pommel Strike","Abandon"],"picked":"Headbutt","floor":20.0},{"not_picked":["Disarm","ReplayTheSpireMod:Strike From Hell"],"picked":"Cleave","floor":23.0},{"not_picked":["Thunderclap+1","ReplayTheSpireMod:Corrosion Curse"],"picked":"Sword Boomerang+1","floor":30.0},{"not_picked":["Flame Barrier","Clash+1","Battle Trance"],"picked":"SKIP","floor":31}],"player_experience":456992,"relics_obtained":[{"floor":9.0,"key":"RuthlessExorcism:ReiMu"},{"floor":14.0,"key":"Replay:Bottled Snecko"}],"event_choices":[{"damage_healed":0.0,"max_hp_gain":0.0,"max_hp_loss":0.0,"gold_gain":1.0,"event_name":"betterStone:BetterStone","player_choice":"1","floor":3.0,"gold_loss":0.0,"damage_taken":0.0},{"damage_healed":0.0,"max_hp_gain":0.0,"max_hp_loss":0.0,"gold_gain":0.0,"event_name":"betterNote:BetterNote","player_choice":"Ignored","floor":7.0,"gold_loss":0.0,"damage_taken":0.0,"cards_obtained":["Apotheosis"]},{"damage_healed":52.0,"max_hp_gain":0.0,"max_hp_loss":86.0,"gold_gain":0.0,"event_name":"betterThird:BetterShining","player_choice":"Upgrade","floor":12.0,"gold_loss":0.0,"damage_taken":17.0,"cards_upgraded":["Strike_R","Flash of Steel"]},{"damage_healed":0.0,"max_hp_gain":0.0,"max_hp_loss":0.0,"gold_gain":0.0,"event_name":"Ghosts","player_choice":"Ignored","floor":19.0,"gold_loss":0.0,"damage_taken":0.0},{"damage_healed":0.0,"max_hp_gain":0.0,"max_hp_loss":0.0,"gold_gain":0.0,"event_name":"Cursed Tome","player_choice":"Obtained Book","floor":28.0,"gold_loss":0.0,"damage_taken":16.0}],"is_beta":false,"boss_relics":[{"not_picked":["Pandora\u0027s Box","Electric Blood"],"picked":"Astrolabe"}],"items_purged_floors":[2,2,24,24,24,24,24,24,27],"is_endless":false,"potions_floor_spawned":[4,5,18,31],"killed_by":"Automaton","ascension_level":7}}