{"host":"7jl4uf745pjtflnx","time":1614264483,"event":{"mods":["BaseMod","BetterRewards","Hubris","Minty Spire (QoL Compilation)","Reliquary","Replay The Spire","StSLib","SuperFastMode","The Construct"],"gold_per_floor":[19,31,31,47,64,64,97,97,97,109,109,73,73,91,91,192,192,211,211,211,225,75,105,120,120,120,120,189,189,4,17,17,118,118,137,17,28,46,46,74,0,0,26,54,54,67,87,105,105,105,105],"floor_reached":50,"language":"ENG","playtime":1578,"items_purged":["Strike_G","Strike_G"],"score":548,"play_id":"ca3e6c37-f669-4ce2-a7c9-cf9a8f71b955","local_time":"20210225094803","is_ascension_mode":true,"campfire_choices":[{"data":"Noxious Fumes","floor":6,"key":"SMITH"},{"data":"Deadly Poison","floor":8,"key":"SMITH"},{"data":"Neutralize","floor":11,"key":"SMITH"},{"data":"Caltrops","floor":15,"key":"SMITH"},{"data":"Noxious Fumes","floor":25,"key":"SMITH"},{"floor":29,"key":"REST"},{"floor":32,"key":"REST"},{"floor":42,"key":"REST"},{"floor":49,"key":"REST"}],"circlet_count":0,"master_deck":["Strike_G","Strike_G+1","Strike_G+1","Defend_G","Defend_G","Defend_G","Defend_G","Defend_G","Survivor","Neutralize+1","Burst+1","Deadly Poison+1","Noxious Fumes+1","Die Die Die","Caltrops+1","Poison Darts+1","Dagger Spray","Noxious Fumes+1","Poisoned Stab","Necronomicurse","Specialist","Toxin Wave","Replay:Bag of Tricks","Cloak And Dagger","Footwork","Backflip","Madness","Madness","Underhanded Strike+1","Cloak And Dagger+1","PiercingWail+1"],"relics":["reliquary:Spinner","Bag of Marbles","Sizzling Blood","Replay:Bronze Core","reliquary:Spinner","reliquary:Stiletto","Necronomicon","Fusion Hammer","Whetstone","Red Mask","PreservedInsect","reliquary:ExpiredCoupon"],"acts_visited":["Exordium","TheCity","TheBeyond"],"potions_floor_usage":[16,16,21,23,33,33,48,50,50],"damage_taken":[{"damage":3,"enemies":"Jaw Worm","floor":1,"turns":7},{"damage":0,"enemies":"Cultist","floor":2,"turns":4},{"damage":0,"enemies":"2 Louse","floor":4,"turns":2},{"damage":12,"enemies":"Exordium Wildlife","floor":5,"turns":8},{"damage":9,"enemies":"Replay:BlueRogue","floor":7,"turns":6},{"damage":0,"enemies":"Blue Slaver","floor":10,"turns":3},{"damage":1,"enemies":"Gremlin Gang","floor":14,"turns":4},{"damage":9,"enemies":"Hexaghost","floor":16,"turns":7},{"damage":0,"enemies":"3 Byrds","floor":18,"turns":5},{"damage":0,"enemies":"Spheric Guardian","floor":21,"turns":3},{"damage":32,"enemies":"Gremlin Leader","floor":23,"turns":6},{"damage":5,"enemies":"Chosen and Byrds","floor":24,"turns":6},{"damage":13,"enemies":"Cultist and Chosen","floor":31,"turns":6},{"damage":40,"enemies":"Champ","floor":33,"turns":9},{"damage":5,"enemies":"3 Shapes","floor":35,"turns":5},{"damage":0,"enemies":"Orb Walker","floor":37,"turns":4},{"damage":12,"enemies":"Spire Growth","floor":38,"turns":6},{"damage":40,"enemies":"Reptomancer","floor":40,"turns":6},{"damage":24,"enemies":"Giant Head","floor":44,"turns":7},{"damage":0,"enemies":"Sphere and 2 Shapes","floor":46,"turns":2},{"damage":3,"enemies":"3 Darklings","floor":47,"turns":3},{"damage":5,"enemies":"Spire Growth","floor":48,"turns":4},{"damage":55,"enemies":"Replay:Hell Engine","floor":50,"turns":9}],"seed_played":"5431084693808561970","potions_obtained":[{"floor":5,"key":"Dexterity Potion"},{"floor":10,"key":"Explosive Potion"},{"floor":14,"key":"Strength Potion"},{"floor":16,"key":"SteroidPotion"},{"floor":18,"key":"Energy Potion"},{"floor":23,"key":"Energy Potion"},{"floor":24,"key":"LiquidMemories"},{"floor":38,"key":"Doom Potion"},{"floor":40,"key":"Fire Potion"},{"floor":44,"key":"Block Potion"},{"floor":48,"key":"ColorlessPotion"}],"is_trial":false,"path_per_floor":["M","M","?","M","M","R","E","R","T","M","R","$","?","M","R","B",null,"M","?","?","M","$","E","M","R","T","?","T","R","$","M","R","B",null,"M","$","M","M","?","E","?","R","T","E","$","M","M","M","R","B"],"character_chosen":"THE_SILENT","items_purchased":["Caltrops","Noxious Fumes","Specialist","Footwork","Backflip"],"campfire_rested":4,"item_purchase_floors":[12,22,30,36,36],"current_hp_per_floor":[67,67,67,67,55,55,46,46,46,46,46,46,50,53,53,48,74,74,60,60,64,64,36,35,35,35,19,19,42,42,33,56,20,79,78,78,79,71,61,25,25,48,48,28,28,32,33,32,55,0,0],"gold":105,"neow_bonus":"THREE_RARE_CARDS","is_daily":false,"chose_seed":false,"campfire_upgraded":5,"win_rate":0.0,"timestamp":1614264483,"path_taken":["M","M","?","?","M","R","E","R","T","M","R","$","?","M","R","BOSS","M","?","?","M","$","E","?","R","T","?","?","R","$","M","R","BOSS","M","$","M","?","?","E","?","R","T","E","?","M","?","M","R","BOSS"],"items_purchased_type":["Card","Card","Card","Card","Card"],"build_version":"2020-12-22","purchased_purges":2,"victory":false,"max_hp_per_floor":[70,70,70,70,70,70,70,70,70,70,70,70,74,74,74,74,74,74,79,79,79,79,79,79,79,79,79,79,79,79,79,79,79,79,79,79,79,79,79,79,79,79,79,79,79,79,79,79,79,79,79],"card_choices":[{"not_picked":["Adrenaline","Unload"],"picked":"Burst","floor":0},{"not_picked":["Prepared","Outmaneuver"],"picked":"Deadly Poison","floor":1},{"not_picked":["Blade Dance","Predator"],"picked":"Noxious Fumes","floor":2},{"not_picked":["Dagger Throw","Hidden Blade","Tactician"],"picked":"SKIP","floor":4},{"not_picked":["Eviscerate","Sneak Up"],"picked":"Die Die Die","floor":5},{"not_picked":["Underhanded Strike","ReplayTheSpireMod:Exploit Weakness","Hidden Blade"],"picked":"SKIP","floor":7},{"not_picked":["Outmaneuver","Finisher","hubris:Sniper"],"picked":"SKIP","floor":10},{"not_picked":["Flying Knee","Slice","Well Laid Plans"],"picked":"SKIP","floor":14},{"not_picked":["Grand Finale","Bullet Time"],"picked":"Poison Darts","floor":16},{"not_picked":["Hidden Blade","hubris:SlightOfHand"],"picked":"Dagger Spray","floor":18},{"not_picked":["Underhanded Strike","Heel Hook","hubris:Sniper+1"],"picked":"SKIP","floor":21},{"not_picked":["hubris:Sniper","Blade Dance"],"picked":"Poisoned Stab","floor":23},{"not_picked":["Masterful Stab","Dagger Spray+1","hubris:SlightOfHand+1"],"picked":"SKIP","floor":24},{"not_picked":["Flying Knee","Bane"],"picked":"Toxin Wave","floor":31},{"not_picked":["ReplayTheSpireMod:Necrosis","Atom Bomb"],"picked":"Replay:Bag of Tricks","floor":33},{"not_picked":["hubris:SlightOfHand","Outmaneuver"],"picked":"Cloak And Dagger","floor":35},{"not_picked":["ReplayTheSpireMod:Exploit Weakness","Blur","Eviscerate+1"],"picked":"SKIP","floor":37},{"not_picked":["Acrobatics","Outmaneuver+1","ReplayTheSpireMod:Exploit Weakness+1"],"picked":"SKIP","floor":38},{"not_picked":["Corpse Explosion","Flying Knee+1"],"picked":"Underhanded Strike+1","floor":40},{"not_picked":["Reflex+1","Sucker Punch","Blade Dance+1"],"picked":"SKIP","floor":44},{"not_picked":["hubris:SlightOfHand","Crippling Poison"],"picked":"Cloak And Dagger+1","floor":46},{"not_picked":["Backflip","Bane","Blade Dance"],"picked":"SKIP","floor":47},{"not_picked":["Leg Sweep","Prepared+1"],"picked":"PiercingWail+1","floor":48}],"player_experience":856966,"relics_obtained":[{"floor":7,"key":"reliquary:Spinner"},{"floor":9,"key":"Bag of Marbles"},{"floor":23,"key":"reliquary:SculptingSteel"},{"floor":26,"key":"reliquary:Stiletto"},{"floor":27,"key":"Necronomicon"},{"floor":40,"key":"Whetstone"},{"floor":43,"key":"PreservedInsect"},{"floor":44,"key":"reliquary:ExpiredCoupon"}],"event_choices":[{"damage_healed":0,"gold_gain":0,"player_choice":"Upgraded","damage_taken":0,"max_hp_gain":0,"max_hp_loss":0,"event_name":"Upgrade Shrine","floor":3,"gold_loss":0,"cards_upgraded":["Burst"]},{"damage_healed":0,"gold_gain":0,"player_choice":"Shed Blood","damage_taken":19,"max_hp_gain":5,"max_hp_loss":0,"event_name":"Forgotten Altar","floor":19,"gold_loss":0},{"damage_healed":0,"gold_gain":0,"player_choice":"Forge","damage_taken":0,"max_hp_gain":0,"max_hp_loss":0,"event_name":"Accursed Blacksmith","floor":20,"gold_loss":0,"cards_upgraded":["Poison Darts"]},{"damage_healed":0,"gold_gain":0,"player_choice":"Obtained Book","damage_taken":16,"max_hp_gain":0,"max_hp_loss":0,"event_name":"Cursed Tome","floor":27,"gold_loss":0},{"damage_healed":0,"gold_gain":0,"player_choice":"Embrace Madness","damage_taken":10,"max_hp_gain":0,"max_hp_loss":0,"event_name":"Winding Halls","floor":39,"gold_loss":0,"cards_obtained":["Madness","Madness"]},{"damage_healed":0,"gold_gain":0,"player_choice":"Paid","damage_taken":0,"relics_obtained":["Red Mask"],"max_hp_gain":0,"max_hp_loss":0,"event_name":"Tomb of Lord Red Mask","floor":41,"gold_loss":74}],"is_beta":false,"boss_relics":[{"not_picked":["hubris:GrandSneckoEye","hubris:ScarierMask"],"picked":"Replay:Bronze Core"},{"not_picked":["Coffee Dripper","Busted Crown"],"picked":"Fusion Hammer"}],"items_purged_floors":[22,30],"is_endless":false,"potions_floor_spawned":[5,10,14,16,18,23,24,38,40,44,47,48],"killed_by":"Replay:Hell Engine","ascension_level":1}}