{"host":"v4tuy5ykrbdcm9o9","time":1614287424,"event":{"mods":["BaseMod","Duelist Mod","Minty Spire (QoL Compilation)","Replay The Spire","StSLib"],"gold_per_floor":[13,23,98,3,18,53,63,63,90,101,121,148,197,223,223,319,319,333,333,349,289,303,334,334,361,410,437,437,450,450,467,467,567,567,577,593,604,604,614,646,664,689,689,689,689,689],"floor_reached":45,"language":"ENG","playtime":5816,"items_purged":[],"score":998,"play_id":"51dfa3d9-96b8-4f26-94e0-e16c413272b7","local_time":"20210225161024","is_ascension_mode":true,"campfire_choices":[{"floor":15,"key":"RECALL"},{"data":"Apotheosis","floor":28,"key":"SMITH"},{"data":"Establishment","floor":32,"key":"SMITH"},{"data":"1","floor":44,"key":"LIFT"}],"circlet_count":0,"master_deck":["AscendersBane","Strike_P+1","Strike_P+1","Strike_P+1","Strike_P+1","Defend_P+1","Defend_P+1","Defend_P+1","Defend_P+1","Eruption","Vigilance+1","Apotheosis+1","Wallop","EmptyFist","FollowUp","WindmillStrike","JustLucky","Prostrate","EmptyBody","Perseverance","Conclude","ReplayTheSpireMod:Splinters","ClearTheMind","Establishment+1","Conclude","Replay:LoomingThreat","Weave","Meditate","CutThroughFate","FlyingSleeves","CarveReality","Pot Of Greed","Pot Of Greed","Pot Of Greed","FlyingSleeves","ThirdEye+1","Wallop","Scrawl","CutThroughFate+1","Pot Of Greed","Crescendo+1","CutThroughFate+1","Swivel+1","WaveOfTheHand+1","Sanctity+1"],"relics":["PureWater","Replay:Wax Seal","Pen Nib","Orichalcum","Replay:Rubber Ducky","ReplayTheSpireMod:TigerMarble","Black Star","MutagenicStrength","Eternal Feather","White Beast Statue","Smiling Mask","CaptainsWheel","Damaru","Grinning Jar","Busted Crown","Girya","Sundial","Torii","Onion Ring","Golden Egg"],"acts_visited":["Exordium","TheCity","TheBeyond"],"potions_floor_usage":[6,14,14,18,20,25,25,27,33,33,39,40],"damage_taken":[{"damage":0,"enemies":"Cultist","floor":1,"turns":4},{"damage":0,"enemies":"Jaw Worm","floor":2,"turns":2},{"damage":0,"enemies":"2 Louse","floor":5,"turns":3},{"damage":0,"enemies":"Gremlin Nob","floor":6,"turns":2},{"damage":7,"enemies":"Exordium Wildlife","floor":7,"turns":4},{"damage":1,"enemies":"3 Louse","floor":10,"turns":3},{"damage":0,"enemies":"2 Fungi Beasts","floor":11,"turns":2},{"damage":1,"enemies":"Replay:BlueRogue","floor":12,"turns":7},{"damage":4,"enemies":"Lagavulin","floor":14,"turns":6},{"damage":2,"enemies":"Fading Forest","floor":16,"turns":11},{"damage":4,"enemies":"3 Byrds","floor":18,"turns":6},{"damage":4,"enemies":"Shell Parasite","floor":20,"turns":3},{"damage":0,"enemies":"Cultist and Chosen","floor":22,"turns":4},{"damage":1,"enemies":"theDuelist:KaibaA2","floor":23,"turns":7},{"damage":21,"enemies":"Gremlin Leader","floor":25,"turns":6},{"damage":0,"enemies":"theDuelist:KaibaA2","floor":27,"turns":4},{"damage":17,"enemies":"Snake Plant","floor":29,"turns":4},{"damage":5,"enemies":"3 Cultists","floor":31,"turns":4},{"damage":33,"enemies":"Collector","floor":33,"turns":6},{"damage":0,"enemies":"3 Shapes","floor":35,"turns":4},{"damage":0,"enemies":"Orb Walker","floor":36,"turns":3},{"damage":6,"enemies":"4 Shapes","floor":37,"turns":3},{"damage":1,"enemies":"Jaw Worm Horde","floor":39,"turns":3},{"damage":21,"enemies":"Reptomancer","floor":40,"turns":6},{"damage":0,"enemies":"3 Darklings","floor":41,"turns":3},{"damage":5,"enemies":"Nemesis","floor":42,"turns":7},{"damage":65,"enemies":"Reptomancer","floor":45,"turns":2}],"seed_played":"-1498346313628280228","potions_obtained":[{"floor":2,"key":"LifebloodPotion"},{"floor":6,"key":"ColorlessPotion"},{"floor":11,"key":"Adrenaline Potion"},{"floor":12,"key":"FearPotion"},{"floor":14,"key":"Fire Potion"},{"floor":16,"key":"PowerPotion"},{"floor":18,"key":"SkillPotion"},{"floor":22,"key":"SteroidPotion"},{"floor":25,"key":"Strength Potion"},{"floor":27,"key":"Fruit Juice"},{"floor":29,"key":"ColorlessPotion"},{"floor":31,"key":"Adrenaline Potion"},{"floor":33,"key":"Dexterity Potion"},{"floor":35,"key":"BlessingOfTheForge"},{"floor":36,"key":"Adrenaline Potion"},{"floor":39,"key":"EssenceOfSteel"},{"floor":40,"key":"Energy Potion"},{"floor":42,"key":"StancePotion"}],"is_trial":false,"path_per_floor":["M","M","?","$","M","E","M","?","T","M","M","E","?","E","R","B",null,"M","?","M","?","M","E","?","E","T","E","R","M","?","M","R","B",null,"M","M","M","?","M","E","M","E","T","R","E"],"character_chosen":"WATCHER","items_purchased":["FollowUp","SteroidPotion"],"campfire_rested":0,"item_purchase_floors":[4,4],"current_hp_per_floor":[65,65,54,54,54,54,47,47,47,46,46,45,45,41,41,47,66,62,62,58,58,58,57,72,51,51,56,77,60,60,55,76,43,69,69,69,63,63,62,41,41,36,36,63,0,0],"gold":689,"neow_bonus":"RANDOM_COLORLESS_2","is_daily":false,"chose_seed":false,"campfire_upgraded":2,"win_rate":0.0,"timestamp":1614287424,"path_taken":["M","M","?","$","M","E","M","?","T","M","M","E","?","E","R","BOSS","M","?","M","?","M","E","?","E","T","E","R","M","?","M","R","BOSS","M","M","M","?","M","E","M","E","T","R","E"],"items_purchased_type":["Card","Potion"],"build_version":"2020-12-22","purchased_purges":0,"victory":false,"max_hp_per_floor":[72,72,72,72,72,72,72,72,72,72,72,72,72,72,72,72,72,72,72,72,72,72,72,72,72,72,77,77,77,77,77,77,77,77,77,77,77,77,77,77,77,77,77,77,77,77],"card_choices":[{"not_picked":["Sadistic Nature","Master of Strategy"],"picked":"Apotheosis","floor":0},{"not_picked":["Vengeance","JustLucky"],"picked":"Wallop","floor":1},{"not_picked":["WreathOfFlame","Replay:ManipulateFuture"],"picked":"EmptyFist","floor":2},{"not_picked":["EmptyFist","Indignation"],"picked":"WindmillStrike","floor":5},{"not_picked":["Study","ClearTheMind"],"picked":"JustLucky","floor":6},{"not_picked":["Replay:ManipulateFuture","Vengeance"],"picked":"Prostrate","floor":7},{"not_picked":["Wireheading","FlyingSleeves"],"picked":"EmptyBody","floor":10},{"not_picked":["ForeignInfluence","Halt"],"picked":"Perseverance","floor":11},{"not_picked":["Replay:DivineShield","BattleHymn"],"picked":"Conclude","floor":12},{"not_picked":["Meditate","WreathOfFlame"],"picked":"ClearTheMind","floor":13},{"not_picked":["Consecrate","JustLucky"],"picked":"Establishment","floor":13},{"not_picked":["EmptyBody","Wireheading"],"picked":"Conclude","floor":14},{"not_picked":["Brilliance","MasterReality"],"picked":"Replay:LoomingThreat","floor":16},{"not_picked":["JustLucky","Sanctity"],"picked":"Weave","floor":18},{"not_picked":["Adaptation","Evaluate"],"picked":"Meditate","floor":20},{"not_picked":["Halt","Replay:AtTheReady+1"],"picked":"CutThroughFate","floor":22},{"not_picked":["Evaluate","BowlingBash"],"picked":"FlyingSleeves","floor":23},{"not_picked":["Pray","CrushJoints"],"picked":"CarveReality","floor":25},{"not_picked":["Replay:LoomingThreat","ForeignInfluence"],"picked":"FlyingSleeves","floor":27},{"not_picked":["Fasting2+1","FlurryOfBlows"],"picked":"ThirdEye+1","floor":29},{"not_picked":["Indignation+1","Replay:DivineShield+1"],"picked":"Wallop","floor":31},{"not_picked":["Establishment","Wish"],"picked":"Scrawl","floor":33},{"not_picked":[],"picked":"CutThroughFate+1","floor":35},{"not_picked":[],"picked":"Crescendo+1","floor":36},{"not_picked":[],"picked":"CutThroughFate+1","floor":37},{"not_picked":[],"picked":"Swivel+1","floor":39},{"not_picked":[],"picked":"WaveOfTheHand+1","floor":40},{"not_picked":["InnerPeace+1"],"picked":"SKIP","floor":41},{"not_picked":[],"picked":"Sanctity+1","floor":42}],"player_experience":972751,"relics_obtained":[{"floor":6,"key":"Replay:Wax Seal"},{"floor":9,"key":"Pen Nib"},{"floor":12,"key":"Orichalcum"},{"floor":13,"key":"Replay:Rubber Ducky"},{"floor":14,"key":"ReplayTheSpireMod:TigerMarble"},{"floor":23,"key":"Eternal Feather"},{"floor":23,"key":"White Beast Statue"},{"floor":25,"key":"Smiling Mask"},{"floor":25,"key":"CaptainsWheel"},{"floor":27,"key":"Damaru"},{"floor":27,"key":"Grinning Jar"},{"floor":40,"key":"Girya"},{"floor":40,"key":"Sundial"},{"floor":42,"key":"Torii"},{"floor":42,"key":"Onion Ring"},{"floor":43,"key":"Golden Egg"}],"event_choices":[{"damage_healed":0,"gold_gain":75,"player_choice":"Gather Gold","damage_taken":11,"max_hp_gain":0,"max_hp_loss":0,"event_name":"World of Goop","floor":3,"gold_loss":0},{"damage_healed":0,"gold_gain":0,"player_choice":"Inject Mutagens","damage_taken":0,"relics_obtained":["MutagenicStrength"],"max_hp_gain":0,"max_hp_loss":0,"event_name":"Drug Dealer","floor":19,"gold_loss":0},{"damage_healed":24,"gold_gain":0,"player_choice":"Heal","damage_taken":0,"max_hp_gain":0,"max_hp_loss":0,"event_name":"The Library","floor":24,"gold_loss":0},{"damage_healed":0,"gold_gain":0,"player_choice":"Simplicity","damage_taken":0,"max_hp_gain":0,"max_hp_loss":0,"event_name":"Back to Basics","floor":30,"gold_loss":0,"cards_upgraded":["Strike_P","Strike_P","Strike_P","Strike_P","Defend_P","Defend_P","Defend_P","Defend_P"]},{"damage_healed":0,"gold_gain":0,"player_choice":"Ignored","damage_taken":0,"max_hp_gain":0,"max_hp_loss":0,"event_name":"SecretPortal","floor":38,"gold_loss":0}],"is_beta":false,"boss_relics":[{"not_picked":["Painkiller Herb","ReplayTheSpireMod:DimensionalGlitch"],"picked":"Black Star"},{"not_picked":["Replay:Wanted Poster","Fusion Hammer"],"picked":"Busted Crown"}],"items_purged_floors":[],"is_endless":false,"potions_floor_spawned":[2,6,11,12,14,16,18,22,25,27,29,31,33,35,36,37,39,40,41,42],"killed_by":"Reptomancer","ascension_level":10}}