{"host":"dzvdy2cvkhifjmvi","time":1614217975,"event":{"mods":["BaseMod","Downfall","Infinite Spire","Marisa????????","Minty Spire (QoL Compilation)","Replay The Spire","StSLib","The Cursed","The Disciple","The Servant 0.9.4"],"gold_per_floor":[99,113,129,129,139,173,173,158,168,68,53,69,69,95,106,201,201,1,18,18,34,51,51,51,76,61,96,109,140,140,140,151,151,151,151],"floor_reached":33,"language":"ENG","playtime":2960,"items_purged":["champ:Strike"],"score":392,"play_id":"efc420e9-fbd7-4c01-b1cc-9560550a2630","local_time":"20210224185255","is_ascension_mode":false,"campfire_choices":[{"floor":1,"key":"RECALL"},{"data":"champ:SkillfulDodge","floor":10,"key":"SMITH"},{"data":"champ:Taunt","floor":18,"key":"SMITH"},{"data":"champ:DefensiveShout","floor":23,"key":"SMITH"}],"circlet_count":0,"master_deck":["champ:Strike+1","champ:Strike","champ:Defend","champ:Defend","champ:Defend","champ:Defend","champ:Execute+1","champ:Taunt+1","champ:FlashCut","champ:DefensiveShout+1","champ:Circumvent","champ:StrikeOfGenius+1","champ:UltimateStance+1","champ:SkillfulDodge+1","champ:CheapShot+1","champ:StrikeOfGenius+1","infinitespire:Collect"],"relics":["champ:ChampionCrown","Golden Egg","downfall:HeartBlessingRed","Busted Crown","downfall:HeartBlessingGreen","downfall:HeartBlessingBlue","downfall:RedIOU","Molten Egg 2","champ:GladiatorsBookOfMartialProwess","Whetstone","Smiling Mask"],"acts_visited":["Exordium","TheCity"],"potions_floor_usage":[29],"damage_taken":[{"damage":23,"enemies":"Jaw Worm","floor":2,"turns":3},{"damage":10,"enemies":"2 Louse","floor":3,"turns":3},{"damage":11,"enemies":"Cultist","floor":5,"turns":4},{"damage":57,"enemies":"3 Sentries","floor":6,"turns":12},{"damage":10,"enemies":"downfall:FleeingMerchant","floor":8,"turns":4},{"damage":20,"enemies":"Large Slime","floor":9,"turns":4},{"damage":10,"enemies":"downfall:FleeingMerchant","floor":11,"turns":4},{"damage":26,"enemies":"3 Louse","floor":12,"turns":4},{"damage":30,"enemies":"Lagavulin","floor":14,"turns":4},{"damage":15,"enemies":"2 Fungi Beasts","floor":15,"turns":5},{"damage":43,"enemies":"IC_STATUS_ARCHETYPE","floor":16,"turns":6},{"damage":27,"enemies":"Spheric Guardian","floor":19,"turns":4},{"damage":0,"enemies":"Chosen","floor":21,"turns":4},{"damage":27,"enemies":"Snake Plant","floor":22,"turns":4},{"damage":45,"enemies":"Slavers","floor":25,"turns":7},{"damage":33,"enemies":"downfall:FleeingMerchant","floor":26,"turns":5},{"damage":40,"enemies":"Gremlin Leader","floor":27,"turns":7},{"damage":15,"enemies":"Centurion and Healer","floor":28,"turns":4},{"damage":22,"enemies":"Nightmare","floor":29,"turns":6},{"damage":0,"enemies":"Snecko","floor":32,"turns":1},{"damage":68,"enemies":"WA_ARCHETYPE_CALM","floor":33,"turns":5}],"seed_played":"-6438218539528444247","potions_obtained":[{"floor":2,"key":"bronze:BurnAndBuffPotion"},{"floor":5,"key":"PowerPotion"},{"floor":12,"key":"LiquidBronze"},{"floor":13,"key":"champ:CounterPotion"},{"floor":13,"key":"champ:OpenerPotion"},{"floor":29,"key":"PowerPotion"}],"is_trial":false,"path_per_floor":["R","M","M","?","M","E","T","$","M","R","$","M","?","E","M","B",null,"R","M","?","M","M","R","T","E","$","E","M","NM","AVR","?","M","B"],"character_chosen":"THE_CHAMP","items_purchased":[],"campfire_rested":0,"item_purchase_floors":[],"current_hp_per_floor":[99,96,96,96,90,58,58,58,58,58,58,52,52,52,47,14,99,109,92,92,92,75,75,75,50,42,42,42,35,35,35,35,0,0,0],"gold":151,"neow_bonus":"TEN_PERCENT_HP_BONUS","is_daily":false,"chose_seed":false,"campfire_upgraded":3,"win_rate":0.0,"timestamp":1614217975,"path_taken":["R","M","M","?","M","E","T","$","M","R","$","M","?","E","M","BOSS","R","M","?","M","M","R","T","E","$","E","M","NM","AVR","?","M","BOSS"],"items_purchased_type":[],"build_version":"2020-12-22","purchased_purges":1,"victory":false,"max_hp_per_floor":[99,99,99,99,99,99,99,99,99,99,99,99,99,99,99,99,99,109,109,109,109,109,109,109,109,109,109,109,109,109,109,109,109,109,109],"card_choices":[{"not_picked":["champ:PreemptiveStrike","champ:CrownThrow"],"picked":"champ:FlashCut","floor":2},{"not_picked":["champ:BerserkersShout","champ:Haymaker"],"picked":"champ:DefensiveShout","floor":3},{"not_picked":["champ:BladeFlurry","champ:PerfectedStrike"],"picked":"champ:Circumvent","floor":5},{"not_picked":["champ:AdrenalArmor","champ:EnragedBash"],"picked":"champ:StrikeOfGenius","floor":6},{"not_picked":["champ:PreemptiveStrike","champ:Encircle"],"picked":"champ:UltimateStance","floor":8},{"not_picked":["champ:CrownThrow","champ:PerfectedStrike"],"picked":"champ:SkillfulDodge","floor":9},{"not_picked":["champ:AdrenalArmor","champ:TornadoPunch","champ:BladeFlurry"],"picked":"SKIP","floor":11},{"not_picked":["champ:FocusedBerserking","champ:Backstep"],"picked":"champ:CheapShot","floor":12},{"not_picked":["champ:EnragedBash","champ:CrownThrow","champ:RecklessLeap"],"picked":"SKIP","floor":14},{"not_picked":["champ:StanceDance","champ:Circumvent","champ:FocusedBerserking"],"picked":"SKIP","floor":15},{"not_picked":["champ:SwordThrow","champ:MurderStrike"],"picked":"champ:StrikeOfGenius","floor":16},{"not_picked":["champ:BerserkersShout"],"picked":"SKIP","floor":19},{"not_picked":["champ:BerserkersShout"],"picked":"SKIP","floor":21},{"not_picked":["champ:DeathBlow"],"picked":"SKIP","floor":22},{"not_picked":["champ:SkillfulDodge"],"picked":"SKIP","floor":25},{"not_picked":["champ:AdrenalArmor"],"picked":"SKIP","floor":26},{"not_picked":["champ:RecklessLeap+1"],"picked":"SKIP","floor":27},{"not_picked":["champ:Lariat"],"picked":"SKIP","floor":28},{"not_picked":["champ:PerfectedStrike+1"],"picked":"SKIP","floor":29},{"not_picked":["champ:FancyFootwork+1"],"picked":"SKIP","floor":32}],"player_experience":1427122,"relics_obtained":[{"floor":6,"key":"Golden Egg"},{"floor":14,"key":"Tiny Chest"},{"floor":24,"key":"Molten Egg 2"},{"floor":25,"key":"champ:GladiatorsBookOfMartialProwess"},{"floor":27,"key":"Whetstone"},{"floor":29,"key":"Smiling Mask"}],"event_choices":[{"cards_removed":["champ:Strike"],"damage_healed":0,"gold_gain":0,"player_choice":"Card Removal","damage_taken":0,"max_hp_gain":0,"max_hp_loss":0,"event_name":"The Cleric","floor":4,"gold_loss":0},{"damage_healed":0,"gold_gain":0,"player_choice":"Got Potions","damage_taken":0,"max_hp_gain":0,"max_hp_loss":0,"event_name":"Lab","floor":13,"gold_loss":0}],"is_beta":false,"boss_relics":[{"not_picked":["Pandora\u0027s Box","Snecko Eye"],"picked":"Busted Crown"}],"items_purged_floors":[30],"is_endless":true,"potions_floor_spawned":[2,5,12,16,21,25,27,29,32],"killed_by":"WA_ARCHETYPE_CALM","ascension_level":0}}