{"host":"fnk117zi8wf5078t","time":1614268577,"event":{"mods":["AchievementEnabler","BaseMod","Colored Map","Minty Spire (QoL Compilation)","Rare Cards Sparkle","SuperFastMode","everything is the same but u backflip on backflip"],"gold_per_floor":[109,120,45,58,69,69,69,84,159,178,178,192,204,219,219,219,219],"floor_reached":16,"language":"KOR","playtime":452,"items_purged":["Strike_B"],"score":244,"play_id":"49d1271a-c180-48ea-899d-280da2485e40","local_time":"20210226005617","is_ascension_mode":true,"campfire_choices":[{"floor":6,"key":"REST"},{"data":"Doom and Gloom","floor":11,"key":"SMITH"},{"floor":15,"key":"REST"}],"circlet_count":0,"master_deck":["AscendersBane","Strike_B","Strike_B","Defend_B","Defend_B","Defend_B","Defend_B","Zap","Dualcast","Steam Power","Doom and Gloom+1","Lockon","White Noise","Glacier","Heatsinks","Hyperbeam"],"relics":["Cracked Core","Bottled Lightning"],"acts_visited":[],"potions_floor_usage":[10,12],"damage_taken":[{"damage":6,"enemies":"Cultist","floor":1,"turns":3},{"damage":2,"enemies":"2 Louse","floor":2,"turns":2},{"damage":14,"enemies":"Small Slimes","floor":4,"turns":5},{"damage":14,"enemies":"Blue Slaver","floor":5,"turns":5},{"damage":9,"enemies":"Exordium Wildlife","floor":8,"turns":4},{"damage":5,"enemies":"Large Slime","floor":10,"turns":4},{"damage":0,"enemies":"2 Fungi Beasts","floor":12,"turns":2},{"damage":26,"enemies":"Gremlin Gang","floor":13,"turns":3},{"damage":4,"enemies":"Red Slaver","floor":14,"turns":4},{"damage":36,"enemies":"The Guardian","floor":16,"turns":2}],"seed_played":"-2764379053029584631","potions_obtained":[{"floor":1,"key":"Block Potion"},{"floor":2,"key":"Swift Potion"}],"is_trial":false,"path_per_floor":["M","M","$","M","M","R","?","M","T","M","R","M","M","M","R","B"],"character_chosen":"DEFECT","items_purchased":[],"campfire_rested":2,"item_purchase_floors":[],"current_hp_per_floor":[62,60,60,46,32,52,52,43,43,38,38,38,12,8,28,0,0],"gold":219,"neow_bonus":"THREE_RARE_CARDS","is_daily":false,"chose_seed":false,"campfire_upgraded":1,"win_rate":0.0,"timestamp":1614268577,"path_taken":["M","M","$","?","M","R","?","M","T","M","R","M","M","M","R","BOSS"],"items_purchased_type":[],"build_version":"2020-12-22","purchased_purges":1,"victory":false,"max_hp_per_floor":[68,68,68,68,68,68,68,68,68,68,68,68,68,68,68,68,68],"card_choices":[{"not_picked":["Seek","Multi-Cast"],"picked":"Reboot","floor":0.0},{"not_picked":["Coolheaded","Hologram"],"picked":"Steam Power","floor":1},{"not_picked":["Tempest","Go for the Eyes"],"picked":"Doom and Gloom","floor":2},{"not_picked":["Sweeping Beam","Stack","Cold Snap"],"picked":"SKIP","floor":4},{"not_picked":["Melter","Leap"],"picked":"Lockon","floor":5},{"not_picked":["Force Field","Coolheaded"],"picked":"White Noise","floor":8},{"not_picked":["Rebound","Beam Cell","Stack"],"picked":"SKIP","floor":10},{"not_picked":["Reinforced Body","Barrage"],"picked":"Glacier","floor":12},{"not_picked":["Cold Snap","Hologram"],"picked":"Heatsinks","floor":13},{"not_picked":["Stack","Ball Lightning"],"picked":"Hyperbeam","floor":14}],"player_experience":438013,"relics_obtained":[{"floor":9,"key":"Bottled Lightning"}],"event_choices":[{"cards_removed":["Strike_B"],"damage_healed":0,"gold_gain":0,"player_choice":"Purged","damage_taken":0,"max_hp_gain":0,"max_hp_loss":0,"event_name":"Purifier","floor":7,"gold_loss":0}],"is_beta":false,"boss_relics":[],"items_purged_floors":[3],"is_endless":false,"potions_floor_spawned":[1,2,8],"killed_by":"The Guardian","ascension_level":13}}