{"host":"28bpuzdckreop5i0","time":1614284580,"event":{"mods":["BaseMod","Downfall","Minty Spire (QoL Compilation)","Relic Stats","Shop Mod","StSLib"],"gold_per_floor":[99,111,128,144,144,154,154,154,166,191,201,237,237,256,268,268,268,268],"floor_reached":16,"language":"ENG","playtime":4120,"items_purged":[],"score":108,"play_id":"bad03dbd-b065-4948-9728-f72b9f3568b6","local_time":"20210225142300","is_ascension_mode":false,"campfire_choices":[{"floor":8.0,"key":"REST"}],"circlet_count":0,"master_deck":["sneckomod:Strike+1","sneckomod:Strike","sneckomod:Strike","sneckomod:Defend","sneckomod:Defend","sneckomod:Defend","sneckomod:TailWhip","sneckomod:SnekBite+1","sneckomod:Unknown+1","sneckomod:UnendingSupply","Well Laid Plans","sneckomod:SoulDraw","sneckomod:MasterEye","sneckomod:SoulCleanse","downfall:Malfunctioning","sneckomod:SoulRoll","sneckomod:UnknownColorless","sneckomod:MixItUp","sneckomod:UnknownCommonSkill","sneckomod:SnakeSap","sneckomod:UnknownBlock","sneckomod:Mudshield"],"relics":["sneckomod:SneckoSoul","The Courier","Singing Bowl","downfall:BrokenWingStatue"],"acts_visited":["Exordium"],"potions_floor_usage":[16],"damage_taken":[{"damage":0.0,"enemies":"Jaw Worm","floor":2.0,"turns":3.0},{"damage":10.0,"enemies":"Small Slimes","floor":3.0,"turns":5.0},{"damage":6.0,"enemies":"2 Louse","floor":4.0,"turns":3.0},{"damage":23.0,"enemies":"Exordium Wildlife","floor":6.0,"turns":5.0},{"damage":12.0,"enemies":"3 Louse","floor":9.0,"turns":4.0},{"damage":26.0,"enemies":"Lagavulin","floor":10.0,"turns":5.0},{"damage":15.0,"enemies":"Exordium Thugs","floor":11.0,"turns":5.0},{"damage":3.0,"enemies":"Large Slime","floor":12.0,"turns":5.0},{"damage":8.0,"enemies":"3 Louse","floor":14.0,"turns":5.0},{"damage":7,"enemies":"Exordium Wildlife","floor":15,"turns":3},{"damage":15,"enemies":"IC_STATUS_ARCHETYPE","floor":16,"turns":4}],"seed_played":"-4728106893283903107","potions_obtained":[{"floor":6.0,"key":"GamblersBrew"},{"floor":11.0,"key":"SpeedPotion"},{"floor":12.0,"key":"sneckomod:MuddlingPotion"},{"floor":14.0,"key":"sneckomod:CheatPotion"}],"is_trial":false,"path_per_floor":["R","M","M","M","?","M","T","R","M","E","M","M","?","M","M","B"],"character_chosen":"THE_SNECKO","items_purchased":[],"campfire_rested":1,"item_purchase_floors":[],"current_hp_per_floor":[90,90,80,74,74,51,51,78,66,40,25,22,22,14,7,0,0,0],"gold":268,"neow_bonus":"THREE_CARDS","is_daily":false,"chose_seed":false,"campfire_upgraded":0,"win_rate":0.0,"timestamp":1614284580,"path_taken":["R","M","M","M","?","M","T","R","M","E","M","M","?","M","M","BOSS"],"items_purchased_type":[],"build_version":"2020-12-22","purchased_purges":0,"victory":false,"max_hp_per_floor":[90,90,90,90,90,90,90,90,90,90,90,90,90,90,90,90,90,90],"relic_stats":{"Singing Bowl":0,"counters":[11,47],"obtain_stats":[{"downfall:BrokenWingStatue":13,"Singing Bowl":10,"The Courier":7,"sneckomod:SneckoSoul":0},{"downfall:BrokenWingStatue":8,"Singing Bowl":6,"The Courier":4,"sneckomod:SneckoSoul":0},{"downfall:BrokenWingStatue":35,"Singing Bowl":25,"The Courier":16,"sneckomod:SneckoSoul":0}]},"card_choices":[{"not_picked":["sneckomod:SoulCleanse","sneckomod:SoulRoll"],"picked":"sneckomod:UnendingSupply","floor":0.0},{"not_picked":["sneckomod:DiceBoulder","sneckomod:IronFang"],"picked":"sneckomod:SoulDraw","floor":2.0},{"not_picked":["sneckomod:SoulDraw","sneckomod:RainOfDice"],"picked":"sneckomod:MasterEye","floor":3.0},{"not_picked":["sneckomod:Rotation","sneckomod:UnknownDraw"],"picked":"sneckomod:SoulCleanse","floor":4.0},{"not_picked":["sneckomod:UnknownWeak","sneckomod:WideSting"],"picked":"sneckomod:SoulRoll","floor":6.0},{"not_picked":["sneckomod:DiceBlock","sneckomod:SoulRoll"],"picked":"sneckomod:UnknownColorless","floor":9.0},{"not_picked":["sneckomod:MorePower","sneckomod:Nope"],"picked":"sneckomod:MixItUp","floor":10.0},{"not_picked":["sneckomod:SerpentIdol","sneckomod:DefensiveFlair"],"picked":"sneckomod:UnknownCommonSkill","floor":11.0},{"not_picked":["sneckomod:UnknownCommonAttack","sneckomod:UnendingSupply"],"picked":"sneckomod:SnakeSap","floor":12.0},{"not_picked":["sneckomod:SoulRoll","sneckomod:SnakeSap"],"picked":"sneckomod:UnknownBlock","floor":14.0},{"not_picked":["sneckomod:UnknownCommonAttack","sneckomod:UnknownCommonSkill"],"picked":"sneckomod:Mudshield","floor":15}],"player_experience":1018806,"relics_obtained":[{"floor":7.0,"key":"The Courier"},{"floor":10.0,"key":"Singing Bowl"}],"event_choices":[],"is_beta":false,"boss_relics":[],"items_purged_floors":[],"is_endless":false,"potions_floor_spawned":[6,11,12,14],"killed_by":"IC_STATUS_ARCHETYPE","ascension_level":0}}