{"host":"ia9e4s524g7bamk7","time":1614258246,"event":{"mods":["AchievementEnabler","BaseMod","Colored Map","Minty Spire (QoL Compilation)","Permanent Neow","Slay-I","slay the spire mod where everything is the same but ironclad has a cowboy hat"],"gold_per_floor":[111,131,146,146,166,166,200,200,270,296,296,311,323,66,66,167,167,167,41,61,75,75,75,75],"floor_reached":23,"language":"ENG","playtime":1678,"items_purged":[],"score":308,"play_id":"02c4e09d-8d1f-4798-bb6f-d609bf4f44e6","local_time":"20210225140406","is_ascension_mode":true,"campfire_choices":[{"data":"Neutralize","floor":6.0,"key":"SMITH"},{"floor":8.0,"key":"REST"},{"data":"Deadly Poison","floor":11.0,"key":"SMITH"},{"data":"Dodge and Roll","floor":15.0,"key":"SMITH"}],"circlet_count":0,"master_deck":["Strike_G","Strike_G","Defend_G","Defend_G","Defend_G","Defend_G","Defend_G","Survivor","Neutralize+1","Noxious Fumes+1","Catalyst+1","Expertise+1","Dagger Spray","Sucker Punch","Poisoned Stab","Prepared","Bane","Deadly Poison+1","PiercingWail","Dodge and Roll+1","Footwork","Deflect+1","Cloak And Dagger+1","Acrobatics+1","Writhe"],"relics":["Astrolabe","TungstenRod","Eternal Feather","Strawberry","Toxic Egg 2","Philosopher\u0027s Stone","White Beast Statue"],"acts_visited":["Exordium","TheCity"],"potions_floor_usage":[],"damage_taken":[{"damage":0.0,"enemies":"Jaw Worm","floor":1.0,"turns":5.0},{"damage":0.0,"enemies":"Small Slimes","floor":2.0,"turns":4.0},{"damage":0.0,"enemies":"Cultist","floor":3.0,"turns":4.0},{"damage":6.0,"enemies":"Lots of Slimes","floor":5.0,"turns":3.0},{"damage":32.0,"enemies":"Gremlin Nob","floor":7.0,"turns":6.0},{"damage":19.0,"enemies":"3 Sentries","floor":10.0,"turns":7.0},{"damage":9.0,"enemies":"Exordium Thugs","floor":12.0,"turns":5.0},{"damage":3.0,"enemies":"Gremlin Gang","floor":13.0,"turns":4.0},{"damage":21.0,"enemies":"The Guardian","floor":16.0,"turns":10.0},{"damage":0.0,"enemies":"3 Byrds","floor":18.0,"turns":2.0},{"damage":11.0,"enemies":"Shell Parasite","floor":20.0,"turns":5.0},{"damage":30.0,"enemies":"Shelled Parasite and Fungi","floor":21.0,"turns":6.0},{"damage":26,"enemies":"Gremlin Leader","floor":23,"turns":4}],"seed_played":"4501002699273099199","potions_obtained":[{"floor":1.0,"key":"GhostInAJar"},{"floor":7.0,"key":"SneckoOil"},{"floor":12.0,"key":"Energy Potion"},{"floor":13.0,"key":"SmokeBomb"}],"is_trial":false,"path_per_floor":["M","M","M","?","M","R","E","R","T","E","R","M","M","$","R","B",null,"M","$","M","M","?","E"],"character_chosen":"THE_SILENT","items_purchased":["Toxic Egg 2","Footwork","Deflect+1"],"campfire_rested":1,"item_purchase_floors":[14,19,19],"current_hp_per_floor":[63,63,63,63,57,57,25,46,46,34,43,34,31,31,43,22,63,63,63,52,22,22,0,0],"gold":75,"neow_bonus":"BOSS_RELIC","is_daily":false,"chose_seed":false,"campfire_upgraded":3,"win_rate":0.0,"timestamp":1614258246,"path_taken":["M","M","M","?","M","R","E","R","T","E","R","M","M","$","R","BOSS","M","$","M","M","?","E"],"items_purchased_type":["Relic","Card","Card"],"build_version":"2020-12-22","purchased_purges":0,"victory":false,"max_hp_per_floor":[70,70,70,70,70,70,70,70,70,77,77,77,77,77,77,77,77,77,77,77,77,77,77,77],"card_choices":[{"not_picked":["Riddle With Holes","Quick Slash"],"picked":"Dagger Spray","floor":1.0},{"not_picked":["Flying Knee","PiercingWail"],"picked":"Sucker Punch","floor":2.0},{"not_picked":["Choke","Caltrops"],"picked":"Poisoned Stab","floor":3.0},{"not_picked":["Concentrate","Quick Slash"],"picked":"Prepared","floor":5.0},{"not_picked":["Grand Finale","Slice"],"picked":"Bane","floor":7.0},{"not_picked":["Eviscerate","Tactician"],"picked":"Deadly Poison","floor":10.0},{"not_picked":["Poisoned Stab","Slice"],"picked":"PiercingWail","floor":12.0},{"not_picked":["Setup","Distraction"],"picked":"Dodge and Roll","floor":13.0},{"not_picked":["Flechettes+1","Blade Dance+1"],"picked":"Cloak And Dagger+1","floor":20.0},{"not_picked":["Sucker Punch","Reflex+1"],"picked":"Acrobatics+1","floor":21.0}],"player_experience":423268,"relics_obtained":[{"floor":7.0,"key":"TungstenRod"},{"floor":9.0,"key":"Eternal Feather"},{"floor":10.0,"key":"Strawberry"}],"event_choices":[{"damage_healed":0.0,"max_hp_gain":0.0,"max_hp_loss":0.0,"gold_gain":0.0,"event_name":"Liars Game","player_choice":"Ignored","floor":4.0,"gold_loss":0.0,"damage_taken":0.0},{"damage_healed":0.0,"max_hp_gain":0.0,"max_hp_loss":0.0,"gold_gain":0.0,"event_name":"The Mausoleum","player_choice":"Opened","floor":22.0,"gold_loss":0.0,"damage_taken":0.0,"relics_obtained":["White Beast Statue"],"cards_obtained":["Writhe"]}],"is_beta":false,"boss_relics":[{"not_picked":["Velvet Choker","Runic Dome"],"picked":"Philosopher\u0027s Stone"}],"items_purged_floors":[],"is_endless":false,"potions_floor_spawned":[1,7,12,13,18],"killed_by":"Gremlin Leader","ascension_level":7}}