{"host":"xpgmdkzynapqiwc4","time":1614277252,"event":{"mods":["BaseMod","Colored Map","Hubris","Minty Spire (QoL Compilation)","StSLib"],"gold_per_floor":[117,133,133,133,152,152,180,196,196,214,232,260,275,288,288,391,391,410,429,439,453,71,71,105,105,105,115,15,49,60,70,70,70,70],"floor_reached":33,"language":"ENG","playtime":1924,"items_purged":["Strike_P","Strike_P"],"score":357,"play_id":"46dec10e-69d0-4317-9b27-5f5e219f6e28","local_time":"20210225122052","is_ascension_mode":false,"campfire_choices":[{"data":"SandsOfTime","floor":6,"key":"SMITH"},{"floor":15,"key":"REST"},{"data":"Scrawl","floor":23,"key":"SMITH"},{"data":"ConjureBlade","floor":25,"key":"SMITH"},{"data":"SignatureMove","floor":32,"key":"SMITH"}],"circlet_count":0,"master_deck":["Strike_P","Strike_P","Defend_P","Defend_P","Defend_P","Defend_P","Eruption+1","Vigilance","ClearTheMind","Vengeance","SandsOfTime+1","FollowUp","SignatureMove+1","Sanctity","Wallop","Swivel","ConjureBlade+1","FollowUp","FollowUp+1","ClearTheMind+1","Scrawl+1","Perseverance+1"],"relics":["PureWater","Bird Faced Urn","Sundial","Pantograph","SacredBark","Sling","hubris:MedicalManual","White Beast Statue","hubris:MysteriousPyramids"],"acts_visited":["Exordium","TheCity"],"potions_floor_usage":[3,16,16,19,29,31,33],"damage_taken":[{"damage":0,"enemies":"Small Slimes","floor":1,"turns":3},{"damage":0,"enemies":"Cultist","floor":2,"turns":3},{"damage":1,"enemies":"Jaw Worm","floor":3,"turns":3},{"damage":2,"enemies":"Blue Slaver","floor":5,"turns":3},{"damage":8,"enemies":"Gremlin Nob","floor":7,"turns":3},{"damage":0,"enemies":"Large Slime","floor":8,"turns":5},{"damage":0,"enemies":"2 Fungi Beasts","floor":10,"turns":2},{"damage":2,"enemies":"Looter","floor":11,"turns":2},{"damage":14,"enemies":"3 Sentries","floor":12,"turns":3},{"damage":6,"enemies":"Red Slaver","floor":13,"turns":4},{"damage":16,"enemies":"3 Louse","floor":14,"turns":4},{"damage":42,"enemies":"Hexaghost","floor":16,"turns":9},{"damage":0,"enemies":"Chosen","floor":18,"turns":3},{"damage":7,"enemies":"3 Byrds","floor":19,"turns":5},{"damage":5,"enemies":"Snake Plant","floor":20,"turns":4},{"damage":0,"enemies":"Centurion and Healer","floor":21,"turns":4},{"damage":0,"enemies":"Gremlin Leader","floor":24,"turns":3},{"damage":2,"enemies":"Cultist and Chosen","floor":27,"turns":3},{"damage":0,"enemies":"Slavers","floor":29,"turns":2},{"damage":8,"enemies":"Snake Plant","floor":30,"turns":3},{"damage":13,"enemies":"Centurion and Healer","floor":31,"turns":5},{"damage":23,"enemies":"Automaton","floor":33,"turns":6}],"seed_played":"72896854049123925","potions_obtained":[{"floor":1,"key":"SmokeBomb"},{"floor":7,"key":"Regen Potion"},{"floor":8,"key":"PowerPotion"},{"floor":10,"key":"BottledMiracle"},{"floor":16,"key":"AttackPotion"},{"floor":20,"key":"Block Potion"},{"floor":24,"key":"DistilledChaos"},{"floor":29,"key":"Regen Potion"},{"floor":30,"key":"Regen Potion"},{"floor":31,"key":"Swift Potion"}],"is_trial":false,"path_per_floor":["M","M","M","?","M","R","E","M","T","M","M","E","M","M","R","B",null,"M","M","M","M","$","R","E","R","T","M","$","E","M","M","R","B"],"character_chosen":"WATCHER","items_purchased":["Sling","Scrawl"],"campfire_rested":1,"item_purchase_floors":[22,22],"current_hp_per_floor":[79,79,78,78,76,76,68,68,68,68,66,52,46,30,53,37,79,79,72,67,67,67,67,67,67,67,65,65,65,57,78,78,56,56],"gold":70,"neow_bonus":"TEN_PERCENT_HP_BONUS","is_daily":false,"chose_seed":false,"campfire_upgraded":4,"win_rate":0.0,"timestamp":1614277252,"path_taken":["M","M","M","?","M","R","E","M","T","M","M","E","M","M","R","BOSS","M","M","?","M","$","R","E","R","T","M","$","E","M","M","R","BOSS"],"items_purchased_type":["Relic","Card"],"build_version":"2020-12-22","purchased_purges":2,"victory":false,"max_hp_per_floor":[79,79,79,79,79,79,79,79,79,79,79,79,79,79,79,79,79,79,79,79,79,79,79,79,79,79,79,79,79,79,79,79,79,79],"card_choices":[{"not_picked":["Pray","BowlingBash"],"picked":"ClearTheMind","floor":1},{"not_picked":["Study","DeceiveReality"],"picked":"Vengeance","floor":2},{"not_picked":["CutThroughFate","Evaluate"],"picked":"SandsOfTime","floor":5},{"not_picked":["PathToVictory","EmptyFist"],"picked":"FollowUp","floor":7},{"not_picked":["Indignation","TalkToTheHand"],"picked":"SignatureMove","floor":8},{"not_picked":["Halt","Worship","JustLucky"],"picked":"SKIP","floor":10},{"not_picked":["PathToVictory","FlyingSleeves"],"picked":"Sanctity","floor":11},{"not_picked":["Evaluate","Pray","FlurryOfBlows"],"picked":"SKIP","floor":12},{"not_picked":["CrushJoints","SignatureMove"],"picked":"Wallop","floor":13},{"not_picked":["Brilliance","ThirdEye"],"picked":"Swivel","floor":14},{"not_picked":["Judgement","Omniscience"],"picked":"ConjureBlade","floor":16},{"not_picked":["DeceiveReality+1","WindmillStrike","CrushJoints"],"picked":"SKIP","floor":18},{"not_picked":["ThirdEye","FlurryOfBlows"],"picked":"FollowUp","floor":19},{"not_picked":["Consecrate+1","Protect"],"picked":"FollowUp+1","floor":20},{"not_picked":["Ragnarok","Consecrate+1"],"picked":"ClearTheMind+1","floor":21},{"not_picked":["Weave","Nirvana"],"picked":"Perseverance+1","floor":24},{"not_picked":["WindmillStrike","Weave","Crescendo"],"picked":"SKIP","floor":27},{"not_picked":["FearNoEvil","Sanctity","CarveReality+1"],"picked":"SKIP","floor":29},{"not_picked":["FollowUp","CutThroughFate","SandsOfTime"],"picked":"SKIP","floor":30},{"not_picked":["CrushJoints+1","Worship","Study+1"],"picked":"SKIP","floor":31}],"player_experience":27342,"relics_obtained":[{"floor":7,"key":"Bird Faced Urn"},{"floor":9,"key":"Sundial"},{"floor":12,"key":"Pantograph"},{"floor":24,"key":"hubris:MedicalManual"},{"floor":26,"key":"White Beast Statue"},{"floor":29,"key":"hubris:MysteriousPyramids"}],"event_choices":[{"damage_healed":0,"gold_gain":0,"player_choice":"Upgraded","damage_taken":0,"max_hp_gain":0,"max_hp_loss":0,"event_name":"Upgrade Shrine","floor":4,"gold_loss":0,"cards_upgraded":["Eruption"]}],"is_beta":false,"boss_relics":[{"not_picked":["hubris:VirtuousBlindfold","Busted Crown"],"picked":"SacredBark"}],"items_purged_floors":[22,28],"is_endless":false,"potions_floor_spawned":[1,7,8,10,16,20,24,27,29,30,31],"killed_by":"Automaton","ascension_level":0}}