{"host":"50per11302020","time":1614240990,"event":{"mods":["AchievementEnabler","BaseMod","Colored Map","Minty Spire (QoL Compilation)","Relic Stats","StSLib"],"gold_per_floor":[112,112,129,146,67,95,95,115,115,135,135,135,151,167,167,167,167],"floor_reached":16,"language":"ENG","playtime":418,"items_purged":[],"score":109,"play_id":"d89ffe50-0599-4613-8587-0f9b4b14048f","local_time":"20210225001630","is_ascension_mode":true,"campfire_choices":[{"floor":7,"key":"REST"},{"data":"Combust","floor":11,"key":"SMITH"},{"data":"Intimidate","floor":15,"key":"SMITH"}],"circlet_count":0,"master_deck":["Strike_R","Strike_R","Strike_R","Strike_R","Strike_R","Defend_R","Defend_R","Defend_R","Defend_R","Bash","Headbutt","Cleave","Clash","Combust+1","Intimidate+1","Clothesline"],"relics":["Black Star","MealTicket","Torii","White Beast Statue"],"acts_visited":["Exordium"],"potions_floor_usage":[],"damage_taken":[{"damage":7,"enemies":"2 Louse","floor":1,"turns":3},{"damage":1,"enemies":"Cultist","floor":3,"turns":3},{"damage":0,"enemies":"Small Slimes","floor":4,"turns":2},{"damage":29,"enemies":"Gremlin Nob","floor":6,"turns":4},{"damage":14,"enemies":"Exordium Wildlife","floor":8,"turns":2},{"damage":3,"enemies":"3 Louse","floor":10,"turns":3},{"damage":1,"enemies":"Blue Slaver","floor":13,"turns":2},{"damage":4,"enemies":"Exordium Wildlife","floor":14,"turns":2},{"damage":60,"enemies":"The Guardian","floor":16,"turns":4}],"seed_played":"7356848350804856067","potions_obtained":[{"floor":1,"key":"LiquidBronze"},{"floor":10,"key":"FairyPotion"},{"floor":13,"key":"PowerPotion"},{"floor":14,"key":"Fire Potion"}],"is_trial":false,"path_per_floor":["M","?","M","M","$","E","R","M","T","M","R","$","M","M","R","B"],"character_chosen":"IRONCLAD","items_purchased":["Combust"],"campfire_rested":1,"item_purchase_floors":[5],"current_hp_per_floor":[73,73,72,72,72,43,67,53,53,50,50,65,64,60,60,0,0],"gold":167,"neow_bonus":"BOSS_RELIC","is_daily":false,"chose_seed":false,"campfire_upgraded":2,"win_rate":0.0,"timestamp":1614240990,"path_taken":["M","?","M","M","$","E","R","M","T","M","R","$","?","M","R","BOSS"],"items_purchased_type":["Card"],"build_version":"2020-12-18","purchased_purges":0,"victory":false,"max_hp_per_floor":[80,80,80,80,80,80,80,80,80,80,80,80,80,80,80,80,80],"relic_stats":{"Torii":7,"counters":[9,25],"MealTicket":15,"Black Star":1,"obtain_stats":[{"Torii":6,"MealTicket":6,"Black Star":0,"Burning Blood":0,"White Beast Statue":9},{"Torii":4,"MealTicket":4,"Black Star":0,"Burning Blood":0,"White Beast Statue":5},{"Torii":12,"MealTicket":12,"Black Star":0,"Burning Blood":0,"White Beast Statue":14}]},"card_choices":[{"not_picked":["Bloodletting","Wild Strike"],"picked":"Headbutt","floor":1},{"not_picked":["Perfected Strike","Metallicize"],"picked":"Cleave","floor":3},{"not_picked":["Body Slam","Havoc"],"picked":"Clash","floor":4},{"not_picked":["Warcry","Armaments","Sever Soul"],"picked":"SKIP","floor":6},{"not_picked":["Warcry","Pommel Strike","Sentinel"],"picked":"SKIP","floor":8},{"not_picked":["Sword Boomerang","Body Slam"],"picked":"Intimidate","floor":10},{"not_picked":["Shrug It Off","Infernal Blade"],"picked":"Clothesline","floor":13},{"not_picked":["Clothesline","Ghostly Armor","Headbutt"],"picked":"SKIP","floor":14}],"player_experience":459492,"relics_obtained":[{"floor":6,"key":"MealTicket"},{"floor":6,"key":"Torii"},{"floor":9,"key":"White Beast Statue"}],"event_choices":[{"damage_healed":0,"gold_gain":0,"player_choice":"Bought 0 Potions","damage_taken":0,"max_hp_gain":0,"max_hp_loss":0,"event_name":"The Woman in Blue","floor":2,"gold_loss":0}],"is_beta":true,"boss_relics":[],"items_purged_floors":[],"is_endless":false,"potions_floor_spawned":[1,10,13,14],"killed_by":"The Guardian","ascension_level":1}}