{"host":"tlbbab9afexrkdtf","time":1614219769,"event":{"mods":["2.2 Compatiblity","AchievementEnabler","BaseMod","Colored Map","Colored Powertips","Minty Spire (QoL Compilation)","Rare Cards Sparkle","StSLib"],"gold_per_floor":[110,124,134,145,220,220,250,250,250,260,275,294,294,307,307,307,307],"floor_reached":16,"language":"ENG","playtime":426,"items_purged":[],"score":154,"play_id":"f5f92108-8fb0-4a09-891b-805ca4c911c3","local_time":"20210224212249","is_ascension_mode":true,"campfire_choices":[{"floor":6,"key":"REST"},{"floor":8,"key":"REST"},{"floor":15,"key":"REST"}],"circlet_count":0,"master_deck":["Strike_B","Strike_B","Strike_B","Strike_B","Defend_B","Defend_B","Defend_B","Defend_B","Zap","Dualcast","Conserve Battery","Coolheaded","Genetic Algorithm","Static Discharge","Conserve Battery","Defragment","Cold Snap","Leap","Decay","Turbo"],"relics":["Cracked Core","Mango","Darkstone Periapt","White Beast Statue"],"acts_visited":["Exordium"],"potions_floor_usage":[4,10,11,12,16,16],"damage_taken":[{"damage":0,"enemies":"Cultist","floor":1,"turns":3},{"damage":1,"enemies":"Jaw Worm","floor":2,"turns":4},{"damage":9,"enemies":"Small Slimes","floor":3,"turns":4},{"damage":9,"enemies":"Blue Slaver","floor":4,"turns":3},{"damage":35,"enemies":"Gremlin Nob","floor":7,"turns":5},{"damage":43,"enemies":"Gremlin Gang","floor":10,"turns":4},{"damage":4,"enemies":"Looter","floor":11,"turns":3},{"damage":5,"enemies":"2 Fungi Beasts","floor":12,"turns":4},{"damage":20,"enemies":"Large Slime","floor":14,"turns":9},{"damage":28,"enemies":"Hexaghost","floor":16,"turns":16}],"seed_played":"-5344916717931050787","potions_obtained":[{"floor":1,"key":"FearPotion"},{"floor":7,"key":"SteroidPotion"},{"floor":10,"key":"FocusPotion"},{"floor":11,"key":"BlessingOfTheForge"},{"floor":12,"key":"Dexterity Potion"},{"floor":14,"key":"Fire Potion"}],"is_trial":false,"path_per_floor":["M","M","M","M","?","R","E","R","T","M","M","M","?","M","R","B"],"character_chosen":"DEFECT","items_purchased":[],"campfire_rested":3,"item_purchase_floors":[],"current_hp_per_floor":[82,81,72,63,55,79,44,68,68,25,21,16,22,2,28,0,0],"gold":307,"neow_bonus":"ONE_RARE_RELIC","is_daily":false,"chose_seed":false,"campfire_upgraded":0,"win_rate":0.0,"timestamp":1614219769,"path_taken":["M","M","M","M","?","R","E","R","T","M","?","M","?","M","R","BOSS"],"items_purchased_type":[],"build_version":"2020-12-22","purchased_purges":0,"victory":false,"max_hp_per_floor":[82,82,82,82,82,82,82,82,82,82,82,82,88,88,88,88,88],"card_choices":[{"not_picked":["Rip and Tear","Gash"],"picked":"Conserve Battery","floor":1},{"not_picked":["Cold Snap","Self Repair"],"picked":"Coolheaded","floor":2},{"not_picked":["Barrage","Scrape"],"picked":"Genetic Algorithm","floor":3},{"not_picked":["Ball Lightning","Biased Cognition"],"picked":"Static Discharge","floor":4},{"not_picked":["Sweeping Beam","Self Repair"],"picked":"Conserve Battery","floor":7},{"not_picked":["Stack","Steam"],"picked":"Defragment","floor":10},{"not_picked":["Leap","Conserve Battery"],"picked":"Cold Snap","floor":11},{"not_picked":["Rebound","Hologram"],"picked":"Leap","floor":12},{"not_picked":["Compile Driver","Redo"],"picked":"Turbo","floor":14}],"player_experience":369452,"relics_obtained":[{"floor":7,"key":"Darkstone Periapt"},{"floor":9,"key":"White Beast Statue"}],"event_choices":[{"damage_healed":0,"gold_gain":75,"player_choice":"Touch","damage_taken":8,"max_hp_gain":0,"max_hp_loss":0,"event_name":"FaceTrader","floor":5,"gold_loss":0},{"damage_healed":0,"gold_gain":0,"player_choice":"Cursed","damage_taken":0,"max_hp_gain":0,"max_hp_loss":0,"event_name":"Wheel of Change","floor":13,"gold_loss":0,"cards_obtained":["Decay"]}],"is_beta":false,"boss_relics":[],"items_purged_floors":[],"is_endless":false,"potions_floor_spawned":[1,7,10,11,12,14],"killed_by":"Hexaghost","ascension_level":9}}