{"host":"opdum64sdiqzxm7l","time":1614255274,"event":{"mods":["Act Like it!","Aspiration","BaseMod","CapriCore","Colored Powertips","Conspire","Energized Spire","Friendly Minions","Jedi Mod","Library of Ruina","Library of Ruina Extra","Lobotomy","LobotomyExtend","Minty Spire (QoL Compilation)","MostiFishMod","Pale of the Ancients","Reliquary","Replay The Spire","RumiaBox-露米娅的神秘盒子","Spicy Shops","StSLib","TestMod","UnlockEverythingMod","Waifu the Spire","[IsaacMod]以撒尖塔","[功能]功能增强和修复MOD","【功能Mod】混沌之环修复补丁","【功能Mod】聪明的最终Boss","【遗物卡牌】REMEMod"],"gold_per_floor":[111,50,21,96,121,199,199,266,313,313,283,330,387,396,396,587,596,614,373,284,325,425,428,428],"floor_reached":23,"language":"ZHS","playtime":1111,"items_purged":["Injury"],"score":316,"play_id":"5f9536d5-8f86-4691-9535-1b85d507a08b","local_time":"20210225201434","is_ascension_mode":false,"campfire_choices":[{"data":"REME_SelfUpgrade","floor":7,"key":"SMITH"},{"data":"FocusedStrikes","floor":10,"key":"SMITH"}],"circlet_count":0,"master_deck":["Dodge","LightDefense","LightAttack","LightAttack","LightAttack","LightDefense","LightDefense","LightDefense","ChargeAndCover","FocusedStrikes+1","REME_SelfUpgrade+1","BlackSwan","ScatteringSlash","Deflect_lor","Rudolta","TheArtOfRapidSteps","Bloodbath","MHz","Injury","Funeral","Observe","LeRegole","GremboGang","BlueStar","FrontalAssault"],"relics":["PageOfLibrarian","REME_ComplimentaryCards","DaveBox","testmod-TestBox","HushsDoor","CogitoBucket","Void","testmod-RandomTest","CombinedTypeHook","LetterFromLob","CeramicFish","REME_ArchaeologicalTools","reliquary:TatteredRug","Boot","ZombieArmy","REME_PuzzleBoxRelic","TheBean","Art of War","Molten Egg 2","Fusion Hammer","Gaze_r","PokeGo","PageOfApocalypseBird","LastBattle","SkinProphecy"],"acts_visited":["Exordium","TheCity"],"potions_floor_usage":[],"damage_taken":[{"damage":7,"enemies":"Cultist","floor":1,"turns":4},{"damage":9,"enemies":"Lagavulin","floor":6,"turns":4},{"damage":11,"enemies":"Gremlin Nob","floor":8,"turns":3},{"damage":0,"enemies":"2 Louse","floor":12,"turns":2},{"damage":19,"enemies":"conspire:MimicChest","floor":13,"turns":3},{"damage":0,"enemies":"Hexaghost","floor":16,"turns":3},{"damage":0,"enemies":"Chosen","floor":18,"turns":2},{"damage":0,"enemies":"Chosen","floor":21,"turns":2},{"damage":11,"enemies":"Slavers","floor":23,"turns":1}],"seed_played":"389116730672556759","potions_obtained":[{"floor":1,"key":"Swift Potion"},{"floor":6,"key":"Strength Potion"},{"floor":6,"key":"ColorlessPotion"},{"floor":21,"key":"AttackPotion"}],"is_trial":false,"path_per_floor":["M","$","$","?","T","E","R","E","T","R","$","M","?","?","R","B",null,"M","?","$","M","?","E"],"character_chosen":"Librarian","items_purchased":["CeramicFish","REME_ArchaeologicalTools","TheBean","LeRegole","PokeGo","PageOfApocalypseBird","LastBattle"],"campfire_rested":0,"item_purchase_floors":[2,3,11,17,20,20,20],"current_hp_per_floor":[53,53,53,42,42,42,42,31,31,31,31,33,23,23,23,31,80,1,1,1,1,1,0,0],"gold":428,"neow_bonus":"","is_daily":false,"chose_seed":false,"campfire_upgraded":2,"win_rate":0.0,"timestamp":1614255274,"path_taken":["M","?","$","?","?","E","R","E","T","R","?","?","?","?","R","BOSS","M","?","$","?","?","E"],"items_purchased_type":["Relic","Relic","Relic","Card","Relic","Relic","Relic"],"build_version":"2020-12-22","purchased_purges":1,"victory":false,"max_hp_per_floor":[61,61,61,61,61,62,61,76,76,76,76,76,77,77,77,84,80,1,1,1,1,1,3,3],"card_choices":[{"not_picked":["CherryBlossoms","OldLady"],"picked":"BlackSwan","floor":1},{"not_picked":["QuickSuppression","FleetEdge","CutIn","MultiHit","SharpenedBlade","SerpentSwordTechnique","Outburst","HandleRequest"],"picked":"ScatteringSlash","floor":1},{"not_picked":["SuppressingShot","ToOvercomeCrisis","Standoff","DesperateStruggle","RhinoRam","GatherIntel","SummaryJudgment","Creak","SinglePointStab"],"picked":"Deflect_lor","floor":6},{"not_picked":["VoidDream","Murderer"],"picked":"Rudolta","floor":8},{"not_picked":["Bomb","Deflect_lor","PreparedMind","FocusFire","CombatPreparation","FleetFootsteps","UncannyStrike","Parry","TraceOfFumes","PinpointShot"],"picked":"TheArtOfRapidSteps","floor":8},{"not_picked":["Freischutz","Murderer"],"picked":"Bloodbath","floor":12},{"not_picked":["Riposte","DesperateStruggle","Multislash","EnergyConversion","SerpentSwordTechnique","ViolentFlame","ScratchThat","Quickness","Wallop_lor","BiAn"],"picked":"BackAttack","floor":12},{"not_picked":["QueenOfHatred","NakedNest"],"picked":"MHz","floor":13},{"not_picked":["PreparedMind","GreatSerpentsImpact","Faith","HiddenBlade","BackstreetsDash","FleetEdge","EnergyShield","Juggling"],"picked":"ToWhereThePrescriptPoints","floor":13},{"not_picked":["OSAHOGD","Wellcheers"],"picked":"Funeral","floor":16},{"not_picked":["Transpierce+1","DaringDecision+1","FleshFillet+1","Punishment+1"],"picked":"Observe","floor":16},{"not_picked":["BigBadWolf","WallGazer"],"picked":"BlueStar","floor":21},{"not_picked":["BlowItUp+1","GreatSerpentsImpact+1","UpbeatPerformance+1","MindCrush+1","FendThisOffIfYouCan+1","BladeWhirl+1","TraceOfFumes+1","CoordinatedAssault+1","SnakesPrey","ForcefulGesture+1"],"picked":"FrontalAssault","floor":21}],"player_experience":3408,"relics_obtained":[{"floor":1,"key":"LetterFromLob"},{"floor":5,"key":"reliquary:TatteredRug"},{"floor":6,"key":"Boot"},{"floor":8,"key":"ZombieArmy"},{"floor":9,"key":"REME_PuzzleBoxRelic"},{"floor":13,"key":"Art of War"}],"event_choices":[{"damage_healed":0,"gold_gain":75,"player_choice":"Gather Gold","damage_taken":11,"max_hp_gain":0,"max_hp_loss":0,"event_name":"World of Goop","floor":4,"gold_loss":0},{"damage_healed":0,"gold_gain":100,"player_choice":"Pray","damage_taken":0,"max_hp_gain":0,"max_hp_loss":0,"event_name":"Golden Shrine","floor":22,"gold_loss":0}],"is_beta":false,"boss_relics":[{"not_picked":["jedi:hotpepper","Kintsugi"],"picked":"Fusion Hammer"},{"not_picked":[]}],"items_purged_floors":[20],"is_endless":false,"potions_floor_spawned":[1,6,6,8,12,16,18,21],"killed_by":"Slavers","ascension_level":0}}