{"host":"jrcac014xe3tcpok","time":1614279553,"event":{"mods":["Act Like it!","Aspiration","BaseMod","Beaked The Cultist","BetterRewards","Colored Map","Conspire","Downfall","Gensokyo","Halation","Hermit","Infinite Spire","Jorbs\u0027s Wanderer Trilogy","Minty Spire (QoL Compilation)","Replay The Spire","StSLib","The Construct","The Cursed","The Hierophant","The Jungle","The Mystic","The Runesmith"],"gold_per_floor":[112,112,128,140,151,183,183,215,215,215,64,64,64,64,64,64,64],"floor_reached":16,"language":"ENG","playtime":755,"items_purged":["Strike_B"],"score":108,"play_id":"41a1df2d-8084-4f80-bb1a-e66c69c0a2e4","local_time":"20210225125913","is_ascension_mode":false,"campfire_choices":[{"data":"Echo Form","floor":7,"key":"SMITH"},{"data":"ReplayTheSpireMod:Calculation Training","floor":12,"key":"SMITH"},{"data":"Conserve Battery","floor":15,"key":"SMITH"}],"circlet_count":0,"master_deck":["Strike_B","Strike_B","Defend_B","Defend_B","Defend_B","Defend_B","Zap","Dualcast","Leap","Conserve Battery+1","Ball Lightning","Cold Snap","Echo Form+1","ReplayTheSpireMod:Calculation Training+1"],"relics":["Cracked Core","aspiration:EmptySkull","PreservedInsect","Question Card","infinitespire:WardingShard","Regal Pillow","Ring of Misfortune"],"acts_visited":["Exordium"],"potions_floor_usage":[16],"damage_taken":[{"damage":5,"enemies":"Small Slimes","floor":1,"turns":4},{"damage":0,"enemies":"Cultist","floor":3,"turns":4},{"damage":6,"enemies":"Jaw Worm","floor":4,"turns":4},{"damage":2,"enemies":"Blue Slaver","floor":5,"turns":3},{"damage":6,"enemies":"3 Sentries","floor":6,"turns":8},{"damage":8,"enemies":"Gremlin Nob","floor":8,"turns":4},{"damage":62,"enemies":"Fading Forest","floor":16,"turns":7}],"seed_played":"-7592314495674374142","potions_obtained":[{"floor":3,"key":"SpeedPotion"},{"floor":5,"key":"sneckomod:MuddlingPotion"},{"floor":6,"key":"Adrenaline Potion"}],"is_trial":false,"path_per_floor":["M","?","M","M","M","E","R","E","T","?","$","R","?","$","R","B"],"character_chosen":"DEFECT","items_purchased":["ReplayTheSpireMod:Calculation Training"],"campfire_rested":0,"item_purchase_floors":[11],"current_hp_per_floor":[70,70,70,64,62,56,56,48,48,48,48,48,48,48,48,0,0],"gold":64,"neow_bonus":"RANDOM_COMMON_RELIC","is_daily":false,"chose_seed":false,"campfire_upgraded":3,"win_rate":0.0,"timestamp":1614279553,"path_taken":["M","?","M","?","M","E","R","E","T","?","$","R","?","?","R","BOSS"],"items_purchased_type":["Card"],"build_version":"2020-12-22","purchased_purges":1,"victory":false,"max_hp_per_floor":[75,75,75,75,75,75,75,75,75,75,75,75,75,75,75,75,75],"card_choices":[{"not_picked":["Beam Cell","ReplaySolidLightProjector"],"picked":"Leap","floor":1},{"not_picked":["Hello World","Compile Driver"],"picked":"Conserve Battery","floor":3},{"not_picked":["Panic Button","Go for the Eyes"],"picked":"Ball Lightning","floor":4},{"not_picked":["Steam","Panic Button"],"picked":"Cold Snap","floor":5},{"not_picked":["BasicCrystalCard","Steam"],"picked":"Echo Form","floor":6},{"not_picked":["Leap","Go for the Eyes","BootSequence"],"picked":"SKIP","floor":8}],"player_experience":393162,"relics_obtained":[{"floor":6,"key":"PreservedInsect"},{"floor":8,"key":"Question Card"},{"floor":9,"key":"infinitespire:WardingShard"},{"floor":10,"key":"Regal Pillow"},{"floor":13,"key":"Ring of Misfortune"}],"event_choices":[{"cards_removed":["Strike_B"],"damage_healed":0,"gold_gain":0,"player_choice":"Purged","damage_taken":0,"max_hp_gain":0,"max_hp_loss":0,"event_name":"Purifier","floor":2,"gold_loss":0}],"is_beta":false,"boss_relics":[],"items_purged_floors":[11],"is_endless":false,"potions_floor_spawned":[3,5,6],"killed_by":"Fading Forest","ascension_level":0}}