{"host":"ymmeoa1x24ihslbm","time":1614221560,"event":{"mods":["AchievementEnabler","Bartender","BaseMod","CatGirl Mod","Colored Map","Colored Powertips","Defuse TimeMaze Blight","Hermit","Highlight Path","HornydragonMod","Hyrulean Relics","Infinite Spire","Minty Spire (QoL Compilation)","Permanent Neow","Quick Restart","Rare Cards Sparkle","Relic Sorter","Robot Space Explorer","Shapeshifter Mod","Shop Mod","StSLib","The Gatherer","The Marked","TheFirefly","TheSurvivalist","Transform Curses"],"gold_per_floor":[84,99,99,110,127,127,139,139,139,209,225,251,251,262,262,365,365,365,365],"floor_reached":18,"language":"ENG","playtime":794,"items_purged":[],"score":189,"play_id":"fcf22cda-6890-43eb-ace1-d9d801e891fc","local_time":"20210225035240","is_ascension_mode":false,"campfire_choices":[{"data":"Beer","floor":6,"key":"SMITH"},{"data":"DrunkForget","floor":8,"key":"SMITH"},{"data":"CardReborn","floor":13,"key":"SMITH"},{"data":"Wtf","floor":15,"key":"SMITH"}],"circlet_count":0,"master_deck":["Strike_HD","Strike_HD","Strike_HD","Strike_HD","DrunkenFist+1","Defend_HD","Defend_HD","Defend_HD","Defend_HD","AlcoholBarrier","BreakDrink+1","Beer+1","Wtf+1","DrunkForget+1","CardReborn+1","StrangeSheild","Timmie","IceTea","Sadman570","GetAlcoholSmell"],"relics":["WineBottle","FossilizedHelix","The Courier","MoneyPower","Silver_Glasses"],"acts_visited":["Exordium","TheCity"],"potions_floor_usage":[12,16],"damage_taken":[{"damage":0,"enemies":"Jaw Worm","floor":1,"turns":3},{"damage":0,"enemies":"Cultist","floor":2,"turns":3},{"damage":0,"enemies":"2 Louse","floor":4,"turns":2},{"damage":9,"enemies":"Exordium Thugs","floor":5,"turns":4},{"damage":3,"enemies":"Exordium Wildlife","floor":7,"turns":6},{"damage":0,"enemies":"Large Slime","floor":11,"turns":6},{"damage":0,"enemies":"Gremlin Nob","floor":12,"turns":4},{"damage":0,"enemies":"Blue Slaver","floor":14,"turns":4},{"damage":41,"enemies":"Hexaghost","floor":16,"turns":13},{"damage":0,"enemies":"Chosen","floor":18,"turns":3}],"seed_played":"652181637791871887","potions_obtained":[{"floor":2,"key":"BlessingOfTheForge"},{"floor":11,"key":"SkillPotion"},{"floor":14,"key":"GamblersBrew"},{"floor":16,"key":"SpeedPotion"}],"is_trial":false,"path_per_floor":["M","M","?","M","M","R","M","R","T","T","M","E","R","M","R","B",null,"M"],"character_chosen":"HORNYDRAGON","items_purchased":[],"campfire_rested":0,"item_purchase_floors":[],"current_hp_per_floor":[95,95,76,76,67,67,64,64,64,64,64,64,64,64,64,23,95,95,95],"gold":365,"neow_bonus":"TEN_PERCENT_HP_BONUS","is_daily":false,"chose_seed":false,"campfire_upgraded":4,"win_rate":0.0,"timestamp":1614221560,"path_taken":["M","M","?","M","M","R","M","R","T","?","?","E","R","?","R","BOSS","M"],"items_purchased_type":[],"build_version":"2020-12-22","purchased_purges":0,"victory":false,"max_hp_per_floor":[95,95,95,95,95,95,95,95,95,95,95,95,95,95,95,95,95,95,95],"card_choices":[{"not_picked":["DrumStick","Fly"],"picked":"Beer","floor":1},{"not_picked":["Fury","Vodka"],"picked":"Wtf","floor":2},{"not_picked":["BunnyJump","CrazyDrinking"],"picked":"DrunkForget","floor":4},{"not_picked":["PowerGlove","RainbowAttack"],"picked":"CardReborn","floor":5},{"not_picked":["BreakDrink","BottleAttack"],"picked":"StrangeSheild","floor":7},{"not_picked":["HeadDefend","Wtf"],"picked":"Timmie","floor":11},{"not_picked":["GetWldd","DrunkForget"],"picked":"IceTea","floor":12},{"not_picked":["Conch","GetToilet"],"picked":"Sadman570","floor":14},{"not_picked":["GetWldd","JohnCena"],"picked":"GetAlcoholSmell","floor":16}],"player_experience":821593,"relics_obtained":[{"floor":9,"key":"FossilizedHelix"},{"floor":10,"key":"The Courier"},{"floor":12,"key":"MoneyPower"}],"event_choices":[{"damage_healed":0,"gold_gain":0,"player_choice":"Entered Light","damage_taken":19,"max_hp_gain":0,"max_hp_loss":0,"event_name":"Shining Light","floor":3,"gold_loss":0,"cards_upgraded":["BreakDrink","DrunkenFist"]}],"is_beta":false,"boss_relics":[{"not_picked":["Velvet Choker","Calling Bell"],"picked":"Silver_Glasses"}],"items_purged_floors":[],"is_endless":false,"potions_floor_spawned":[2,11,14,16],"killed_by":"Chosen","ascension_level":0}}