{"host":"qgru5siit3fz0wh9","time":1614274185,"event":{"mods":["AchievementEnabler","BaseMod","Highlight Path","Minty Spire (QoL Compilation)"],"gold_per_floor":[113,129,229,244,54,88,18,47,47,81,100,120,154,178,190,305,317,349,361,389,428,460,501,61,87,141,141,141,171,21,32,32,130,130,146,146,164,175,190,221,221,221,221,248,266,277,289,324,324,324,324,324,28,62,62],"floor_reached":56,"language":"ENG","playtime":3192,"items_purged":[],"score":1584,"play_id":"a91848fa-f2e2-4326-99ea-d21f1c413d89","local_time":"20210225182945","is_ascension_mode":true,"campfire_choices":[{"data":"Dark Embrace","floor":15,"key":"SMITH"},{"data":"Spot Weakness","floor":32,"key":"SMITH"},{"floor":41,"key":"RECALL"},{"data":"Apotheosis","floor":49,"key":"SMITH"},{"data":"Limit Break","floor":52,"key":"SMITH"}],"circlet_count":0,"master_deck":["Strike_R","Strike_R","Strike_R","Strike_R","Strike_R","Defend_R","Defend_R","Defend_R","Defend_R","Bash","Dramatic Entrance","Perfected Strike","Infernal Blade+1","Shrug It Off","Power Through+1","Feed","Dark Embrace+1","Seeing Red","Thunderclap+1","Thunderclap+1","Spot Weakness+1","Offering","Limit Break+1","Sword Boomerang+1","Reaper+1","Pummel+1","Perfected Strike+1","Apotheosis+1","Purity","Enlightenment","Spot Weakness+1","Burning Pact","Limit Break+1","Shockwave+1","Fiend Fire+1","Burning Pact+1"],"relics":["Burning Blood","Blood Vial","Champion Belt","Singing Bowl","Molten Egg 2","White Beast Statue","MawBank","Black Star","Red Mask","Paper Frog","Orichalcum","Potion Belt","Akabeko","ClockworkSouvenir","Thread and Needle","Bottled Lightning","Omamori","Regal Pillow","Meat on the Bone","Tiny Chest","PreservedInsect","Runic Pyramid","Toxic Egg 2","Question Card","Dream Catcher","War Paint","Mercury Hourglass","Vajra","Art of War","Chemical X","Pantograph","Lantern"],"acts_visited":["Exordium","TheCity","TheBeyond","TheEnding"],"potions_floor_usage":[13,13,16,21,22,23,23,23,25,37,38,39,39,44,46,47,48,48,50,50,55,55,55],"damage_taken":[{"damage":7,"enemies":"Small Slimes","floor":1,"turns":2},{"damage":0,"enemies":"Cultist","floor":2,"turns":2},{"damage":2,"enemies":"Jaw Worm","floor":4,"turns":3},{"damage":6,"enemies":"Gremlin Nob","floor":6,"turns":3},{"damage":15,"enemies":"Lagavulin","floor":8,"turns":6},{"damage":41,"enemies":"3 Sentries","floor":10,"turns":8},{"damage":1,"enemies":"Looter","floor":11,"turns":3},{"damage":1,"enemies":"Blue Slaver","floor":12,"turns":2},{"damage":0,"enemies":"Gremlin Nob","floor":13,"turns":3},{"damage":6,"enemies":"Exordium Wildlife","floor":14,"turns":1},{"damage":32,"enemies":"Slime Boss","floor":16,"turns":6},{"damage":6,"enemies":"2 Thieves","floor":18,"turns":3},{"damage":0,"enemies":"Chosen","floor":20,"turns":3},{"damage":18,"enemies":"Masked Bandits","floor":21,"turns":3},{"damage":20,"enemies":"Centurion and Healer","floor":22,"turns":4},{"damage":45,"enemies":"Book of Stabbing","floor":23,"turns":7},{"damage":5,"enemies":"Slavers","floor":25,"turns":3},{"damage":11,"enemies":"Book of Stabbing","floor":29,"turns":4},{"damage":9,"enemies":"Snake Plant","floor":31,"turns":3},{"damage":51,"enemies":"Champ","floor":33,"turns":8},{"damage":6,"enemies":"Orb Walker","floor":35,"turns":2},{"damage":7,"enemies":"3 Darklings","floor":37,"turns":3},{"damage":13,"enemies":"Sphere and 2 Shapes","floor":38,"turns":4},{"damage":2,"enemies":"Writhing Mass","floor":39,"turns":3},{"damage":29,"enemies":"Giant Head","floor":40,"turns":7},{"damage":11,"enemies":"Nemesis","floor":44,"turns":4},{"damage":10,"enemies":"3 Darklings","floor":45,"turns":2},{"damage":42,"enemies":"4 Shapes","floor":46,"turns":4},{"damage":0,"enemies":"Spire Growth","floor":47,"turns":2},{"damage":6,"enemies":"Giant Head","floor":48,"turns":6},{"damage":22,"enemies":"Awakened One","floor":50,"turns":6},{"damage":17,"enemies":"Shield and Spear","floor":54,"turns":3},{"damage":126,"enemies":"The Heart","floor":55,"turns":7}],"seed_played":"8187299052826845210","potions_obtained":[{"floor":4,"key":"LiquidMemories"},{"floor":10,"key":"Energy Potion"},{"floor":11,"key":"EssenceOfSteel"},{"floor":12,"key":"Block Potion"},{"floor":13,"key":"AttackPotion"},{"floor":14,"key":"Weak Potion"},{"floor":16,"key":"BloodPotion"},{"floor":18,"key":"BloodPotion"},{"floor":21,"key":"PowerPotion"},{"floor":22,"key":"AttackPotion"},{"floor":23,"key":"ColorlessPotion"},{"floor":25,"key":"Ancient Potion"},{"floor":29,"key":"FearPotion"},{"floor":31,"key":"SpeedPotion"},{"floor":33,"key":"Strength Potion"},{"floor":35,"key":"DistilledChaos"},{"floor":37,"key":"Explosive Potion"},{"floor":38,"key":"Fruit Juice"},{"floor":39,"key":"ColorlessPotion"},{"floor":40,"key":"ColorlessPotion"},{"floor":44,"key":"SpeedPotion"},{"floor":45,"key":"HeartOfIron"},{"floor":46,"key":"Fire Potion"},{"floor":47,"key":"AttackPotion"},{"floor":48,"key":"LiquidMemories"},{"floor":54,"key":"Explosive Potion"}],"is_trial":false,"path_per_floor":["M","M","?","M","$","E","$","E","T","E","M","M","E","M","R","B",null,"M","?","M","?","M","E","$","E","T","?","$","E","$","M","R","B",null,"M","?","M","M","M","E","R","?","T","E","M","M","M","E","R","B",null,"R","$","E","B",null],"character_chosen":"IRONCLAD","items_purchased":["Blood Vial","Power Through","Dark Embrace","Potion Belt","Akabeko","ClockworkSouvenir","PreservedInsect","Art of War","Chemical X"],"campfire_rested":0,"item_purchase_floors":[5,5,7,24,24,24,30,53,53],"current_hp_per_floor":[79,80,80,80,80,80,80,71,71,41,48,58,66,70,70,49,91,91,73,86,81,71,78,78,84,84,84,84,100,100,110,110,67,113,115,105,106,111,117,130,130,130,130,125,123,104,114,120,120,106,138,138,138,130,66],"gold":62,"neow_bonus":"RANDOM_COLORLESS","is_daily":false,"chose_seed":false,"campfire_upgraded":4,"win_rate":0.0,"timestamp":1614274185,"path_taken":["M","M","?","M","$","E","?","E","T","E","M","M","E","M","R","BOSS","M","?","M","?","M","E","$","E","T","?","?","E","$","?","R","BOSS","M","?","M","M","M","E","R","?","T","E","M","M","M","E","R","BOSS","R","$","E","BOSS"],"items_purchased_type":["Relic","Card","Card","Relic","Relic","Relic","Relic","Relic","Relic"],"build_version":"2020-12-22","purchased_purges":0,"victory":true,"max_hp_per_floor":[80,80,80,80,80,80,80,80,80,83,83,86,86,88,88,91,91,91,96,101,106,108,110,110,113,113,113,113,113,113,113,113,113,113,115,115,115,125,125,130,130,130,130,130,130,132,134,138,138,138,138,138,138,141,141],"card_choices":[{"not_picked":["Impatience","Flash of Steel"],"picked":"Dramatic Entrance","floor":0},{"not_picked":["Dark Embrace","Cleave"],"picked":"Perfected Strike","floor":1},{"not_picked":["Rampage","True Grit"],"picked":"Infernal Blade","floor":2},{"not_picked":["Headbutt","Fire Breathing"],"picked":"Shrug It Off","floor":4},{"not_picked":["Hemokinesis","Rage"],"picked":"Feed","floor":6},{"not_picked":["Shrug It Off","Reckless Charge"],"picked":"Seeing Red","floor":8},{"not_picked":["Twin Strike+1","Rupture"],"picked":"Thunderclap+1","floor":10},{"not_picked":["Warcry","Perfected Strike+1"],"picked":"Thunderclap+1","floor":11},{"not_picked":["Clash+1","Rampage+1"],"picked":"Spot Weakness","floor":12},{"not_picked":["Shrug It Off","Armaments"],"picked":"Offering","floor":13},{"not_picked":["Clothesline+1","Seeing Red","Combust"],"picked":"Singing Bowl","floor":14},{"not_picked":["Double Tap","Reaper+1"],"picked":"Limit Break","floor":16},{"not_picked":["Pommel Strike+1","Dark Embrace"],"picked":"Sword Boomerang+1","floor":18},{"not_picked":["Cleave+1","Twin Strike+1","True Grit"],"picked":"Singing Bowl","floor":20},{"not_picked":["Wild Strike+1","Entrench","Body Slam+1"],"picked":"Singing Bowl","floor":21},{"not_picked":["Flex","Armaments","Warcry"],"picked":"Singing Bowl","floor":22},{"not_picked":["Armaments","Headbutt+1","Seeing Red+1"],"picked":"Singing Bowl","floor":23},{"not_picked":["Wild Strike+1","Cleave+1"],"picked":"Reaper+1","floor":25},{"not_picked":["Anger+1","Thunderclap+1"],"picked":"Pummel+1","floor":29},{"not_picked":["Armaments","Inflame"],"picked":"Perfected Strike+1","floor":31},{"not_picked":["Offering","Reaper+1"],"picked":"Demon Form","floor":33},{"not_picked":["Evolve","Havoc","Anger+1"],"picked":"Singing Bowl","floor":35},{"not_picked":["Deep Breath","Dark Shackles"],"picked":"Apotheosis","floor":36},{"not_picked":["Deep Breath","Chrysalis"],"picked":"Purity","floor":36},{"not_picked":["Jack Of All Trades","Bandage Up"],"picked":"Enlightenment","floor":36},{"not_picked":["True Grit","Sever Soul+1"],"picked":"Spot Weakness+1","floor":37},{"not_picked":["Dark Embrace+1","Metallicize+1","Flex+1"],"picked":"Singing Bowl","floor":38},{"not_picked":["Warcry+1","Iron Wave+1"],"picked":"Burning Pact","floor":39},{"not_picked":["Flex+1","Heavy Blade+1","Perfected Strike+1"],"picked":"Singing Bowl","floor":40},{"not_picked":["Evolve+1","Burning Pact+1","Intimidate+1"],"picked":"Limit Break+1","floor":44},{"not_picked":["Sword Boomerang+1","Headbutt+1","Armaments+1"],"picked":"Shockwave+1","floor":45},{"not_picked":["Bloodletting+1","Clothesline+1","Cleave+1","Sword Boomerang+1"],"picked":"Singing Bowl","floor":46},{"not_picked":["Body Slam+1","Headbutt+1","Inflame","Sword Boomerang+1"],"picked":"Singing Bowl","floor":47},{"not_picked":["Perfected Strike+1","Combust+1","Body Slam+1"],"picked":"Fiend Fire+1","floor":48},{"not_picked":["Shrug It Off+1","Warcry+1","Combust"],"picked":"Burning Pact+1","floor":54}],"player_experience":395114,"relics_obtained":[{"floor":6,"key":"Champion Belt"},{"floor":8,"key":"Singing Bowl"},{"floor":9,"key":"Molten Egg 2"},{"floor":10,"key":"White Beast Statue"},{"floor":13,"key":"MawBank"},{"floor":21,"key":"Red Mask"},{"floor":23,"key":"Paper Frog"},{"floor":23,"key":"Orichalcum"},{"floor":25,"key":"Thread and Needle"},{"floor":25,"key":"Bottled Lightning"},{"floor":26,"key":"Omamori"},{"floor":29,"key":"Meat on the Bone"},{"floor":29,"key":"Tiny Chest"},{"floor":40,"key":"Toxic Egg 2"},{"floor":40,"key":"Question Card"},{"floor":44,"key":"Dream Catcher"},{"floor":44,"key":"War Paint"},{"floor":48,"key":"Mercury Hourglass"},{"floor":48,"key":"Vajra"},{"floor":54,"key":"Pantograph"},{"floor":54,"key":"Lantern"}],"event_choices":[{"damage_healed":0,"gold_gain":100,"player_choice":"Gold","damage_taken":0,"max_hp_gain":0,"max_hp_loss":0,"event_name":"Wheel of Change","floor":3,"gold_loss":0},{"damage_healed":0,"gold_gain":0,"player_choice":"Shed Blood","damage_taken":23,"max_hp_gain":5,"max_hp_loss":0,"event_name":"Forgotten Altar","floor":19,"gold_loss":0},{"damage_healed":0,"gold_gain":0,"player_choice":"Fought Bandits","damage_taken":0,"max_hp_gain":0,"max_hp_loss":0,"event_name":"Masked Bandits","floor":21,"gold_loss":0},{"damage_healed":0,"gold_gain":0,"player_choice":"Opened","damage_taken":0,"relics_obtained":["Regal Pillow"],"max_hp_gain":0,"max_hp_loss":0,"event_name":"The Mausoleum","floor":27,"gold_loss":0,"cards_obtained":["Writhe"]},{"damage_healed":0,"gold_gain":0,"player_choice":"Memory 3","damage_taken":10,"max_hp_gain":0,"max_hp_loss":0,"event_name":"SensoryStone","floor":36,"gold_loss":0},{"cards_removed":["Demon Form"],"damage_healed":0,"gold_gain":0,"player_choice":"Removed Power","damage_taken":0,"max_hp_gain":0,"max_hp_loss":0,"event_name":"Falling","floor":42,"gold_loss":0}],"is_beta":false,"boss_relics":[{"not_picked":["Calling Bell","Snecko Eye"],"picked":"Black Star"},{"not_picked":["Cursed Key","Runic Dome"],"picked":"Runic Pyramid"}],"items_purged_floors":[],"is_endless":false,"potions_floor_spawned":[4,10,11,12,13,14,16,18,20,21,22,23,25,29,31,33,35,37,38,39,40,44,45,46,47,48,54],"ascension_level":2}}