{"host":"jfbo3eu2ui08ej1u","time":1614229255,"event":{"mods":["2.2 Compatiblity","AchievementEnabler","Act Like it!","Aspiration","BaseMod","Better Altar","Better Match","Better Note","Better Sensory Stone","Better Skull","Better Third Choice","Block Reminder","Colored Map","Colored Powertips","Conspire","DeckTracker","Displayed Cursed Tome","Energized Spire","Fox Events","GifTheSpireLib","Hermit","Hubris","Infinite Spire","Marked Mod","Minty Spire (QoL Compilation)","Monster B Gone","Pale of the Ancients","Poor People Problems","Quick Restart","Relic Filter","Reliquary","Reorder Act Four","Replay The Spire","Shop Mod","Spicy Shops","Spire Arcade","StSLib","Stuff the Spire","The Blue Laboratory","The Disciple","The Forsaken","The Hierophant","The Marked","Uncapped","Unceasing Turn Reminder","Wandering Minibosses"],"gold_per_floor":[366,366,2,30,59,59,112,112,112,112,166,200,235,265,265,283,283],"floor_reached":16,"language":"ENG","playtime":527,"items_purged":["Doubt"],"score":224,"play_id":"03e59033-3323-42f1-809e-de75ac343b02","local_time":"20210225000055","is_ascension_mode":true,"campfire_choices":[{"data":"Neutralize","floor":6,"key":"SMITH"},{"floor":8,"key":"REST"},{"data":"Acrobatics","floor":15,"key":"SMITH"}],"circlet_count":0,"master_deck":["AscendersBane","Strike_G","Strike_G","Strike_G","Strike_G","Strike_G","Defend_G","Defend_G","Defend_G","Defend_G","Defend_G","Survivor","Neutralize+1","Blade Dance+1","Skewer+1","Reflex","Dagger Spray","Acrobatics+1","Leg Sweep","Predator","Backstab"],"relics":["Ring of the Snake","ReplayTheSpireMod:CursedCoin","reliquary:HotPoker","Replay:Bandana","Vampiric Spirits","Tiny Chest","Bag of Marbles"],"acts_visited":["Exordium"],"potions_floor_usage":[7,16],"damage_taken":[{"damage":3,"enemies":"Small Slimes","floor":1,"turns":5},{"damage":0,"enemies":"Cultist","floor":4,"turns":2},{"damage":6,"enemies":"2 Louse","floor":5,"turns":3},{"damage":27,"enemies":"Lagavulin","floor":7,"turns":8},{"damage":20,"enemies":"3 Sentries","floor":11,"turns":7},{"damage":0,"enemies":"Gremlin Gang","floor":12,"turns":2},{"damage":2,"enemies":"3 Louse","floor":13,"turns":3},{"damage":0,"enemies":"Looter","floor":14,"turns":2},{"damage":70,"enemies":"Fading Forest","floor":16,"turns":10}],"seed_played":"196702005910006810","potions_obtained":[{"floor":4,"key":"blueLaboratory:EnvenomedCoating"},{"floor":13,"key":"blueLaboratory:BottleOfRum"},{"floor":14,"key":"blueLaboratory:FruitPunch"}],"is_trial":false,"path_per_floor":["M","?","$","M","M","R","E","R","T","?","E","M","M","M","R","B"],"character_chosen":"THE_SILENT","items_purchased":["ReplayTheSpireMod:CursedCoin","reliquary:HotPoker","Skewer","Reflex","Replay:Bandana"],"campfire_rested":1,"item_purchase_floors":[3,3,3,3,3],"current_hp_per_floor":[56,56,56,56,50,50,23,41,41,41,30,42,44,49,49,0,0],"gold":283,"neow_bonus":"TWO_FIFTY_GOLD","is_daily":false,"chose_seed":false,"campfire_upgraded":2,"win_rate":0.0,"timestamp":1614229255,"path_taken":["M","?","$","?","M","R","E","R","T","?","E","M","?","M","R","BOSS"],"items_purchased_type":["Relic","Relic","Card","Card","Relic"],"build_version":"2020-12-22","purchased_purges":1,"victory":false,"max_hp_per_floor":[60,60,60,60,60,60,60,60,60,60,60,60,60,60,60,62,62],"card_choices":[{"not_picked":["Caltrops","Deadly Poison"],"picked":"Blade Dance","floor":1},{"not_picked":["Flying Knee","ReplayTheSpireMod:Exploit Weakness","Caltrops"],"picked":"SKIP","floor":4},{"not_picked":["StuffTheSpire:ClusterCrunch","Bane","Flying Knee"],"picked":"SKIP","floor":5},{"not_picked":["Flying Knee","Backflip"],"picked":"Dagger Spray","floor":7},{"not_picked":["ReplayTheSpireMod:Necrosis","StuffTheSpire:BumpUp"],"picked":"Acrobatics","floor":11},{"not_picked":["Cloak And Dagger","Underhanded Strike"],"picked":"Leg Sweep","floor":12},{"not_picked":["Crippling Poison","PiercingWail"],"picked":"Predator","floor":13},{"not_picked":["hubris:Counter","Eviscerate"],"picked":"Backstab","floor":14}],"player_experience":1377973,"relics_obtained":[{"floor":7,"key":"Vampiric Spirits"},{"floor":9,"key":"Tiny Chest"},{"floor":11,"key":"Bag of Marbles"}],"event_choices":[{"damage_healed":0,"gold_gain":0,"player_choice":"Forge","damage_taken":0,"max_hp_gain":0,"max_hp_loss":0,"event_name":"Accursed Blacksmith","floor":2,"gold_loss":0,"cards_upgraded":["Blade Dance"]},{"damage_healed":0,"gold_gain":0,"player_choice":"Upgraded","damage_taken":0,"max_hp_gain":0,"max_hp_loss":0,"event_name":"Upgrade Shrine","floor":10,"gold_loss":0,"cards_upgraded":["Skewer"]}],"is_beta":false,"boss_relics":[],"items_purged_floors":[3],"is_endless":false,"potions_floor_spawned":[4,13,14],"killed_by":"Fading Forest","ascension_level":20}}