{"host":"wshey5htrz8rni6u","time":1614249590,"event":{"mods":["2.2 Compatiblity","BaseMod","Block Reminder","Colored Map","Colored Powertips","Current Relic Mod","Curses Come First","Dark Map","Key Reminder","Keyboard Shortcuts","Minty Spire (QoL Compilation)","Potion Indicator Mod","Quick Restart","Random Character Button","Relic Sorter","Relic Stats","StSLib","SuperFastMode","Unceasing Turn Reminder","UnlockEverythingMod","Weighted Paths"],"gold_per_floor":[111,111,36,36,36,64,64,95,95,170,195,208,228,42,42,116,116,130,155,170,3,3,3],"floor_reached":22,"language":"ENG","playtime":629,"items_purged":["Regret","Strike_G"],"score":420,"play_id":"25753e84-e2e1-4722-9024-a21a1ccb40fc","local_time":"20210225023950","is_ascension_mode":true,"campfire_choices":[{"data":"Neutralize","floor":7,"key":"SMITH"},{"data":"Metamorphosis","floor":15,"key":"SMITH"}],"circlet_count":0,"master_deck":["AscendersBane","Strike_G","Strike_G","Strike_G","Defend_G","Defend_G","Defend_G","Defend_G","Defend_G","Survivor","Neutralize+1","Poisoned Stab","Sucker Punch","Riddle With Holes","Corpse Explosion","Noxious Fumes","Blur","Metamorphosis+1","PiercingWail","Wraith Form v2","Finisher+1","Bane","Footwork","Terror"],"relics":["Ring of the Snake","NeowsBlessing","Lantern","Toy Ornithopter","Vajra","Turnip","Ancient Tea Set","Black Star","Red Mask"],"acts_visited":["Exordium","TheCity"],"potions_floor_usage":[16,19,22],"damage_taken":[{"damage":0,"enemies":"Jaw Worm","floor":1,"turns":1},{"damage":0,"enemies":"Gremlin Nob","floor":6,"turns":1},{"damage":0,"enemies":"3 Sentries","floor":8,"turns":1},{"damage":0,"enemies":"Small Slimes","floor":12,"turns":3},{"damage":0,"enemies":"2 Louse","floor":13,"turns":2},{"damage":23,"enemies":"The Guardian","floor":16,"turns":9},{"damage":20,"enemies":"Chosen","floor":18,"turns":5},{"damage":8,"enemies":"Masked Bandits","floor":19,"turns":2},{"damage":17,"enemies":"Shell Parasite","floor":20,"turns":8},{"damage":22,"enemies":"Shelled Parasite and Fungi","floor":22,"turns":4}],"seed_played":"6344505308625899595","potions_obtained":[{"floor":1,"key":"CultistPotion"},{"floor":6,"key":"Energy Potion"},{"floor":18,"key":"Explosive Potion"},{"floor":19,"key":"AttackPotion"}],"is_trial":false,"path_per_floor":["M","?","$","?","$","E","R","E","T","?","T","M","M","$","R","B",null,"M","?","M","$","M"],"character_chosen":"THE_SILENT","items_purchased":["Metamorphosis","PiercingWail","Terror"],"campfire_rested":0,"item_purchase_floors":[14,14,21],"current_hp_per_floor":[59,59,59,59,59,59,59,59,59,48,48,48,48,48,48,30,57,37,34,17,17,0,0],"gold":3,"neow_bonus":"THREE_ENEMY_KILL","is_daily":false,"chose_seed":false,"campfire_upgraded":2,"win_rate":0.0,"timestamp":1614249590,"path_taken":["M","?","$","?","$","E","R","E","T","?","?","M","M","?","R","BOSS","M","?","M","$","M"],"items_purchased_type":["Card","Card","Card"],"build_version":"2020-12-13","purchased_purges":2,"victory":false,"max_hp_per_floor":[66,66,66,66,66,66,66,66,66,66,66,66,66,66,66,66,66,66,66,66,66,66,66],"relic_stats":{"counters":[10,36],"Turnip":[3],"Black Star":0,"obtain_stats":[{"Lantern":2,"NeowsBlessing":0,"Vajra":8,"Turnip":9,"Black Star":17,"Red Mask":19,"Ancient Tea Set":11,"Toy Ornithopter":6,"Ring of the Snake":0},{"Lantern":1,"NeowsBlessing":0,"Vajra":3,"Turnip":3,"Black Star":6,"Red Mask":8,"Ancient Tea Set":3,"Toy Ornithopter":2,"Ring of the Snake":0},{"Lantern":1,"NeowsBlessing":0,"Vajra":3,"Turnip":3,"Black Star":17,"Red Mask":24,"Ancient Tea Set":3,"Toy Ornithopter":2,"Ring of the Snake":0}],"Toy Ornithopter":15,"Ring of the Snake":[20]},"card_choices":[{"not_picked":["Tactician","Dagger Throw"],"picked":"Poisoned Stab","floor":1},{"not_picked":["Acrobatics","Distraction"],"picked":"Riddle With Holes","floor":6},{"not_picked":["Dodge and Roll","Leg Sweep"],"picked":"Corpse Explosion","floor":8},{"not_picked":["Sucker Punch","Dagger Throw"],"picked":"Noxious Fumes","floor":12},{"not_picked":["Bane","Outmaneuver"],"picked":"Blur","floor":13},{"not_picked":["Storm of Steel","Die Die Die"],"picked":"Wraith Form v2","floor":16},{"not_picked":["Crippling Poison","Caltrops"],"picked":"Finisher+1","floor":18},{"not_picked":["Deadly Poison","Prepared"],"picked":"Bane","floor":19},{"not_picked":["Bouncing Flask","Blade Dance"],"picked":"Footwork","floor":20}],"player_experience":201494,"relics_obtained":[{"floor":6,"key":"Toy Ornithopter"},{"floor":8,"key":"Vajra"},{"floor":9,"key":"Turnip"},{"floor":11,"key":"Ancient Tea Set"},{"floor":19,"key":"Red Mask"}],"event_choices":[{"damage_healed":0,"gold_gain":0,"player_choice":"Box","damage_taken":0,"relics_obtained":["Lantern"],"max_hp_gain":0,"max_hp_loss":0,"event_name":"Big Fish","floor":2,"gold_loss":0,"cards_obtained":["Regret"]},{"damage_healed":0,"gold_gain":0,"cards_transformed":["Strike_G"],"player_choice":"Change","damage_taken":0,"max_hp_gain":0,"max_hp_loss":0,"event_name":"Living Wall","floor":4,"gold_loss":0,"cards_obtained":["Sucker Punch"]},{"damage_healed":0,"gold_gain":75,"player_choice":"Gather Gold","damage_taken":11,"max_hp_gain":0,"max_hp_loss":0,"event_name":"World of Goop","floor":10,"gold_loss":0},{"damage_healed":0,"gold_gain":0,"player_choice":"Fought Bandits","damage_taken":0,"max_hp_gain":0,"max_hp_loss":0,"event_name":"Masked Bandits","floor":19,"gold_loss":0}],"is_beta":false,"boss_relics":[{"not_picked":["Tiny House","SacredBark"],"picked":"Black Star"}],"items_purged_floors":[3,21],"is_endless":false,"potions_floor_spawned":[1,6,18,19],"killed_by":"Shelled Parasite and Fungi","ascension_level":15}}