{"host":"0kk91h4bq4kgfj0u","time":1614220650,"event":{"mods":["BaseMod","Bestiary","Block Reminder","Colored Map","Colored Powertips","Curses Come First","Highlight Path","Minty Spire (QoL Compilation)","Relic Stats","StSLib"],"gold_per_floor":[111,122,138,157,157,157,157],"floor_reached":6,"language":"ENG","playtime":147,"items_purged":[],"score":55,"play_id":"8b92a512-d402-426e-856b-23ede15b321f","local_time":"20210224213730","is_ascension_mode":true,"campfire_choices":[],"circlet_count":0,"master_deck":["Strike_R","Strike_R","Strike_R","Strike_R","Strike_R","Defend_R","Defend_R","Defend_R","Defend_R","Bash","Juggernaut","Thunderclap","Heavy Blade","Limit Break","Spot Weakness"],"relics":["Burning Blood","Torii"],"acts_visited":["Exordium"],"potions_floor_usage":[6],"damage_taken":[{"damage":6,"enemies":"Cultist","floor":1,"turns":4},{"damage":4,"enemies":"Jaw Worm","floor":2,"turns":4},{"damage":7,"enemies":"Small Slimes","floor":3,"turns":3},{"damage":21,"enemies":"Looter","floor":4,"turns":4},{"damage":55,"enemies":"Gremlin Nob","floor":6,"turns":4}],"seed_played":"-1276045516927110383","potions_obtained":[{"floor":2,"key":"Swift Potion"}],"is_trial":false,"path_per_floor":["M","M","M","M","?","E"],"character_chosen":"IRONCLAD","items_purchased":[],"campfire_rested":0,"item_purchase_floors":[],"current_hp_per_floor":[72,74,73,58,40,0,0],"gold":157,"neow_bonus":"ONE_RANDOM_RARE_CARD","is_daily":false,"chose_seed":false,"campfire_upgraded":0,"win_rate":0.0,"timestamp":1614220650,"path_taken":["M","M","M","M","?","E"],"items_purchased_type":[],"build_version":"2020-12-22","purchased_purges":0,"victory":false,"max_hp_per_floor":[80,80,80,80,80,80,80],"relic_stats":{"Torii":0,"counters":[5,19],"obtain_stats":[{"Torii":5,"Burning Blood":0},{"Torii":4,"Burning Blood":0},{"Torii":15,"Burning Blood":0}],"Burning Blood":24},"card_choices":[{"not_picked":["Body Slam","Dark Embrace"],"picked":"Thunderclap","floor":1},{"not_picked":["Body Slam","Carnage"],"picked":"Heavy Blade","floor":2},{"not_picked":["Havoc","Sever Soul"],"picked":"Limit Break","floor":3},{"not_picked":["Shockwave","Dropkick"],"picked":"Spot Weakness","floor":4}],"player_experience":923420,"relics_obtained":[],"event_choices":[{"damage_healed":0,"gold_gain":0,"player_choice":"Success","damage_taken":18,"relics_obtained":["Torii"],"max_hp_gain":0,"max_hp_loss":0,"event_name":"Scrap Ooze","floor":5,"gold_loss":0}],"is_beta":false,"boss_relics":[],"items_purged_floors":[],"is_endless":false,"potions_floor_spawned":[2],"killed_by":"Gremlin Nob","ascension_level":9}}