{"host":"5n1fl7z5i1vf7jan","time":1614212480,"event":{"mods":["BaseMod","Minty Spire (QoL Compilation)","Quick Restart","Relic Stats"],"gold_per_floor":[212,287,306,16,31,31,44,57,84,117,129,129,147,165,165,244,244,244,244,244,244,23,23,23,23,23],"floor_reached":25,"language":"ENG","playtime":755,"items_purged":[],"score":554,"play_id":"f3bfedec-3d99-4798-9c6d-c9eaba9095d0","local_time":"20210224162120","is_ascension_mode":true,"campfire_choices":[{"floor":12.0,"key":"REST"},{"floor":15.0,"key":"REST"},{"floor":23,"key":"REST"}],"circlet_count":0,"master_deck":["AscendersBane","Strike_B","Strike_B","Strike_B","Defend_B","Defend_B+1","Defend_B","Defend_B","Zap+1","Dualcast","Rebound","Ball Lightning","Melter","Steam","Compile Driver","Ball Lightning","FTL","Echo Form","Conserve Battery","Conserve Battery","Cold Snap","Steam"],"relics":["Cracked Core","Sling","Bag of Marbles","War Paint","Ectoplasm","ClockworkSouvenir","Nunchaku"],"acts_visited":["Exordium","TheCity"],"potions_floor_usage":[24],"damage_taken":[{"damage":2.0,"enemies":"Cultist","floor":1.0,"turns":4.0},{"damage":9.0,"enemies":"Small Slimes","floor":3.0,"turns":3.0},{"damage":13.0,"enemies":"2 Louse","floor":5.0,"turns":3.0},{"damage":14.0,"enemies":"Lots of Slimes","floor":7.0,"turns":4.0},{"damage":2.0,"enemies":"Blue Slaver","floor":8.0,"turns":2.0},{"damage":10.0,"enemies":"3 Sentries","floor":10.0,"turns":5.0},{"damage":0.0,"enemies":"2 Fungi Beasts","floor":11.0,"turns":1.0},{"damage":6.0,"enemies":"Looter","floor":13.0,"turns":3.0},{"damage":0.0,"enemies":"Blue Slaver","floor":14.0,"turns":2.0},{"damage":0.0,"enemies":"Slime Boss","floor":16.0,"turns":5.0},{"damage":16.0,"enemies":"Shell Parasite","floor":18.0,"turns":3.0},{"damage":0.0,"enemies":"Spheric Guardian","floor":20.0,"turns":3.0},{"damage":27,"enemies":"Cultist and Chosen","floor":21,"turns":6},{"damage":34,"enemies":"Slavers","floor":24,"turns":5},{"damage":10,"enemies":"Snecko","floor":25,"turns":3}],"seed_played":"5481101138147113629","potions_obtained":[{"floor":3.0,"key":"PowerPotion"},{"floor":11.0,"key":"Energy Potion"},{"floor":13.0,"key":"LiquidMemories"},{"floor":18.0,"key":"Swift Potion"}],"is_trial":false,"path_per_floor":["M","?","M","$","M","?","M","M","T","E","M","R","M","M","R","B",null,"M","?","M","M","$","R","E","M"],"character_chosen":"DEFECT","items_purchased":["Sling","SteroidPotion","Melter","ClockworkSouvenir","Fire Potion"],"campfire_rested":3,"item_purchase_floors":[4,4,4,22,22],"current_hp_per_floor":[62,51,42,42,29,29,15,13,13,3,3,24,18,18,39,39,63,47,47,47,20,20,41,7,0,0],"gold":23,"neow_bonus":"HUNDRED_GOLD","is_daily":false,"chose_seed":false,"campfire_upgraded":0,"win_rate":0.0,"timestamp":1614212480,"path_taken":["M","?","M","$","M","?","?","M","T","E","?","R","M","M","R","BOSS","M","?","M","?","$","R","E","M"],"items_purchased_type":["Relic","Potion","Card","Relic","Potion"],"build_version":"2020-12-22","purchased_purges":0,"victory":false,"max_hp_per_floor":[71,71,71,71,71,71,71,71,71,71,71,71,71,71,71,71,71,71,71,71,71,71,71,71,71,71],"relic_stats":{"Nunchaku":[0],"counters":[15,52],"Ectoplasm":78,"War Paint":["Defend_B","Zap"],"obtain_stats":[{"Nunchaku":24,"Ectoplasm":17,"Bag of Marbles":9,"War Paint":10,"Cracked Core":0,"Sling":4,"ClockworkSouvenir":22},{"Nunchaku":14,"Ectoplasm":10,"Bag of Marbles":5,"War Paint":6,"Cracked Core":0,"Sling":2,"ClockworkSouvenir":13},{"Nunchaku":49,"Ectoplasm":32,"Bag of Marbles":16,"War Paint":21,"Cracked Core":0,"Sling":7,"ClockworkSouvenir":44}]},"card_choices":[{"not_picked":["Gash","Conserve Battery"],"picked":"Rebound","floor":1.0},{"not_picked":["Conserve Battery","Go for the Eyes"],"picked":"Ball Lightning","floor":3.0},{"not_picked":["Static Discharge","Gash"],"picked":"Steam","floor":5.0},{"not_picked":["Steam Power","Gash"],"picked":"Compile Driver","floor":7.0},{"not_picked":["Heatsinks","Redo"],"picked":"Ball Lightning","floor":8.0},{"not_picked":["Steam Power","Beam Cell","Hello World"],"picked":"SKIP","floor":10.0},{"not_picked":["Rip and Tear","Aggregate","Steam"],"picked":"SKIP","floor":11.0},{"not_picked":["Gash","Thunder Strike","Streamline"],"picked":"SKIP","floor":13.0},{"not_picked":["Rip and Tear","Streamline"],"picked":"FTL","floor":14.0},{"not_picked":["Machine Learning","Multi-Cast"],"picked":"Echo Form","floor":16.0},{"not_picked":["Ball Lightning","Compile Driver"],"picked":"Conserve Battery","floor":18.0},{"not_picked":["Beam Cell","Barrage","Stack"],"picked":"SKIP","floor":20.0},{"not_picked":["Storm","Heatsinks"],"picked":"Cold Snap","floor":21},{"not_picked":["Fusion","Barrage"],"picked":"Steam","floor":24}],"player_experience":403663,"relics_obtained":[{"floor":9.0,"key":"Bag of Marbles"},{"floor":10.0,"key":"War Paint"},{"floor":24,"key":"Nunchaku"}],"event_choices":[{"damage_healed":0.0,"max_hp_gain":0.0,"max_hp_loss":0.0,"gold_gain":75.0,"event_name":"World of Goop","player_choice":"Gather Gold","floor":2.0,"gold_loss":0.0,"damage_taken":11.0},{"cards_removed":["Strike_B"],"damage_healed":0.0,"max_hp_gain":0.0,"max_hp_loss":0.0,"gold_gain":0.0,"event_name":"Purifier","player_choice":"Purged","floor":6.0,"gold_loss":0.0,"damage_taken":0.0},{"damage_healed":0.0,"max_hp_gain":0.0,"max_hp_loss":0.0,"gold_gain":0.0,"event_name":"Duplicator","player_choice":"Copied","floor":19.0,"gold_loss":0.0,"damage_taken":0.0,"cards_obtained":["Conserve Battery"]}],"is_beta":false,"boss_relics":[{"not_picked":["Runic Dome","Sozu"],"picked":"Ectoplasm"}],"items_purged_floors":[],"is_endless":false,"potions_floor_spawned":[3,5,11,13,14,18],"killed_by":"Snecko","ascension_level":20}}