{"host":"hszimsrtxxc2k25w","time":1614211553,"event":{"mods":["AchievementEnabler","BaseMod","Colored Map","DeckTracker","Minty Spire (QoL Compilation)","Rare Cards Sparkle","SuperFastMode"],"gold_per_floor":[115,115,165,176,101,101,101,131,131,163,163,188,31,74,74,74,74],"floor_reached":16,"language":"KOR","playtime":268,"items_purged":["Strike_R"],"score":282,"play_id":"52aca5ff-e33d-4d4a-b735-46594ef3d133","local_time":"20210225090553","is_ascension_mode":true,"campfire_choices":[{"data":"Bash","floor":6,"key":"SMITH"},{"floor":15,"key":"REST"}],"circlet_count":0,"master_deck":["AscendersBane","Strike_R","Strike_R","Strike_R","Defend_R","Defend_R","Defend_R","Defend_R","Bash+1","Shrug It Off","Battle Trance","Perfected Strike","Fire Breathing","Perfected Strike","Evolve","Shrug It Off"],"relics":["Burning Blood","NeowsBlessing","Mercury Hourglass","Gambling Chip","Bottled Tornado","WingedGreaves","Golden Idol","Orrery","Nunchaku"],"acts_visited":["Exordium"],"potions_floor_usage":[16],"damage_taken":[{"damage":0,"enemies":"Small Slimes","floor":1,"turns":1},{"damage":0,"enemies":"Jaw Worm","floor":4,"turns":1},{"damage":0,"enemies":"3 Sentries","floor":8,"turns":1},{"damage":32,"enemies":"Gremlin Nob","floor":10,"turns":4},{"damage":6,"enemies":"Cultist","floor":12,"turns":3},{"damage":20,"enemies":"3 Sentries","floor":14,"turns":4},{"damage":34,"enemies":"Hexaghost","floor":16,"turns":9}],"seed_played":"8767733798078404708","potions_obtained":[{"floor":1,"key":"LiquidBronze"},{"floor":10,"key":"CultistPotion"}],"is_trial":false,"path_per_floor":["M","?","?","M","$","R","?","E","T","E","?","M","$","E","R","B"],"character_chosen":"IRONCLAD","items_purchased":["Orrery"],"campfire_rested":1,"item_purchase_floors":[13],"current_hp_per_floor":[74,63,56,62,62,62,62,68,68,42,42,42,42,28,48,14,14],"gold":74,"neow_bonus":"THREE_ENEMY_KILL","is_daily":false,"chose_seed":false,"campfire_upgraded":1,"win_rate":0.0,"timestamp":1614211553,"path_taken":["M","?","?","?","$","R","?","E","T","E","?","M","$","E","R","BOSS"],"items_purchased_type":["Relic"],"build_version":"2020-12-22","purchased_purges":1,"victory":false,"max_hp_per_floor":[75,75,75,75,75,75,75,75,75,75,68,68,68,68,68,68,68],"card_choices":[{"not_picked":["Dropkick","Wild Strike"],"picked":"Shrug It Off","floor":1},{"not_picked":["Heavy Blade","Fire Breathing"],"picked":"Battle Trance","floor":4},{"not_picked":["Whirlwind","Clothesline"],"picked":"Fire Breathing","floor":8},{"not_picked":["Sword Boomerang","Warcry","Clash"],"picked":"SKIP","floor":10},{"not_picked":["Intimidate","Flex","Heavy Blade"],"picked":"SKIP","floor":12},{"not_picked":["Warcry","Burning Pact"],"picked":"Perfected Strike","floor":13},{"not_picked":["Sever Soul","Bloodletting"],"picked":"Evolve","floor":13},{"not_picked":["Havoc","Demon Form"],"picked":"Shrug It Off","floor":13},{"not_picked":["Havoc","Whirlwind","Pummel"],"picked":"SKIP","floor":14}],"player_experience":707925,"relics_obtained":[{"floor":8,"key":"Gambling Chip"},{"floor":9,"key":"Bottled Tornado"},{"floor":10,"key":"WingedGreaves"},{"floor":14,"key":"Nunchaku"}],"event_choices":[{"damage_healed":0,"gold_gain":0,"player_choice":"Success","damage_taken":11,"relics_obtained":["Mercury Hourglass"],"max_hp_gain":0,"max_hp_loss":0,"event_name":"Scrap Ooze","floor":2,"gold_loss":0},{"damage_healed":0,"gold_gain":50,"player_choice":"Touch","damage_taken":7,"max_hp_gain":0,"max_hp_loss":0,"event_name":"FaceTrader","floor":3,"gold_loss":0},{"damage_healed":0,"gold_gain":0,"cards_transformed":["Strike_R"],"player_choice":"Change","damage_taken":0,"max_hp_gain":0,"max_hp_loss":0,"event_name":"Living Wall","floor":7,"gold_loss":0,"cards_obtained":["Perfected Strike"]},{"damage_healed":0,"gold_gain":0,"player_choice":"Lose Max HP","damage_taken":0,"relics_obtained":["Golden Idol"],"max_hp_gain":0,"max_hp_loss":7,"event_name":"Golden Idol","floor":11,"gold_loss":0}],"is_beta":false,"boss_relics":[],"items_purged_floors":[5],"is_endless":false,"potions_floor_spawned":[1,10,14],"killed_by":"Hexaghost","ascension_level":20}}