{"host":"41yb08u5hvoqx9xd","time":1614274116,"event":{"mods":["BaseMod","Minty Spire (QoL Compilation)","Relic Stats"],"gold_per_floor":[115,115,135,100,16,57,57,57,57,128,163,184,228,228,228,321,321,337,337,337,0,0,41,41,82,82,125,139,139,173,13,13,112,112,131,131,0,0,24,67,67,106,155,31,74,74,93,111,111,111],"floor_reached":51,"language":"ENG","playtime":2138,"items_purged":[],"score":1623,"play_id":"3b9c90af-d567-4429-9e1e-30dcadcb8ad1","local_time":"20210225122836","is_ascension_mode":true,"campfire_choices":[{"data":"Study","floor":7.0,"key":"SMITH"},{"floor":15.0,"key":"REST"},{"floor":24.0,"key":"REST"},{"floor":32.0,"key":"REST"},{"data":"Omniscience","floor":46.0,"key":"SMITH"},{"floor":49.0,"key":"REST"}],"circlet_count":0,"master_deck":["AscendersBane","Strike_P+1","Strike_P+1","Strike_P+1","Strike_P+1","Defend_P+1","Defend_P+1","Defend_P+1","Defend_P+1","Eruption+1","Vigilance+1","EmptyFist+1","BowlingBash+1","Study+1","ThirdEye+1","LessonLearned+1","ClearTheMind+1","LikeWater+1","DevaForm+1","Halt+1","Fasting2+1","CutThroughFate+1","Fasting2+1","TalkToTheHand+1","CutThroughFate+1","EmptyFist+1","Consecrate+1","DevaForm+1","Wallop+1","JustLucky+1","Tantrum+1","FlurryOfBlows+1","Wireheading+1","Omniscience+1","Tantrum+1","CrushJoints+1"],"relics":["Runic Pyramid","Golden Idol","Mummified Hand","Frozen Egg 2","Pocketwatch","Shuriken","Torii","SlaversCollar","Kunai","Orichalcum","White Beast Statue","Pantograph","Molten Egg 2","Question Card","Blood Vial","SacredBark","Red Mask","Ornamental Fan","Mercury Hourglass","Strawberry","Yang"],"acts_visited":["Exordium","TheCity","TheBeyond"],"potions_floor_usage":[50],"damage_taken":[{"damage":3.0,"enemies":"2 Louse","floor":1.0,"turns":3.0},{"damage":12.0,"enemies":"Jaw Worm","floor":3.0,"turns":2.0},{"damage":15.0,"enemies":"Lagavulin","floor":6.0,"turns":4.0},{"damage":2.0,"enemies":"3 Sentries","floor":10.0,"turns":3.0},{"damage":2.0,"enemies":"3 Sentries","floor":11.0,"turns":3.0},{"damage":0.0,"enemies":"Cultist","floor":12.0,"turns":3.0},{"damage":0.0,"enemies":"Lagavulin","floor":13.0,"turns":4.0},{"damage":24.0,"enemies":"Slime Boss","floor":16.0,"turns":7.0},{"damage":10.0,"enemies":"Shell Parasite","floor":18.0,"turns":6.0},{"damage":23.0,"enemies":"Book of Stabbing","floor":23.0,"turns":5.0},{"damage":16.0,"enemies":"Slavers","floor":25.0,"turns":6.0},{"damage":7.0,"enemies":"Book of Stabbing","floor":27.0,"turns":5.0},{"damage":1.0,"enemies":"Chosen","floor":28.0,"turns":4.0},{"damage":2.0,"enemies":"Slavers","floor":30.0,"turns":7.0},{"damage":31.0,"enemies":"Collector","floor":33.0,"turns":6.0},{"damage":34.0,"enemies":"3 Darklings","floor":35.0,"turns":5.0},{"damage":0.0,"enemies":"3 Shapes","floor":39.0,"turns":4.0},{"damage":1.0,"enemies":"Giant Head","floor":40.0,"turns":6.0},{"damage":0.0,"enemies":"Nemesis","floor":42.0,"turns":5.0},{"damage":6.0,"enemies":"Giant Head","floor":45.0,"turns":5.0},{"damage":39.0,"enemies":"3 Darklings","floor":47.0,"turns":3.0},{"damage":0.0,"enemies":"Jaw Worm Horde","floor":48.0,"turns":3.0},{"damage":37,"enemies":"Time Eater","floor":50,"turns":6}],"seed_played":"4780271464515183904","potions_obtained":[{"floor":1.0,"key":"DistilledChaos"},{"floor":10.0,"key":"Energy Potion"},{"floor":12.0,"key":"SteroidPotion"},{"floor":18.0,"key":"Fire Potion"},{"floor":22.0,"key":"DistilledChaos"},{"floor":27.0,"key":"AttackPotion"},{"floor":28.0,"key":"LiquidBronze"},{"floor":30.0,"key":"PowerPotion"},{"floor":33.0,"key":"Explosive Potion"},{"floor":35.0,"key":"Energy Potion"},{"floor":39.0,"key":"Strength Potion"},{"floor":40.0,"key":"LiquidMemories"},{"floor":47.0,"key":"Fire Potion"}],"is_trial":false,"path_per_floor":["M","?","M","?","$","E","R","?","T","?","E","M","E","?","R","B",null,"M","?","?","$","?","E","R","E","T","E","M","?","E","$","R","B",null,"M","?","?","$","M","E","?","E","T","$","E","R","M","M","R","B",null],"character_chosen":"WATCHER","items_purchased":["ReachHeaven","CutThroughFate","Kunai","Blood Vial","Wireheading+1","Regen Potion"],"campfire_rested":4,"item_purchase_floors":[5,21,21,31,44,44],"current_hp_per_floor":[58,58,46,61,61,46,46,46,46,44,42,42,42,23,41,17,51,41,41,41,41,41,18,36,20,20,13,12,12,10,10,28,24,53,21,21,21,21,23,24,24,26,33,33,29,29,2,4,24,14],"gold":111,"neow_bonus":"BOSS_RELIC","is_daily":false,"chose_seed":false,"campfire_upgraded":2,"win_rate":0.0,"timestamp":1614274116,"path_taken":["M","?","M","?","$","E","R","?","T","?","E","?","E","?","R","BOSS","M","?","?","$","?","E","R","E","T","E","?","?","E","$","R","BOSS","M","?","?","$","M","E","?","E","T","$","E","R","?","M","R","BOSS"],"items_purchased_type":["Card","Card","Relic","Relic","Card","Potion"],"build_version":"2020-12-22","purchased_purges":0,"victory":true,"max_hp_per_floor":[68,62,62,62,62,62,62,62,62,62,62,62,62,62,62,62,62,62,62,62,62,62,62,62,62,62,62,62,62,62,62,62,62,62,62,62,62,62,62,62,62,62,69,69,69,69,69,69,69,69],"relic_stats":{"Torii":22,"counters":[23,105],"Golden Idol":193,"Yang":[37],"Orichalcum":[48],"Question Card":8,"Mercury Hourglass":[48],"Blood Vial":18,"Mummified Hand":[84],"Shuriken":[45],"Ornamental Fan":[68],"Pantograph":50,"Kunai":[39],"obtain_stats":[{"Torii":13,"Golden Idol":2,"SacredBark":34,"Yang":45,"Frozen Egg 2":9,"Orichalcum":23,"Question Card":30,"White Beast Statue":25,"Mercury Hourglass":42,"Blood Vial":31,"SlaversCollar":17,"Mummified Hand":6,"Shuriken":11,"Ornamental Fan":40,"Pantograph":26,"Strawberry":43,"Molten Egg 2":27,"Red Mask":37,"Kunai":21,"PureWater":0,"Runic Pyramid":0,"Pocketwatch":10},{"Torii":7,"Golden Idol":1,"SacredBark":15,"Yang":20,"Frozen Egg 2":3,"Orichalcum":10,"Question Card":14,"White Beast Statue":11,"Mercury Hourglass":19,"Blood Vial":14,"SlaversCollar":8,"Mummified Hand":3,"Shuriken":5,"Ornamental Fan":18,"Pantograph":11,"Strawberry":19,"Molten Egg 2":12,"Red Mask":16,"Kunai":9,"PureWater":0,"Runic Pyramid":0,"Pocketwatch":3},{"Torii":22,"Golden Idol":3,"SacredBark":68,"Yang":93,"Frozen Egg 2":9,"Orichalcum":40,"Question Card":62,"White Beast Statue":46,"Mercury Hourglass":88,"Blood Vial":62,"SlaversCollar":29,"Mummified Hand":9,"Shuriken":15,"Ornamental Fan":83,"Pantograph":46,"Strawberry":88,"Molten Egg 2":51,"Red Mask":73,"Kunai":35,"PureWater":0,"Runic Pyramid":0,"Pocketwatch":9}],"Pocketwatch":[42]},"card_choices":[{"not_picked":["Weave","ThirdEye"],"picked":"EmptyFist","floor":1.0},{"not_picked":["SashWhip","FollowUp"],"picked":"BowlingBash","floor":3.0},{"not_picked":["Swivel","BowlingBash"],"picked":"Study","floor":6.0},{"not_picked":["FlyingSleeves","Prostrate"],"picked":"ThirdEye","floor":10.0},{"not_picked":["PathToVictory","ForeignInfluence"],"picked":"LessonLearned","floor":11.0},{"not_picked":["Evaluate","Protect"],"picked":"ClearTheMind","floor":12.0},{"not_picked":["Indignation","Blasphemy"],"picked":"LikeWater+1","floor":13.0},{"not_picked":["Wish","DeusExMachina"],"picked":"DevaForm+1","floor":16.0},{"not_picked":["ClearTheMind","JustLucky"],"picked":"Halt","floor":18.0},{"not_picked":["Evaluate","CutThroughFate"],"picked":"Fasting2+1","floor":23.0},{"not_picked":["Weave","ClearTheMind"],"picked":"TalkToTheHand","floor":25.0},{"not_picked":["EmptyMind","Indignation"],"picked":"CutThroughFate+1","floor":27.0},{"not_picked":["FlyingSleeves+1","CrushJoints+1"],"picked":"EmptyFist+1","floor":28.0},{"not_picked":["Wish","Weave+1"],"picked":"Consecrate+1","floor":30.0},{"not_picked":["Establishment+1","Brilliance+1","LessonLearned+1"],"picked":"DevaForm+1","floor":33.0},{"not_picked":["FollowUp+1","ThirdEye","Halt"],"picked":"Wallop+1","floor":35.0},{"not_picked":["BattleHymn+1","FearNoEvil+1","FollowUp+1"],"picked":"JustLucky+1","floor":39.0},{"not_picked":["BowlingBash+1","DeceiveReality","Indignation"],"picked":"Tantrum+1","floor":40.0},{"not_picked":["FlyingSleeves+1","Fasting2+1","ThirdEye+1"],"picked":"FlurryOfBlows+1","floor":42.0},{"not_picked":["BowlingBash+1","Nirvana+1","Evaluate"],"picked":"Omniscience","floor":45.0},{"not_picked":["ThirdEye+1","BowlingBash+1","MentalFortress+1"],"picked":"Tantrum+1","floor":47.0},{"not_picked":["PathToVictory","ThirdEye","ClearTheMind"],"picked":"CrushJoints+1","floor":48.0}],"player_experience":644031,"relics_obtained":[{"floor":6.0,"key":"Mummified Hand"},{"floor":9.0,"key":"Frozen Egg 2"},{"floor":11.0,"key":"Shuriken"},{"floor":13.0,"key":"Torii"},{"floor":23.0,"key":"Orichalcum"},{"floor":25.0,"key":"White Beast Statue"},{"floor":26.0,"key":"Pantograph"},{"floor":27.0,"key":"Molten Egg 2"},{"floor":30.0,"key":"Question Card"},{"floor":40.0,"key":"Ornamental Fan"},{"floor":42.0,"key":"Mercury Hourglass"},{"floor":43.0,"key":"Strawberry"},{"floor":45.0,"key":"Yang"}],"event_choices":[{"damage_healed":0.0,"max_hp_gain":0.0,"max_hp_loss":6.0,"gold_gain":0.0,"event_name":"Golden Idol","player_choice":"Lose Max HP","floor":2.0,"gold_loss":0.0,"damage_taken":0.0,"relics_obtained":["Golden Idol"]},{"damage_healed":15.0,"max_hp_gain":0.0,"max_hp_loss":0.0,"gold_gain":0.0,"event_name":"The Cleric","player_choice":"Healed","floor":4.0,"gold_loss":35.0,"damage_taken":0.0},{"damage_healed":0.0,"max_hp_gain":0.0,"max_hp_loss":0.0,"gold_gain":0.0,"event_name":"Living Wall","player_choice":"Grow","floor":8.0,"gold_loss":0.0,"damage_taken":0.0,"cards_upgraded":["Eruption"]},{"damage_healed":0.0,"max_hp_gain":0.0,"max_hp_loss":0.0,"gold_gain":0.0,"event_name":"Dead Adventurer","player_choice":"Searched \u00272\u0027 times","floor":10.0,"gold_loss":0.0,"damage_taken":0.0,"relics_obtained":["Pocketwatch"]},{"damage_healed":0.0,"max_hp_gain":0.0,"max_hp_loss":0.0,"gold_gain":0.0,"event_name":"Shining Light","player_choice":"Entered Light","floor":14.0,"gold_loss":0.0,"damage_taken":19.0,"cards_upgraded":["Strike_P","ThirdEye"]},{"damage_healed":0.0,"max_hp_gain":0.0,"max_hp_loss":0.0,"gold_gain":0.0,"event_name":"Back to Basics","player_choice":"Simplicity","floor":19.0,"gold_loss":0.0,"damage_taken":0.0,"cards_upgraded":["Strike_P","Defend_P","Defend_P","Defend_P"]},{"damage_healed":0.0,"max_hp_gain":0.0,"max_hp_loss":0.0,"gold_gain":0.0,"event_name":"The Library","player_choice":"Read","floor":20.0,"gold_loss":0.0,"damage_taken":0.0,"cards_obtained":["Fasting2"]},{"damage_healed":0.0,"max_hp_gain":0.0,"max_hp_loss":0.0,"gold_gain":0.0,"event_name":"Lab","player_choice":"Got Potions","floor":22.0,"gold_loss":0.0,"damage_taken":0.0},{"damage_healed":0.0,"max_hp_gain":0.0,"max_hp_loss":0.0,"gold_gain":0.0,"event_name":"Cursed Tome","player_choice":"Ignored","floor":29.0,"gold_loss":0.0,"damage_taken":0.0},{"damage_healed":0.0,"max_hp_gain":0.0,"max_hp_loss":0.0,"gold_gain":0.0,"event_name":"Mysterious Sphere","player_choice":"Ignored","floor":36.0,"gold_loss":0.0,"damage_taken":0.0},{"damage_healed":0.0,"max_hp_gain":0.0,"max_hp_loss":0.0,"gold_gain":0.0,"event_name":"Tomb of Lord Red Mask","player_choice":"Paid","floor":37.0,"gold_loss":131.0,"damage_taken":0.0,"relics_obtained":["Red Mask"]},{"cards_removed":["ReachHeaven"],"damage_healed":0.0,"max_hp_gain":0.0,"max_hp_loss":0.0,"gold_gain":0.0,"event_name":"Wheel of Change","player_choice":"Card Removal","floor":41.0,"gold_loss":0.0,"damage_taken":0.0}],"is_beta":false,"boss_relics":[{"not_picked":["Calling Bell","Ectoplasm"],"picked":"SlaversCollar"},{"not_picked":["Runic Dome","Coffee Dripper"],"picked":"SacredBark"}],"items_purged_floors":[],"is_endless":false,"potions_floor_spawned":[1,10,12,18,27,28,30,33,35,39,40,42,45,47,48],"ascension_level":17}}