{"host":"sav7uxregyirlf69","time":1614215009,"event":{"mods":["AchievementEnabler","BaseMod","Colored Map","DeckTracker","Keyboard Shortcuts","Minty Spire (QoL Compilation)","READ ME - Guardian Mod","StSLib","SuperFastMode"],"gold_per_floor":[118,118,138,156,126,126,157,171,171,19,35,51,51,74,74,74,74],"floor_reached":16,"language":"KOR","playtime":394,"items_purged":["Strike_R"],"score":208,"play_id":"cc658fa6-3d42-4134-9e89-96116d607ac9","local_time":"20210225100329","is_ascension_mode":true,"campfire_choices":[{"data":"Sword Boomerang","floor":6,"key":"SMITH"},{"data":"Evolve","floor":15,"key":"SMITH"}],"circlet_count":0,"master_deck":["AscendersBane","Strike_R","Strike_R","Strike_R","Strike_R","Defend_R","Defend_R","Defend_R","Defend_R","Bash","Evolve+1","Sword Boomerang+1","Shrug It Off","Twin Strike","Second Wind","Flex"],"relics":["Burning Blood","MealTicket","Golden Idol","Akabeko","Paper Frog"],"acts_visited":["Exordium"],"potions_floor_usage":[7,8,8,14,16],"damage_taken":[{"damage":2,"enemies":"2 Louse","floor":1,"turns":3},{"damage":11,"enemies":"Small Slimes","floor":3,"turns":5},{"damage":6,"enemies":"Cultist","floor":4,"turns":3},{"damage":33,"enemies":"3 Sentries","floor":7,"turns":9},{"damage":10,"enemies":"Large Slime","floor":8,"turns":5},{"damage":0,"enemies":"Looter","floor":11,"turns":1},{"damage":0,"enemies":"3 Louse","floor":12,"turns":3},{"damage":5,"enemies":"Gremlin Gang","floor":14,"turns":3},{"damage":70,"enemies":"Slime Boss","floor":16,"turns":10}],"seed_played":"1494227415783120773","potions_obtained":[{"floor":4,"key":"AttackPotion"},{"floor":5,"key":"Energy Potion"},{"floor":7,"key":"Strength Potion"},{"floor":11,"key":"Fire Potion"},{"floor":12,"key":"Block Potion"}],"is_trial":false,"path_per_floor":["M","?","M","M","?","R","E","M","T","$","M","M","?","M","R","B"],"character_chosen":"IRONCLAD","items_purchased":["Second Wind"],"campfire_rested":0,"item_purchase_floors":[10],"current_hp_per_floor":[72,46,41,41,41,41,14,10,10,25,31,37,62,63,63,0,0],"gold":74,"neow_bonus":"RANDOM_COMMON_RELIC","is_daily":false,"chose_seed":false,"campfire_upgraded":2,"win_rate":0.0,"timestamp":1614215009,"path_taken":["M","?","M","M","?","R","E","M","T","$","?","M","?","M","R","BOSS"],"items_purchased_type":["Card"],"build_version":"2020-12-22","purchased_purges":1,"victory":false,"max_hp_per_floor":[75,75,75,75,75,75,75,75,75,75,75,75,75,75,75,75,75],"card_choices":[{"not_picked":["True Grit","Infernal Blade"],"picked":"Evolve","floor":1},{"not_picked":["Headbutt","Metallicize"],"picked":"Sword Boomerang","floor":3},{"not_picked":["Havoc","Thunderclap"],"picked":"Shrug It Off","floor":4},{"not_picked":["Dark Embrace","Rupture"],"picked":"Twin Strike","floor":7},{"not_picked":["Thunderclap","Clash","Havoc"],"picked":"SKIP","floor":8},{"not_picked":["Battle Trance","Juggernaut"],"picked":"Flex","floor":11},{"not_picked":["Anger","Iron Wave","Sever Soul"],"picked":"SKIP","floor":12},{"not_picked":["Twin Strike","Warcry","Flex"],"picked":"SKIP","floor":14}],"player_experience":1689966,"relics_obtained":[{"floor":7,"key":"Akabeko"},{"floor":9,"key":"Paper Frog"}],"event_choices":[{"damage_healed":0,"gold_gain":0,"player_choice":"Take Damage","damage_taken":26,"relics_obtained":["Golden Idol"],"max_hp_gain":0,"max_hp_loss":0,"event_name":"Golden Idol","floor":2,"gold_loss":0},{"damage_healed":0,"gold_gain":0,"player_choice":"Bought 2 Potions","damage_taken":0,"max_hp_gain":0,"max_hp_loss":0,"event_name":"The Woman in Blue","floor":5,"gold_loss":0},{"damage_healed":25,"gold_gain":0,"player_choice":"Banana","damage_taken":0,"max_hp_gain":0,"max_hp_loss":0,"event_name":"Big Fish","floor":13,"gold_loss":0}],"is_beta":false,"boss_relics":[],"items_purged_floors":[10],"is_endless":false,"potions_floor_spawned":[4,7,11,12],"killed_by":"Slime Boss","ascension_level":20}}