{"host":"ve9aztkoyqeblvav","time":1614265215,"event":{"mods":["Act Like it!","Aspiration","BaseMod","Colored Map","Colored Powertips","Highlight Path","Marked Mod","Minty Spire (QoL Compilation)","Pale of the Ancients","Quick Restart","Reorder Act Four","StSLib","The Hierophant","Waifu the Spire","[IsaacMod]ÒÔÈö¼âËþ"],"gold_per_floor":[111,111,73,73,83,110,110,137,137,171,171,183,283,283,283,357,357,369,369,382,394,99,99,125,125,152,171,191,191,42,70,70,148,148,168,7,7,24,35,67,113,148,172,12,12,23,23,49,49,49,49,49,9,9,36,36],"floor_reached":57,"language":"ZHS","playtime":4073,"items_purged":["Strike_B","Strike_B","Strike_B","Defend_B","Defend_B","Writhe"],"score":3098,"play_id":"99504fad-f099-4e43-9170-b1e718304080","local_time":"20210225230015","is_ascension_mode":true,"campfire_choices":[{"data":"Distribution","floor":7.0,"key":"SMITH"},{"floor":11.0,"key":"REST"},{"data":"Coolheaded","floor":15.0,"key":"SMITH"},{"floor":23.0,"key":"REST"},{"data":"Dualcast","floor":25.0,"key":"SMITH"},{"floor":29.0,"key":"REST"},{"data":"Creative AI","floor":32.0,"key":"SMITH"},{"floor":49.0,"key":"RECALL"},{"data":"Zap","floor":54.0,"key":"SMITH"}],"circlet_count":0,"master_deck":["AscendersBane","Defend_B+1","Defend_B","Zap+1","Dualcast+1","EpicFetus+1","Distribution+1","Defragment","Coolheaded+1","Ball Lightning","Reinforced Body+1","Creative AI+1","Recycle+1","Hologram+1","Coolheaded+1","Chill+1","Turbo+1","Coolheaded+1","aspiration:Polymerization+1","Distribution+1","Seek+1","Steam Power+1","Recycle+1","Reboot+1","Madness+1","Madness+1"],"relics":["Cracked Core","HushsDoor","SteamSale","NeowsBlessing","UnicornStump","Nunchaku","Toxic Egg 2","Blood Vial","Runic Dome","GuppysHairball","Vajra","HornCleat","Pocketwatch","Bag of Preparation","Lee\u0027s Waffle","Red Mask","Cursed Key","GuppysPaw","SatanicBible","Ice Cream","HowToJump","StoneCalendar","Bronze Scales","Lantern","Shuriken","aspiration:ChemicalBlood"],"acts_visited":["Exordium","TheCity","TheBeyond","TheEnding"],"potions_floor_usage":[55,56,56,56,56,56,56,56,56,56,56,56,56],"damage_taken":[{"damage":0.0,"enemies":"Small Slimes","floor":1.0,"turns":1.0},{"damage":0.0,"enemies":"2 Louse","floor":5.0,"turns":1.0},{"damage":0.0,"enemies":"Lagavulin","floor":6.0,"turns":1.0},{"damage":21.0,"enemies":"Gremlin Nob","floor":8.0,"turns":5.0},{"damage":11.0,"enemies":"Lagavulin","floor":10.0,"turns":6.0},{"damage":0.0,"enemies":"Cultist","floor":12.0,"turns":3.0},{"damage":32.0,"enemies":"The Guardian","floor":16.0,"turns":9.0},{"damage":16.0,"enemies":"2 Thieves","floor":18.0,"turns":3.0},{"damage":5.0,"enemies":"3 Byrds","floor":20.0,"turns":4.0},{"damage":6.0,"enemies":"Snecko","floor":21.0,"turns":8.0},{"damage":25.0,"enemies":"Book of Stabbing","floor":24.0,"turns":7.0},{"damage":7.0,"enemies":"Cultist and Chosen","floor":27.0,"turns":4.0},{"damage":14.0,"enemies":"Centurion and Healer","floor":28.0,"turns":6.0},{"damage":1.0,"enemies":"Masked Bandits","floor":31.0,"turns":3.0},{"damage":17.0,"enemies":"Collector","floor":33.0,"turns":9.0},{"damage":0.0,"enemies":"Orb Walker","floor":35.0,"turns":5.0},{"damage":0.0,"enemies":"3 Darklings","floor":38.0,"turns":3.0},{"damage":0.0,"enemies":"Sphere and 2 Shapes","floor":39.0,"turns":3.0},{"damage":0.0,"enemies":"Reptomancer","floor":40.0,"turns":6.0},{"damage":15.0,"enemies":"2 Orb Walkers","floor":41.0,"turns":6.0},{"damage":0.0,"enemies":"Giant Head","floor":42.0,"turns":7.0},{"damage":0.0,"enemies":"4 Shapes","floor":46.0,"turns":4.0},{"damage":0.0,"enemies":"Nemesis","floor":48.0,"turns":7.0},{"damage":0.0,"enemies":"Awakened One","floor":50.0,"turns":12.0},{"damage":21.0,"enemies":"Time Eater","floor":51.0,"turns":11.0},{"damage":0,"enemies":"Shield and Spear","floor":55,"turns":7},{"damage":15,"enemies":"The Heart","floor":56,"turns":8}],"seed_played":"4191814558782692089","potions_obtained":[{"floor":5.0,"key":"SkillPotion"},{"floor":6.0,"key":"SneckoOil"},{"floor":12.0,"key":"Regen Potion"},{"floor":24.0,"key":"Swift Potion"},{"floor":27.0,"key":"GamblersBrew"},{"floor":33.0,"key":"DuplicationPotion"},{"floor":39.0,"key":"SteroidPotion"},{"floor":40.0,"key":"Swift Potion"},{"floor":55,"key":"Ancient Potion"},{"floor":56,"key":"Block Potion"},{"floor":56,"key":"Block Potion"},{"floor":56,"key":"PotionOfCapacity"},{"floor":56,"key":"LiquidMemories"}],"is_trial":false,"path_per_floor":["M","?","$","?","M","E","R","E","T","E","R","M","?","?","R","B",null,"M","?","M","M","$","R","E","R","T","M","M","R","$","?","R","B",null,"M","$","?","M","M","E","?","E","T","$","?","M","T","E","R","B","B",null,"$","R","E","B",null],"character_chosen":"DEFECT","items_purchased":["GuppysHairball","Recycle+1","Vajra","HornCleat","Coolheaded+1","Lee\u0027s Waffle","GuppysPaw","SatanicBible","Ice Cream","Lantern","EssenceOfSteel"],"campfire_rested":3,"item_purchase_floors":[17,17,22,22,22,30,34,34,36,44,53],"current_hp_per_floor":[64,69,69,46,46,46,46,25,25,14,36,38,38,38,38,23,49,35,35,32,28,28,45,22,22,22,17,5,22,65,64,64,48,38,38,38,38,38,38,38,23,25,25,25,19,21,21,23,23,25,6,26,26,26,28,14],"gold":36,"neow_bonus":"THREE_ENEMY_KILL","is_daily":false,"chose_seed":false,"campfire_upgraded":5,"win_rate":0.0,"timestamp":1614265215,"path_taken":["M","?","$","?","M","E","R","E","T","E","R","?","?","?","R","BOSS","M","?","M","M","$","R","E","R","T","M","M","R","$","?","R","BOSS","M","$","?","?","M","E","?","E","T","$","?","?","?","E","R","BOSS","BOSS","$","R","E","BOSS"],"items_purchased_type":["Relic","Card","Relic","Relic","Card","Relic","Relic","Relic","Relic","Relic","Potion"],"build_version":"2020-12-22","purchased_purges":6,"victory":true,"max_hp_per_floor":[71,76,76,76,76,76,76,76,76,76,76,76,76,76,76,76,58,58,58,58,58,58,58,58,58,58,58,58,58,65,65,65,65,38,38,38,38,38,38,38,35,35,35,35,35,35,35,35,35,35,32,32,32,32,29,23],"card_choices":[{"not_picked":[],"picked":"EpicFetus","floor":0.0},{"not_picked":["Streamline","Bomb"],"picked":"Distribution","floor":1.0},{"not_picked":["Go for the Eyes","Compile Driver"],"picked":"Defragment","floor":5.0},{"not_picked":["Gash","Rebound"],"picked":"Coolheaded","floor":6.0},{"not_picked":["aspiration:Polymerization","Beam Cell"],"picked":"Bomb","floor":8.0},{"not_picked":["Rebound","Steam+1"],"picked":"Ball Lightning","floor":10.0},{"not_picked":["Melter","Stack+1","Redo+1"],"picked":"SKIP","floor":12.0},{"not_picked":["All For One","Core Surge"],"picked":"Creative AI","floor":16.0},{"not_picked":["Gash","Stack+1"],"picked":"Hologram+1","floor":18.0},{"not_picked":["Sweeping Beam","Chill+1","Go for the Eyes"],"picked":"SKIP","floor":20.0},{"not_picked":["Sweeping Beam","Go for the Eyes"],"picked":"Chill+1","floor":20.0},{"not_picked":["Beam Cell+1","Hello World"],"picked":"Turbo+1","floor":21.0},{"not_picked":["Steam+1","Double Energy+1"],"picked":"aspiration:Polymerization+1","floor":24.0},{"not_picked":["Meteor Strike","Sweeping Beam"],"picked":"Cold Snap+1","floor":27.0},{"not_picked":["Cold Snap","Reprogram+1"],"picked":"Distribution+1","floor":28.0},{"not_picked":["Biased Cognition","Thunder Strike"],"picked":"Seek+1","floor":33.0},{"not_picked":["Rebound","Ball Lightning+1","Streamline"],"picked":"SKIP","floor":35.0},{"not_picked":["Barrage","Redo+1","Conserve Battery+1"],"picked":"SKIP","floor":38.0},{"not_picked":["Gash","Reprogram+1"],"picked":"Steam Power+1","floor":39.0},{"not_picked":["Gash","Ball Lightning"],"picked":"Recycle+1","floor":40.0},{"not_picked":["Compile Driver","Scrape"],"picked":"Reboot+1","floor":41.0},{"not_picked":["Streamline+1","Coolheaded+1","Rebound"],"picked":"SKIP","floor":42.0},{"not_picked":["Gash","Stack+1","Coolheaded+1"],"picked":"SKIP","floor":46.0},{"not_picked":["Auto Shields+1","Ball Lightning","Compile Driver"],"picked":"SKIP","floor":48.0},{"not_picked":["Meteor Strike","Ball Lightning+1","Streamline+1"],"picked":"SKIP","floor":55}],"player_experience":1684050,"relics_obtained":[{"floor":6.0,"key":"UnicornStump"},{"floor":8.0,"key":"Nunchaku"},{"floor":9.0,"key":"Toxic Egg 2"},{"floor":10.0,"key":"Blood Vial"},{"floor":24.0,"key":"Pocketwatch"},{"floor":26.0,"key":"Bag of Preparation"},{"floor":31.0,"key":"Red Mask"},{"floor":40.0,"key":"HowToJump"},{"floor":41.0,"key":"StoneCalendar"},{"floor":42.0,"key":"Bronze Scales"},{"floor":48.0,"key":"Shuriken"},{"floor":55,"key":"aspiration:ChemicalBlood"}],"event_choices":[{"damage_healed":0.0,"max_hp_gain":5.0,"max_hp_loss":0.0,"gold_gain":0.0,"event_name":"Big Fish","player_choice":"Donut","floor":2.0,"gold_loss":0.0,"damage_taken":0.0},{"damage_healed":0.0,"max_hp_gain":0.0,"max_hp_loss":0.0,"gold_gain":0.0,"event_name":"Shining Light","player_choice":"Entered Light","floor":4.0,"gold_loss":0.0,"damage_taken":23.0,"cards_upgraded":["EpicFetus","Defend_B"]},{"damage_healed":0.0,"max_hp_gain":0.0,"max_hp_loss":0.0,"gold_gain":0.0,"cards_transformed":["Strike_B"],"event_name":"Living Wall","player_choice":"Change","floor":14.0,"gold_loss":0.0,"damage_taken":0.0,"cards_obtained":["Reinforced Body"]},{"damage_healed":0.0,"max_hp_gain":0.0,"max_hp_loss":0.0,"gold_gain":0.0,"event_name":"The Library","player_choice":"Read","floor":19.0,"gold_loss":0.0,"damage_taken":0.0,"cards_obtained":["Coolheaded"]},{"damage_healed":0.0,"max_hp_gain":0.0,"max_hp_loss":0.0,"gold_gain":0.0,"event_name":"Masked Bandits","player_choice":"Fought Bandits","floor":31.0,"gold_loss":0.0,"damage_taken":0.0},{"cards_removed":["Cold Snap"],"damage_healed":0.0,"max_hp_gain":0.0,"max_hp_loss":0.0,"gold_gain":0.0,"event_name":"Falling","player_choice":"Removed Attack","floor":37.0,"gold_loss":0.0,"damage_taken":0.0},{"damage_healed":0.0,"max_hp_gain":0.0,"max_hp_loss":0.0,"gold_gain":0.0,"event_name":"Mysterious Sphere","player_choice":"Fight","floor":41.0,"gold_loss":0.0,"damage_taken":0.0},{"damage_healed":0.0,"max_hp_gain":0.0,"max_hp_loss":0.0,"gold_gain":0.0,"event_name":"Winding Halls","player_choice":"Embrace Madness","floor":45.0,"gold_loss":0.0,"damage_taken":6.0,"cards_obtained":["Madness","Madness"]}],"is_beta":false,"boss_relics":[{"not_picked":["aspiration:IroncladSkillbook","Empty Cage"],"picked":"Runic Dome"},{"not_picked":[]},{"not_picked":["aspiration:RunicSpoon","aspiration:PoetsPen_weak"],"picked":"Cursed Key"},{"not_picked":[]}],"items_purged_floors":[3,17,22,30,34,44],"is_endless":false,"potions_floor_spawned":[5,6,12,24,27,33,35,39,40,55],"ascension_level":20}}