{"host":"hrtq1r2z0jdgxy6l","time":1614282451,"event":{"mods":["2.2 Compatiblity","AchievementEnabler","BaseMod","BetterRewards","Colored Map","Colored Powertips","Downfall","Duelist Mod","Hermit","Highlight Path","Infinite Spire","Minty Spire (QoL Compilation)","Permanent Neow","Quick Restart","Relic Filter Mod","Replay The Spire","Shop Mod","StSLib","The Cursed","The Senshi","Transform Curses"],"gold_per_floor":[137,212,225,77,91,91,103,73,122,122,132,132,132,60,60,165,265,282,282,257,275,294,294,294,294,294,294,294,294,321,336,336,432,432,450,450,497,516,516,550,550,580,607,632,632,658,658,689,689,707,707],"floor_reached":50,"language":"ENG","playtime":4586,"items_purged":["theDuelist:ArchfiendZombieSkull","theDuelist:ClownZombie","theDuelist:ArmoredZombie"],"score":1106,"play_id":"1a214557-80df-42d1-a1b4-08d08c4a71bd","local_time":"20210226034731","is_ascension_mode":true,"campfire_choices":[{"data":"theDuelist:ArmoredZombie","floor":6.0,"key":"SMITH"},{"data":"theDuelist:Nameless:Power:AssaultArmor","floor":10.0,"key":"SMITH"},{"data":"theDuelist:ArmoredZombie","floor":13.0,"key":"SMITH"},{"data":"theDuelist:PatricianDarkness","floor":15.0,"key":"SMITH"},{"data":"infinitespire:Starlight","floor":23.0,"key":"SMITH"},{"data":"theDuelist:VendreadNightmare","floor":27.0,"key":"SMITH"},{"floor":32.0,"key":"DIG"},{"floor":41.0,"key":"DIG"},{"data":"theDuelist:MonsterReborn","floor":45.0,"key":"SMITH"},{"floor":47.0,"key":"DIG"},{"floor":49,"key":"DIG"}],"circlet_count":0,"master_deck":["theDuelist:ZombieCorpse","theDuelist:ArmoredZombie+1","theDuelist:ArmoredZombie+1","AscendersBane","theDuelist:PatricianDarkness+1","theDuelist:ShallowGrave+1","theDuelist:TutanMask+1","theDuelist:Nameless:Power:AssaultArmor+1","theDuelist:Nameless:Power:AssaultArmor+1","theDuelist:VendreadNightmare+1","infinitespire:Starlight+1","theDuelist:VendreadCore+1","theDuelist:OverpoweringEye","theDuelist:VendreadHoundhorde+1","theDuelist:MonsterReborn+1","theDuelist:SouleatingOviraptor+1","theDuelist:RevendreadOrigin"],"relics":["theDuelist:MillenniumPuzzle","Membership Card","Blood Vial","Lantern","Peace Pipe","MerchantsRug","theDuelist:DuelistUrn","theDuelist:ShopToken","Replay:Towering Pillar of Hats","theDuelist:WhiteBowlRelic","theDuelist:NamelessWarRelicB","Juzu Bracelet","theDuelist:ElectricToken","Potion Belt","Replay:Wanted Poster","PreservedInsect","Prayer Wheel","theDuelist:GamblerChip","Replay:Bronze Core","Black Star","theDuelist:ResummonerMight","Replay:Kaleidoscope","Unceasing Top","Replay:Multitool","infinitespire:Midas Blood","Ginger","Replay:Byrd Feeder","theDuelist:BlessingAnubis","theDuelist:BoosterBetterBoostersRelic","Blue Doll","Kunai","Bottled Tornado","Toy Ornithopter","infinitespire:Freezer","Bronze Scales"],"acts_visited":["Exordium","TheCity","TheBeyond"],"potions_floor_usage":[],"damage_taken":[{"damage":0.0,"enemies":"Small Slimes","floor":1.0,"turns":3.0},{"damage":0.0,"enemies":"Jaw Worm","floor":3.0,"turns":2.0},{"damage":0.0,"enemies":"Cultist","floor":5.0,"turns":2.0},{"damage":0.0,"enemies":"Exordium Wildlife","floor":7.0,"turns":3.0},{"damage":6.0,"enemies":"Large Slime","floor":11.0,"turns":4.0},{"damage":0.0,"enemies":"Slime Boss","floor":16.0,"turns":5.0},{"damage":4.0,"enemies":"Spheric Guardian","floor":18.0,"turns":1.0},{"damage":7.0,"enemies":"2 Thieves","floor":21.0,"turns":1.0},{"damage":30.0,"enemies":"Snecko","floor":22.0,"turns":4.0},{"damage":2.0,"enemies":"Book of Stabbing","floor":30.0,"turns":2.0},{"damage":0.0,"enemies":"3 Cultists","floor":31.0,"turns":2.0},{"damage":32.0,"enemies":"Automaton","floor":33.0,"turns":6.0},{"damage":0.0,"enemies":"3 Shapes","floor":35.0,"turns":2.0},{"damage":15.0,"enemies":"3 Shapes","floor":37.0,"turns":6.0},{"damage":4.0,"enemies":"3 Darklings","floor":38.0,"turns":2.0},{"damage":2.0,"enemies":"R_Hoarder","floor":40.0,"turns":3.0},{"damage":0.0,"enemies":"Nightmare","floor":44.0,"turns":5.0},{"damage":0.0,"enemies":"Giant Head","floor":46.0,"turns":8.0},{"damage":6.0,"enemies":"Reptomancer","floor":48.0,"turns":2.0},{"damage":102,"enemies":"Time Eater","floor":50,"turns":8}],"seed_played":"-1599232427047607997","potions_obtained":[{"floor":1.0,"key":"SteroidPotion"},{"floor":7.0,"key":"Death Potion"},{"floor":11.0,"key":"theDuelist:BurningPotion"},{"floor":16.0,"key":"theDuelist:TokenPotion"},{"floor":21.0,"key":"theDuelist:OrbBottle"},{"floor":31.0,"key":"Block Potion"},{"floor":35.0,"key":"Death Potion"},{"floor":40.0,"key":"BloodPotion"},{"floor":46.0,"key":"theDuelist:IcePotion"}],"is_trial":false,"path_per_floor":["M","?","M","$","M","R","M","?","T","R","M","T","R","$","R","B",null,"M","?","$","M","M","R","?","$","T","R","?","?","E","M","R_BF","B",null,"M","?","?","M","$","E","R","$","T","NM","R","E","R","E","R","B"],"character_chosen":"THE_DUELIST","items_purchased":["Membership Card","Blood Vial","Lantern","MerchantsRug","War Paint","theDuelist:ShopToken","theDuelist:MerchantPendant","theDuelist:WhiteBowlRelic","Potion Belt","theDuelist:VendreadCore","Replay:Byrd Feeder"],"campfire_rested":0,"item_purchase_floors":[0,0,0,0,0,0,0,4,14,20,42],"current_hp_per_floor":[40,29,31,31,33,33,37,37,37,37,33,33,33,33,33,35,69,67,47,47,42,26,26,26,26,26,26,26,26,26,45,45,32,68,80,75,80,76,76,80,80,80,80,80,80,80,80,80,80,0,0],"gold":707,"neow_bonus":"","is_daily":false,"chose_seed":false,"campfire_upgraded":7,"win_rate":0.0,"timestamp":1614282451,"path_taken":["M","?","M","$","M","R","M","?","T","R","M","?","R","$","R","BOSS","BOSS","M","?","$","M","M","R","?","$","T","R","?","?","E","M","R_BF","BOSS","BOSS","M","?","?","M","?","E","R","$","T","NM","R","E","R","E","R","BOSS"],"items_purchased_type":["Relic","Relic","Relic","Relic","Relic","Relic","Relic","Relic","Relic","Card","Relic"],"build_version":"2020-12-22","purchased_purges":3,"victory":false,"max_hp_per_floor":[80,80,80,80,80,80,80,80,80,80,80,80,80,80,80,80,80,80,80,80,80,80,80,80,80,80,80,80,80,80,80,80,80,80,80,80,80,80,80,80,80,80,80,80,80,80,80,80,80,80,80],"card_choices":[{"not_picked":["theDuelist:GhostrickMummy","theDuelist:DarkDustSpirit","theDuelist:Pumpking","theDuelist:GhostrickAlucard","theDuelist:VampireRetainer"],"picked":"SKIP","floor":1.0},{"not_picked":["theDuelist:VampireLord","theDuelist:VampireHunter","theDuelist:GhostrickYeti","theDuelist:GhostrickAlucard","theDuelist:YukiOnnaIce"],"picked":"SKIP","floor":3.0},{"not_picked":["theDuelist:SkullConductor","theDuelist:VampireBaby","theDuelist:BoneMouse","theDuelist:ParallelWorldFusion","theDuelist:Kasha"],"picked":"SKIP","floor":5.0},{"not_picked":["theDuelist:GhostrickYeti","theDuelist:GhostrickWarwolf","theDuelist:GhostrickStein","theDuelist:GhostrickSpecter","theDuelist:GhostrickAlucard"],"picked":"SKIP","floor":7.0},{"not_picked":[],"picked":"theDuelist:Nameless:Power:AssaultArmor+1","floor":11.0},{"not_picked":["theDuelist:ZombieMaster","theDuelist:UltraPolymerization","theDuelist:SoulRelease","theDuelist:InstantFusion"],"picked":"theDuelist:VendreadNightmare","floor":16.0},{"not_picked":["theDuelist:YukiMusume+1","theDuelist:Yasha","theDuelist:Tengu","theDuelist:OboroGuruma+1","theDuelist:Dakki+1"],"picked":"SKIP","floor":18.0},{"not_picked":["infinitespire:Punishment","ReplayTheSpireMod:Book of Names"],"picked":"infinitespire:Starlight","floor":19.0},{"not_picked":["theDuelist:FlameGhost","theDuelist:RebornZombie","theDuelist:ShiranuiSwordmaster","theDuelist:PMCaptor+1","theDuelist:ShiranuiSpectralsword"],"picked":"SKIP","floor":21.0},{"not_picked":["theDuelist:VampireLady","theDuelist:SkullConductor","theDuelist:GhostrickAlucard","theDuelist:FossilSkullknight+1","theDuelist:VampireGrimson+1"],"picked":"SKIP","floor":22.0},{"not_picked":["theDuelist:FlameGhost","theDuelist:RebornZombie","theDuelist:ShiranuiSpectralsword","theDuelist:FossilDragon","theDuelist:ShiranuiSwordmaster"],"picked":"SKIP","floor":30.0},{"not_picked":["theDuelist:VampireGrimson","theDuelist:VampireGenesis","theDuelist:VampireFraulein","theDuelist:Yasha","theDuelist:Tengu"],"picked":"SKIP","floor":31.0},{"not_picked":["theDuelist:VendreadDaybreak+1","theDuelist:SoulRelease+1","theDuelist:InstantFusion","theDuelist:BookEclipse"],"picked":"theDuelist:OverpoweringEye","floor":33.0},{"not_picked":["theDuelist:VendreadStriges+1","theDuelist:VendreadRevenants","theDuelist:VendreadBattlelord+1","theDuelist:AvendreadSavior"],"picked":"theDuelist:VendreadHoundhorde+1","floor":35.0},{"not_picked":["theDuelist:YukiOnnaAbsolute+1","theDuelist:VendreadDaybreak","theDuelist:VampireGrace","theDuelist:DecayedCommander"],"picked":"theDuelist:MonsterReborn","floor":35.0},{"not_picked":["theDuelist:Skelesaurus+1","theDuelist:MammothGraveyard","theDuelist:FossilSkullknight+1","theDuelist:FossilSkullbuggy"],"picked":"theDuelist:SouleatingOviraptor+1","floor":36.0},{"not_picked":["theDuelist:VampireLady+1","theDuelist:SkullServant+1","theDuelist:PhantomGhost","theDuelist:OvertexQoatlus+1"],"picked":"theDuelist:RevendreadSlayer","floor":36.0},{"not_picked":["theDuelist:VampireRetainer","theDuelist:VampireDuke","theDuelist:VampireDragon","theDuelist:Yasha+1"],"picked":"theDuelist:YukiOnnaIce+1","floor":37.0},{"not_picked":["theDuelist:VampireLady+1","theDuelist:SkullServant","theDuelist:GhostrickMummy","theDuelist:OniGamiCombo+1"],"picked":"theDuelist:VampireFraulein+1","floor":38.0},{"not_picked":["theDuelist:YukiOnnaAbsolute+1","theDuelist:VendreadStriges","theDuelist:VampireGrace+1","theDuelist:RobbinZombie","theDuelist:FusionGuard+1"],"picked":"SKIP","floor":38.0},{"not_picked":["theDuelist:OniGamiCombo","theDuelist:DimensionFusion","theDuelist:CardSafeReturn+1"],"picked":"theDuelist:VendreadReunion+1","floor":40.0},{"not_picked":["theDuelist:VampireDuke+1","theDuelist:VampireDesire","theDuelist:DimensionBurial","theDuelist:GhostrickJiangshi+1"],"picked":"theDuelist:RevendreadOrigin","floor":44.0},{"not_picked":["theDuelist:VendreadCharge","theDuelist:UnderworldCannon+1","theDuelist:TyrantDinoFusion","theDuelist:OverpoweringEye+1"],"picked":"theDuelist:ZombieNecronize","floor":46.0},{"not_picked":["theDuelist:YukiOnnaAbsolute","theDuelist:YukiMusume","theDuelist:Yasha+1","theDuelist:Tengu+1","theDuelist:Gashadokuro"],"picked":"SKIP","floor":48.0}],"player_experience":410287,"relics_obtained":[{"floor":9.0,"key":"Juzu Bracelet"},{"floor":12.0,"key":"theDuelist:ElectricToken"},{"floor":26.0,"key":"Replay:Bottled Eggs"},{"floor":30.0,"key":"PreservedInsect"},{"floor":32.0,"key":"Prayer Wheel"},{"floor":37.0,"key":"theDuelist:ResummonerMight"},{"floor":37.0,"key":"Replay:Kaleidoscope"},{"floor":37.0,"key":"Unceasing Top"},{"floor":40.0,"key":"Replay:Multitool"},{"floor":40.0,"key":"infinitespire:Midas Blood"},{"floor":41.0,"key":"Ginger"},{"floor":44.0,"key":"theDuelist:BlessingAnubis"},{"floor":44.0,"key":"theDuelist:BoosterBetterBoostersRelic"},{"floor":46.0,"key":"Blue Doll"},{"floor":46.0,"key":"Kunai"},{"floor":47.0,"key":"Bottled Tornado"},{"floor":48.0,"key":"Toy Ornithopter"},{"floor":48.0,"key":"infinitespire:Freezer"},{"floor":49,"key":"Bronze Scales"}],"event_choices":[{"damage_healed":0.0,"max_hp_gain":0.0,"max_hp_loss":0.0,"gold_gain":75.0,"event_name":"World of Goop","player_choice":"Gather Gold","floor":2.0,"gold_loss":0.0,"damage_taken":11.0},{"power_reward":4.0,"total_magic_score":10.0,"gold_gain":0.0,"duelist":true,"damage_taken":0.0,"relics_obtained":["theDuelist:NamelessWarRelicB"],"points":6.0,"war_reward":2.0,"max_hp_gain":0.0,"max_hp_loss":0.0,"spent_points":{"magic":0.0,"greed":0.0,"war":2.0,"power":4.0,"hunger":0.0},"event_name":"Nameless Tomb","floor":8.0,"gold_loss":30.0,"cards_obtained":["theDuelist:Nameless:Power:AssaultArmor"]},{"damage_healed":0.0,"max_hp_gain":0.0,"max_hp_loss":0.0,"gold_gain":0.0,"event_name":"Visit from Anubis","player_choice":"Scored: 2083","duelist":true,"floor":24.0,"gold_loss":0.0,"damage_taken":0.0},{"damage_healed":0.0,"max_hp_gain":0.0,"max_hp_loss":0.0,"gold_gain":0.0,"event_name":"Beggar","player_choice":"Ignored","floor":28.0,"gold_loss":0.0,"damage_taken":0.0},{"damage_healed":0.0,"max_hp_gain":0.0,"max_hp_loss":0.0,"gold_gain":0.0,"event_name":"Egyptian Village","player_choice":"Leave","duelist":true,"floor":29.0,"gold_loss":0.0,"damage_taken":0.0},{"damage_healed":0.0,"max_hp_gain":0.0,"max_hp_loss":0.0,"gold_gain":0.0,"event_name":"SensoryStone","player_choice":"Memory 2","floor":36.0,"gold_loss":0.0,"damage_taken":5.0},{"damage_healed":0.0,"max_hp_gain":0.0,"max_hp_loss":0.0,"gold_gain":0.0,"event_name":"Battle City","player_choice":"Fight","duelist":true,"floor":37.0,"gold_loss":0.0,"damage_taken":0.0}],"is_beta":false,"boss_relics":[{"not_picked":["Ring of Chaos","Snecko Eye"],"picked":"Replay:Wanted Poster"},{"not_picked":["Sozu","Ooze Armor"],"picked":"Replay:Grab Bag"},{"not_picked":["Busted Crown","Abe\u0027s Treasure"],"picked":"theDuelist:GamblerChip"},{"not_picked":["Electric Blood","ReplayTheSpireMod:DimensionalGlitch"],"picked":"Replay:Bronze Core"},{"not_picked":["Astrolabe","Runic Cube"],"picked":"Black Star"}],"items_purged_floors":[0,0,0],"is_endless":true,"potions_floor_spawned":[1,7,11,16,21,30,31,35,40,46],"killed_by":"Time Eater","ascension_level":10}}