{"host":"w97dq1whmpm6b2tc","time":1614285253,"event":{"mods":["BaseMod","Challenge The Spire","Downfall","Minty Spire (QoL Compilation)","StSLib"],"gold_per_floor":[99,116,116,55,155,155,155,55,69,96,96,123,23,38,52,155,155,155,165,180,41,60,60,60,74,106,91,91,91,101,131,150,247,247,147,161,174,174,174,174],"floor_reached":38,"language":"ENG","playtime":3220,"items_purged":["champ:Strike"],"score":656,"play_id":"57940f17-d747-4e22-8d3f-ca5c63b1bdab","local_time":"20210225223413","is_ascension_mode":true,"campfire_choices":[{"data":"champ:Taunt","floor":1.0,"key":"SMITH"},{"floor":6.0,"key":"RECALL"},{"data":"champ:FanOfKnives","floor":8.0,"key":"SMITH"},{"data":"champ:AdrenalArmor","floor":11.0,"key":"SMITH"},{"data":"champ:BerserkersShout","floor":13.0,"key":"SMITH"},{"data":"champ:RageSigil","floor":18.0,"key":"SMITH"},{"data":"champ:Endure","floor":29,"key":"SMITH"},{"data":"champ:BerserkerStyle","floor":35,"key":"SMITH"}],"circlet_count":0,"master_deck":["champ:Strike","champ:Strike","champ:Strike","champ:Defend","champ:Defend","champ:Defend","champ:Defend","champ:Execute","champ:Taunt+1","champ:AdrenalArmor+1","champ:CrookedStrike","champ:AdrenalArmor","champ:FanOfKnives+1","champ:BerserkersShout+1","champ:RageSigil+1","champ:SwordThrow+1","champ:SwordThrow+1","champ:FanOfKnives+1","champ:Duel+1","champ:EnragedBash+1","champ:Endure+1","champ:BerserkerStyle+1","champ:FocusedBerserking+1","Parasite"],"relics":["sneckomod:SneckoTalon","White Beast Statue","Molten Egg 2","downfall:HeartBlessingRed","Torii","Question Card","downfall:HeartBlessingBlue","Busted Crown","Nunchaku","downfall:RedIOU","Singing Bowl","champ:PowerArmor","downfall:HeartBlessingGreen"],"acts_visited":["Exordium","TheCity","TheBeyond"],"potions_floor_usage":[19,20,22,22,25,32,33,37,37,38],"damage_taken":[{"damage":10.0,"enemies":"Cultist","floor":2.0,"turns":6.0},{"damage":15.0,"enemies":"downfall:FleeingMerchant","floor":4.0,"turns":4.0},{"damage":97.0,"enemies":"downfall:LadyInBlue","floor":5.0,"turns":9.0},{"damage":10.0,"enemies":"Small Slimes","floor":9.0,"turns":2.0},{"damage":30.0,"enemies":"3 Sentries","floor":10.0,"turns":4.0},{"damage":73.0,"enemies":"Lagavulin","floor":12.0,"turns":5.0},{"damage":10.0,"enemies":"2 Louse","floor":14.0,"turns":2.0},{"damage":21.0,"enemies":"downfall:LooterAlt","floor":15.0,"turns":3.0},{"damage":60.0,"enemies":"DF_ARCHETYPE_STREAMLINE","floor":16.0,"turns":6.0},{"damage":21,"enemies":"Shell Parasite","floor":19,"turns":3},{"damage":37,"enemies":"downfall:LooterAlt2","floor":20,"turns":3},{"damage":45,"enemies":"downfall:FleeingMerchant","floor":21,"turns":4},{"damage":34,"enemies":"Snake Plant","floor":22,"turns":4},{"damage":35,"enemies":"3 Cultists","floor":25,"turns":4},{"damage":36,"enemies":"Slavers","floor":26,"turns":3},{"damage":45,"enemies":"downfall:FleeingMerchant","floor":27,"turns":4},{"damage":30,"enemies":"Snecko","floor":30,"turns":3},{"damage":50,"enemies":"Gremlin Leader","floor":31,"turns":4},{"damage":32,"enemies":"Centurion and Healer","floor":32,"turns":4},{"damage":99,"enemies":"WA_ARCHETYPE_CALM","floor":33,"turns":5},{"damage":59,"enemies":"3 Shapes","floor":36,"turns":3},{"damage":32,"enemies":"3 Darklings","floor":37,"turns":3},{"damage":104,"enemies":"Writhing Mass","floor":38,"turns":6}],"seed_played":"3263040786604136816","potions_obtained":[{"floor":5.0,"key":"DistilledChaos"},{"floor":5.0,"key":"SmokeBomb"},{"floor":5.0,"key":"ColorlessPotion"},{"floor":9.0,"key":"Weak Potion"},{"floor":10.0,"key":"SkillPotion"},{"floor":12.0,"key":"EssenceOfSteel"},{"floor":14.0,"key":"Slimebound:ThreeZeroPotion"},{"floor":15.0,"key":"BlessingOfTheForge"},{"floor":16.0,"key":"SpeedPotion"},{"floor":19,"key":"champ:OpenerPotion"},{"floor":20,"key":"SpeedPotion"},{"floor":21,"key":"BlessingOfTheForge"},{"floor":22,"key":"Regen Potion"},{"floor":25,"key":"FearPotion"},{"floor":26,"key":"champ:CounterPotion"},{"floor":27,"key":"Explosive Potion"},{"floor":30,"key":"Swift Potion"},{"floor":31,"key":"champ:OpenerPotion"},{"floor":32,"key":"BlessingOfTheForge"},{"floor":33,"key":"DuplicationPotion"},{"floor":37,"key":"Strength Potion"}],"is_trial":false,"path_per_floor":["R","M","T","$","?","R","T","R","M","E","R","E","R","M","M","B",null,"R","M","M","$","M","?","T","M","E","$","?","R","M","E","M","B",null,"R","M","M","M"],"character_chosen":"THE_CHAMP","items_purchased":["champ:AdrenalArmor","champ:FanOfKnives+1"],"campfire_rested":0,"item_purchase_floors":[4,21],"current_hp_per_floor":[90,85,85,85,48,48,48,48,48,48,48,40,50,50,49,49,100,100,99,86,86,77,57,57,69,68,68,68,68,68,70,68,70,109,109,75,70,0,0,0],"gold":174,"neow_bonus":"BOSS_RELIC","is_daily":false,"chose_seed":false,"campfire_upgraded":7,"win_rate":0.0,"timestamp":1614285253,"path_taken":["R","M","?","$","?","R","T","R","M","E","R","E","R","?","M","BOSS","R","M","M","$","M","?","T","M","E","$","?","R","M","E","M","BOSS","R","M","M","M"],"items_purchased_type":["Card","Card"],"build_version":"2020-12-22","purchased_purges":1,"victory":false,"max_hp_per_floor":[90,90,90,90,90,90,90,90,90,90,90,90,100,100,100,100,100,100,100,100,100,100,105,105,105,105,105,105,105,105,107,107,109,109,109,109,111,111,111,111],"card_choices":[{"not_picked":["champ:FanOfKnives","champ:TornadoPunch"],"picked":"champ:AdrenalArmor","floor":2.0},{"not_picked":["champ:Endure","champ:DancingMaster"],"picked":"champ:CrookedStrike","floor":4.0},{"not_picked":["champ:SkillfulDodge","champ:PreciseThrust"],"picked":"champ:FanOfKnives","floor":5.0},{"not_picked":["champ:GutPunch+1","champ:ArenaPreparation","champ:PerfectedStrike+1"],"picked":"SKIP","floor":9.0},{"not_picked":["champ:StrikeOfGenius","champ:PerfectedStrike+1","champ:ShieldWall"],"picked":"SKIP","floor":10.0},{"not_picked":["champ:RecklessLeap+1","champ:Lariat"],"picked":"champ:BerserkersShout","floor":12.0},{"not_picked":["champ:TornadoPunch+1","champ:StanceDance","champ:PreciseThrust+1","champ:DefensiveShout"],"picked":"SKIP","floor":14.0},{"not_picked":["champ:SkillfulDodge","champ:DefensiveStyle","champ:TornadoPunch+1"],"picked":"champ:RageSigil","floor":15.0},{"not_picked":["champ:StrikeOfGenius","champ:ShieldThrow+1","champ:HoldFirm"],"picked":"champ:SwordThrow+1","floor":16.0},{"not_picked":["champ:BringItOn","champ:SkillfulDodge+1"],"picked":"SKIP","floor":19},{"not_picked":["champ:ViciousMockery","champ:IronFortress"],"picked":"SKIP","floor":20},{"not_picked":["champ:ShieldSigil"],"picked":"champ:SwordThrow+1","floor":21},{"not_picked":["champ:Haymaker+1","champ:CalledShot"],"picked":"SKIP","floor":22},{"not_picked":["champ:BerserkersShout"],"picked":"champ:Duel+1","floor":25},{"not_picked":["champ:IronFortress"],"picked":"champ:EnragedBash+1","floor":26},{"not_picked":["champ:GutPunch+1"],"picked":"champ:Endure","floor":27},{"not_picked":["champ:GutPunch+1","champ:Shatter+1"],"picked":"SKIP","floor":30},{"not_picked":["champ:CrownThrow+1","champ:BringItOn+1"],"picked":"Singing Bowl","floor":31},{"not_picked":["champ:GutPunch+1"],"picked":"champ:BerserkerStyle","floor":32},{"not_picked":["champ:ShieldThrow+1","champ:Devastate+1"],"picked":"Singing Bowl","floor":33},{"not_picked":["champ:FocusedDefense"],"picked":"champ:FocusedBerserking+1","floor":36},{"not_picked":["champ:BerserkersShout","champ:Encircle+1"],"picked":"Singing Bowl","floor":37}],"player_experience":3850371,"relics_obtained":[{"floor":5.0,"key":"White Beast Statue"},{"floor":7.0,"key":"Molten Egg 2"},{"floor":10.0,"key":"Torii"},{"floor":12.0,"key":"Question Card"},{"floor":24,"key":"Nunchaku"},{"floor":26,"key":"Pen Nib"},{"floor":31,"key":"Singing Bowl"}],"event_choices":[],"is_beta":false,"boss_relics":[{"not_picked":["Calling Bell","Runic Dome"],"picked":"Busted Crown"},{"not_picked":["Velvet Choker","bronze:MakeshiftBattery"],"picked":"champ:PowerArmor"}],"items_purged_floors":[21],"is_endless":false,"potions_floor_spawned":[9,10,12,14,15,16,19,20,21,22,25,26,27,30,31,32,33,36,37],"killed_by":"Writhing Mass","ascension_level":2}}