{"host":"idjwbq71yrpkph1r","time":1614218863,"event":{"mods":["AchievementEnabler","Alarm Clock","BaseMod","Block Reminder","Colored Map","Curses Come First","Displayed Cursed Tome","Hermit","Highlight Path","Minty Spire (QoL Compilation)","Rare Cards Sparkle","Relic Stats","StSLib","everything is the same but u backflip on backflip","slay the spire mod where everything is the same but ironclad has a cowboy hat"],"gold_per_floor":[112,112,62,81,81,81,95,115,188,204,235,252,177,193,193,290,290,309,329,429,447,459,459,472,472,524,559,572,210,227,102,102,202,202,220,70,70,84,104,136,148,158,182,198,215,40,51,66,66,66],"floor_reached":51,"language":"ENG","playtime":1474,"items_purged":["Defend_R","Flame Barrier+1","Sever Soul+1","Strike_R","Strike_R"],"score":936,"play_id":"48494b3e-1edb-4502-9170-16a15d79dbff","local_time":"20210225030743","is_ascension_mode":false,"campfire_choices":[{"data":"Clash","floor":6.0,"key":"SMITH"},{"data":"Rage","floor":15.0,"key":"SMITH"},{"floor":23.0,"key":"REST"},{"data":"Clash","floor":32.0,"key":"SMITH"},{"data":"Flex","floor":49,"key":"PURGE"}],"circlet_count":0,"master_deck":["Clash+1","Rage+1","Clash+1","Anger","Body Slam+1"],"relics":["Burning Blood","Darkstone Periapt","Vajra","Astrolabe","Boot","Unceasing Top","Paper Frog","Philosopher\u0027s Stone","Peace Pipe","MealTicket"],"acts_visited":["Exordium","TheCity","TheBeyond"],"potions_floor_usage":[33,50,50,50],"damage_taken":[{"damage":1.0,"enemies":"2 Louse","floor":1.0,"turns":3.0},{"damage":6.0,"enemies":"Jaw Worm","floor":4.0,"turns":5.0},{"damage":0.0,"enemies":"Small Slimes","floor":7.0,"turns":3.0},{"damage":9.0,"enemies":"Exordium Wildlife","floor":8.0,"turns":4.0},{"damage":3.0,"enemies":"Red Slaver","floor":10.0,"turns":3.0},{"damage":11.0,"enemies":"Lagavulin","floor":11.0,"turns":5.0},{"damage":4.0,"enemies":"Blue Slaver","floor":12.0,"turns":3.0},{"damage":1.0,"enemies":"Looter","floor":14.0,"turns":2.0},{"damage":28.0,"enemies":"The Guardian","floor":16.0,"turns":11.0},{"damage":3.0,"enemies":"Shell Parasite","floor":18.0,"turns":3.0},{"damage":0.0,"enemies":"2 Thieves","floor":19.0,"turns":2.0},{"damage":0.0,"enemies":"Snake Plant","floor":21.0,"turns":3.0},{"damage":5.0,"enemies":"Centurion and Healer","floor":22.0,"turns":3.0},{"damage":5.0,"enemies":"3 Cultists","floor":24.0,"turns":4.0},{"damage":0.0,"enemies":"Book of Stabbing","floor":27.0,"turns":4.0},{"damage":2.0,"enemies":"Shelled Parasite and Fungi","floor":28.0,"turns":4.0},{"damage":20.0,"enemies":"Centurion and Healer","floor":30.0,"turns":3.0},{"damage":0,"enemies":"Automaton","floor":33,"turns":3},{"damage":6,"enemies":"3 Shapes","floor":35,"turns":2},{"damage":0,"enemies":"3 Darklings","floor":38,"turns":1},{"damage":0,"enemies":"Jaw Worm Horde","floor":39,"turns":1},{"damage":0,"enemies":"Nemesis","floor":40,"turns":1},{"damage":0,"enemies":"Writhing Mass","floor":41,"turns":1},{"damage":0,"enemies":"Spire Growth","floor":42,"turns":1},{"damage":3,"enemies":"Sphere and 2 Shapes","floor":44,"turns":2},{"damage":0,"enemies":"3 Darklings","floor":45,"turns":1},{"damage":0,"enemies":"Spire Growth","floor":47,"turns":1},{"damage":0,"enemies":"Jaw Worm Horde","floor":48,"turns":1},{"damage":0,"enemies":"Time Eater","floor":50,"turns":2}],"seed_played":"-212278509362259006","potions_obtained":[{"floor":4.0,"key":"Weak Potion"},{"floor":8.0,"key":"Ancient Potion"},{"floor":11.0,"key":"SneckoOil"},{"floor":12.0,"key":"Weak Potion"},{"floor":16.0,"key":"SteroidPotion"},{"floor":21.0,"key":"Fire Potion"},{"floor":33,"key":"LiquidMemories"},{"floor":42,"key":"FearPotion"},{"floor":45,"key":"Fire Potion"}],"is_trial":false,"path_per_floor":["M","?","?","M","?","R","M","M","T","M","E","M","$","M","R","B",null,"M","M","?","M","M","R","M","?","T","E","M","$","M","$","R","B",null,"M","$","?","M","M","E","M","M","T","M","M","$","M","M","R","B",null],"character_chosen":"IRONCLAD","items_purchased":["Paper Frog"],"campfire_rested":1,"item_purchase_floors":[29],"current_hp_per_floor":[80,73,73,73,73,73,79,76,76,79,74,76,76,80,80,58,80,80,80,80,80,80,80,80,80,80,80,80,80,66,66,66,72,80,80,80,80,80,80,80,80,80,80,80,80,80,80,80,80,80],"gold":66,"neow_bonus":"REMOVE_CARD","is_daily":false,"chose_seed":false,"campfire_upgraded":3,"win_rate":0.0,"timestamp":1614218863,"path_taken":["M","?","?","M","?","R","M","M","T","M","E","M","$","M","R","BOSS","M","M","?","?","M","R","M","?","T","E","M","$","M","$","R","BOSS","M","$","?","M","M","E","M","M","T","M","M","$","M","M","R","BOSS"],"items_purchased_type":["Relic"],"build_version":"2020-12-22","purchased_purges":5,"victory":true,"max_hp_per_floor":[80,80,80,80,80,80,80,80,80,80,80,80,80,80,80,80,80,80,80,80,80,80,80,80,80,80,80,80,80,80,80,80,80,80,80,80,80,80,80,80,80,80,80,80,80,80,80,80,80,80],"relic_stats":{"Darkstone Periapt":0,"Peace Pipe":1,"counters":[29,82],"Astrolabe":["Sever Soul","Flame Barrier","Iron Wave"],"MealTicket":0,"Boot":[14],"obtain_stats":[{"Darkstone Periapt":9,"Peace Pipe":40,"Astrolabe":17,"Vajra":11,"Philosopher\u0027s Stone":34,"MealTicket":43,"Boot":26,"Burning Blood":0,"Unceasing Top":27,"Paper Frog":29},{"Darkstone Periapt":4,"Peace Pipe":22,"Astrolabe":9,"Vajra":6,"Philosopher\u0027s Stone":18,"MealTicket":24,"Boot":14,"Burning Blood":0,"Unceasing Top":15,"Paper Frog":16},{"Darkstone Periapt":15,"Peace Pipe":73,"Astrolabe":39,"Vajra":23,"Philosopher\u0027s Stone":68,"MealTicket":75,"Boot":54,"Burning Blood":0,"Unceasing Top":58,"Paper Frog":62}],"Burning Blood":84,"Unceasing Top":[128]},"card_choices":[{"not_picked":["Warcry","Cleave","Iron Wave"],"picked":"SKIP","floor":1.0},{"not_picked":["Warcry","Dark Embrace"],"picked":"Clash","floor":4.0},{"not_picked":["Cleave","Searing Blow"],"picked":"Flex","floor":7.0},{"not_picked":["Armaments","Battle Trance","Warcry"],"picked":"SKIP","floor":8.0},{"not_picked":["Armaments","Evolve","Feel No Pain"],"picked":"SKIP","floor":10.0},{"not_picked":["Feel No Pain","Pummel","Flame Barrier"],"picked":"SKIP","floor":11.0},{"not_picked":["Anger","Twin Strike"],"picked":"Rage","floor":12.0},{"not_picked":["Heavy Blade","Havoc","Feel No Pain"],"picked":"SKIP","floor":14.0},{"not_picked":["Iron Wave+1","Dropkick","Sword Boomerang"],"picked":"SKIP","floor":18.0},{"not_picked":["Bloodletting","True Grit","Heavy Blade"],"picked":"SKIP","floor":19.0},{"not_picked":["Headbutt","Bloodletting+1"],"picked":"Clash","floor":21.0},{"not_picked":["Body Slam","Heavy Blade+1","Sever Soul+1"],"picked":"SKIP","floor":22.0},{"not_picked":["Hemokinesis","Feed","Wild Strike"],"picked":"SKIP","floor":24.0},{"not_picked":["Heavy Blade+1","Twin Strike","Disarm"],"picked":"SKIP","floor":27.0},{"not_picked":["Body Slam+1","Intimidate","Warcry"],"picked":"SKIP","floor":28.0},{"not_picked":["Double Tap","Armaments"],"picked":"Anger","floor":30.0},{"not_picked":["Clothesline+1","Cleave+1"],"picked":"Body Slam+1","floor":35},{"not_picked":["Headbutt","Perfected Strike+1","Pommel Strike+1"],"picked":"SKIP","floor":38},{"not_picked":["True Grit","Rupture+1","Havoc"],"picked":"SKIP","floor":39},{"not_picked":["Iron Wave","Shockwave+1","Reckless Charge+1"],"picked":"SKIP","floor":40},{"not_picked":["Clash+1","Thunderclap+1","Fire Breathing"],"picked":"SKIP","floor":41},{"not_picked":["Uppercut+1","Pummel","Dark Embrace+1"],"picked":"SKIP","floor":42},{"not_picked":["Havoc","Barricade","Twin Strike+1"],"picked":"SKIP","floor":44},{"not_picked":["Cleave+1","Iron Wave","Clothesline"],"picked":"SKIP","floor":45},{"not_picked":["Power Through","Twin Strike","Thunderclap+1"],"picked":"SKIP","floor":47},{"not_picked":["Wild Strike+1","Anger","Iron Wave+1"],"picked":"SKIP","floor":48}],"player_experience":375974,"relics_obtained":[{"floor":9.0,"key":"Darkstone Periapt"},{"floor":11.0,"key":"Vajra"},{"floor":26.0,"key":"Boot"},{"floor":27.0,"key":"Unceasing Top"},{"floor":40,"key":"Peace Pipe"},{"floor":43,"key":"MealTicket"}],"event_choices":[{"cards_removed":["Strike_R"],"damage_healed":0.0,"max_hp_gain":0.0,"max_hp_loss":0.0,"gold_gain":0.0,"event_name":"Golden Wing","player_choice":"Card Removal","floor":2.0,"gold_loss":0.0,"damage_taken":7.0},{"cards_removed":["Strike_R"],"damage_healed":0.0,"max_hp_gain":0.0,"max_hp_loss":0.0,"gold_gain":0.0,"event_name":"The Cleric","player_choice":"Card Removal","floor":3.0,"gold_loss":50.0,"damage_taken":0.0},{"cards_removed":["Defend_R"],"damage_healed":0.0,"max_hp_gain":0.0,"max_hp_loss":0.0,"gold_gain":0.0,"event_name":"Living Wall","player_choice":"Forget","floor":5.0,"gold_loss":0.0,"damage_taken":0.0},{"damage_healed":0.0,"max_hp_gain":0.0,"max_hp_loss":0.0,"gold_gain":100.0,"event_name":"Golden Shrine","player_choice":"Pray","floor":20.0,"gold_loss":0.0,"damage_taken":0.0},{"damage_healed":0.0,"max_hp_gain":0.0,"max_hp_loss":0.0,"gold_gain":0.0,"event_name":"Cursed Tome","player_choice":"Ignored","floor":25.0,"gold_loss":0.0,"damage_taken":0.0},{"cards_removed":["Iron Wave"],"damage_healed":0,"gold_gain":0,"player_choice":"Removed Attack","damage_taken":0,"max_hp_gain":0,"max_hp_loss":0,"event_name":"Falling","floor":37,"gold_loss":0}],"is_beta":false,"boss_relics":[{"not_picked":["Runic Cube","Runic Pyramid"],"picked":"Astrolabe"},{"not_picked":["Calling Bell","Fusion Hammer"],"picked":"Philosopher\u0027s Stone"}],"items_purged_floors":[13,29,31,36,46],"is_endless":false,"potions_floor_spawned":[4,8,11,12,16,21,22,24,28,33,38,40,42,45,47],"ascension_level":0}}