{"host":"zdx3mk58qfaqn5dx","time":1614297164,"event":{"mods":["BaseMod","Bestiary","Better Third Choice","Colored Map","Colored Powertips","Dark Map","Downfall","Hermit","Highlight Path","Minty Spire (QoL Compilation)","Practice Mode","Quick Restart","Relic Stats","StSLib","SuperFastMode"],"gold_per_floor":[214,164,19,294,304,304,321,321,321,360,373,373,557,557,557,661,670,695,895,906,906,906],"floor_reached":21,"language":"ENG","playtime":890,"items_purged":[],"score":211,"play_id":"c13d92ed-93d4-4f62-bbb9-f58c6791cf8f","local_time":"20210226005244","is_ascension_mode":true,"campfire_choices":[{"data":"hermit:Determination","floor":6.0,"key":"SMITH"},{"data":"hermit:BigShot","floor":8.0,"key":"SMITH"},{"floor":12.0,"key":"REST"},{"floor":15.0,"key":"REST"}],"circlet_count":0,"master_deck":["hermit:Strike_Hermit","hermit:Strike_Hermit","hermit:Strike_Hermit","hermit:Strike_Hermit","hermit:Defend_Hermit","hermit:Defend_Hermit","hermit:Defend_Hermit","hermit:Snapshot","hermit:Covet","hermit:Determination+1","hermit:BigShot+1","hermit:HighCaliber","hermit:TakeAim","hermit:HighNoon","CurseOfTheBell","hermit:Virtue"],"relics":["hermit:Momento","Frozen Eye","CeramicFish","Blood Vial","Calling Bell","hermit:RyeStalk","StrikeDummy","StoneCalendar"],"acts_visited":["Exordium","TheCity"],"potions_floor_usage":[16,16,18],"damage_taken":[{"damage":6.0,"enemies":"Jaw Worm","floor":1.0,"turns":3.0},{"damage":5.0,"enemies":"Small Slimes","floor":5.0,"turns":3.0},{"damage":7.0,"enemies":"Cultist","floor":7.0,"turns":5.0},{"damage":47.0,"enemies":"3 Sentries","floor":10.0,"turns":10.0},{"damage":5.0,"enemies":"2 Fungi Beasts","floor":11.0,"turns":3.0},{"damage":49,"enemies":"Slime Boss","floor":16,"turns":11},{"damage":38,"enemies":"Spheric Guardian","floor":18,"turns":7},{"damage":26,"enemies":"Chosen","floor":20,"turns":6},{"damage":20,"enemies":"Centurion and Healer","floor":21,"turns":1}],"seed_played":"-7502829876711635625","potions_obtained":[{"floor":1.0,"key":"Energy Potion"},{"floor":10.0,"key":"PowerPotion"},{"floor":11.0,"key":"PowerPotion"},{"floor":16,"key":"Swift Potion"},{"floor":18,"key":"BlessingOfTheForge"}],"is_trial":false,"path_per_floor":["M","?","$","?","M","R","M","R","T","E","M","R","?","?","R","B",null,"M","?","M","M"],"character_chosen":"HERMIT","items_purchased":["Frozen Eye"],"campfire_rested":2,"item_purchase_floors":[3],"current_hp_per_floor":[69,69,69,69,64,64,57,57,57,10,7,29,29,29,51,4,75,37,37,13,0,0],"gold":906,"neow_bonus":"HUNDRED_GOLD","is_daily":false,"chose_seed":false,"campfire_upgraded":2,"win_rate":0.0,"timestamp":1614297164,"path_taken":["M","?","$","?","M","R","?","R","T","E","M","R","?","?","R","BOSS","M","?","M","M"],"items_purchased_type":["Relic"],"build_version":"2020-12-22","purchased_purges":0,"victory":false,"max_hp_per_floor":[75,75,75,75,75,75,75,75,75,75,75,75,75,75,75,75,75,75,75,75,75,75],"relic_stats":{"Blood Vial":8,"counters":[9,49],"CeramicFish":45,"StoneCalendar":[20],"obtain_stats":[{"Blood Vial":10,"Calling Bell":17,"Frozen Eye":3,"hermit:RyeStalk":17,"CeramicFish":9,"StoneCalendar":17,"StrikeDummy":17,"hermit:Momento":0},{"Blood Vial":4,"Calling Bell":6,"Frozen Eye":1,"hermit:RyeStalk":6,"CeramicFish":3,"StoneCalendar":6,"StrikeDummy":6,"hermit:Momento":0},{"Blood Vial":21,"Calling Bell":35,"Frozen Eye":3,"hermit:RyeStalk":35,"CeramicFish":11,"StoneCalendar":35,"StrikeDummy":35,"hermit:Momento":0}]},"card_choices":[{"not_picked":["hermit:Midnight","hermit:SprayPray"],"picked":"hermit:Determination","floor":1.0},{"not_picked":["hermit:ItchyTrigger","hermit:Coalescence"],"picked":"hermit:BigShot","floor":5.0},{"not_picked":["hermit:Misfire","hermit:BodyArmor"],"picked":"hermit:HighCaliber","floor":7.0},{"not_picked":["hermit:BodyArmor","hermit:Ricochet"],"picked":"hermit:TakeAim","floor":10.0},{"not_picked":["hermit:TrackingShot","hermit:Spite","hermit:Headshot"],"picked":"SKIP","floor":11.0},{"not_picked":["hermit:Dissolve","hermit:Magnum"],"picked":"hermit:HighNoon","floor":16},{"not_picked":["hermit:WideOpen","hermit:TrackingShot+1"],"picked":"hermit:Virtue","floor":18},{"not_picked":["hermit:Grudge","hermit:ItchyTrigger+1","hermit:Malice"],"picked":"SKIP","floor":20}],"player_experience":218976,"relics_obtained":[{"floor":9.0,"key":"CeramicFish"},{"floor":10.0,"key":"Blood Vial"},{"floor":17,"key":"hermit:RyeStalk"},{"floor":17,"key":"StrikeDummy"},{"floor":17,"key":"StoneCalendar"}],"event_choices":[{"cards_removed":["hermit:Defend_Hermit"],"damage_healed":0.0,"max_hp_gain":0.0,"max_hp_loss":0.0,"gold_gain":0.0,"event_name":"The Cleric","player_choice":"Card Removal","floor":2.0,"gold_loss":50.0,"damage_taken":0.0},{"damage_healed":0.0,"max_hp_gain":0.0,"max_hp_loss":0.0,"gold_gain":275.0,"event_name":"Golden Shrine","player_choice":"Desecrate","floor":4.0,"gold_loss":0.0,"damage_taken":0.0,"cards_obtained":["Regret"]},{"damage_healed":0.0,"max_hp_gain":0.0,"max_hp_loss":0.0,"gold_gain":175.0,"event_name":"betterThird:BetterSerpent","player_choice":"AGREE","floor":13.0,"gold_loss":0.0,"damage_taken":373.0},{"cards_removed":["Doubt","Regret"],"damage_healed":0.0,"max_hp_gain":0.0,"max_hp_loss":0.0,"gold_gain":0.0,"event_name":"Fountain of Cleansing","player_choice":"Removed Curses","floor":14.0,"gold_loss":0.0,"damage_taken":0.0},{"damage_healed":0,"gold_gain":250,"player_choice":"Bet on Owner","damage_taken":0,"max_hp_gain":0,"max_hp_loss":0,"event_name":"The Joust","floor":19,"gold_loss":50}],"is_beta":false,"boss_relics":[{"not_picked":["Runic Dome","Busted Crown"],"picked":"Calling Bell"}],"items_purged_floors":[],"is_endless":false,"potions_floor_spawned":[1,10,11,16,18],"killed_by":"Centurion and Healer","ascension_level":1}}