{"host":"5ueuk67tsx07ylcu","time":1614289822,"event":{"mods":["BaseMod","Colored Map","Colored Powertips","Downfall","Duelist Mod","GifTheSpireLib","Hermit","Infinite Spire","Lobotomy","Minty Spire (QoL Compilation)","StSLib","The Animator"],"gold_per_floor":[19,19,19,43,57,92,104,116,203,230,242,292,254,299,311,449,461,492,504,529,562,599,611,659,671,683,739,751,806,325,356,368,380,380],"floor_reached":33,"language":"ENG","playtime":2147,"items_purged":[],"score":438,"play_id":"0768329a-0ed6-4e37-8230-d874f4860a7d","local_time":"20210225165022","is_ascension_mode":true,"campfire_choices":[{"floor":8,"key":"RECALL"},{"data":"Terror","floor":11,"key":"SMITH"},{"floor":15,"key":"REST"},{"floor":23,"key":"REST"},{"data":"Malaise","floor":25,"key":"SMITH"},{"data":"Corpse Explosion","floor":28,"key":"SMITH"},{"floor":32,"key":"REST"}],"circlet_count":0,"master_deck":["Strike_G","Strike_G","Defend_G","Defend_G","Defend_G","Survivor","Neutralize","Poisoned Stab","Dash","Malaise+1","Terror+1","Deadly Poison","Catalyst","Corpse Explosion+1","Blur","Outmaneuver+1","Accuracy","Concentrate","Dash"],"relics":["Ring of the Snake","Golden Idol","MawBank","Ninja Scroll","Bag of Preparation","Centennial Puzzle","Busted Crown","Mercury Hourglass","Anchor","infinitespire:PuzzleCube","Nunchaku"],"acts_visited":["Exordium","TheCity"],"potions_floor_usage":[6,12,16,24,27,33],"damage_taken":[{"damage":1,"enemies":"Small Slimes","floor":1,"turns":3},{"damage":3,"enemies":"Jaw Worm","floor":4,"turns":4},{"damage":0,"enemies":"2 Louse","floor":5,"turns":3},{"damage":15,"enemies":"Gremlin Nob","floor":6,"turns":5},{"damage":0,"enemies":"Red Slaver","floor":10,"turns":3},{"damage":21,"enemies":"Lagavulin","floor":12,"turns":6},{"damage":10,"enemies":"3 Sentries","floor":14,"turns":9},{"damage":5,"enemies":"The Guardian","floor":16,"turns":8},{"damage":22,"enemies":"2 Thieves","floor":18,"turns":2},{"damage":1,"enemies":"Chosen","floor":20,"turns":4},{"damage":19,"enemies":"Centurion and Healer","floor":21,"turns":4},{"damage":8,"enemies":"Cultist and Chosen","floor":22,"turns":8},{"damage":21,"enemies":"Book of Stabbing","floor":24,"turns":8},{"damage":0,"enemies":"Gremlin Leader","floor":27,"turns":6},{"damage":0,"enemies":"Slavers","floor":29,"turns":2},{"damage":0,"enemies":"Sentry and Sphere","floor":31,"turns":2},{"damage":36,"enemies":"Champ","floor":33,"turns":11}],"seed_played":"-5222904178587026851","potions_obtained":[{"floor":4,"key":"ColorlessPotion"},{"floor":6,"key":"Block Potion"},{"floor":12,"key":"Block Potion"},{"floor":14,"key":"Regen Potion"},{"floor":21,"key":"sneckomod:MuddlingPotion"},{"floor":22,"key":"Energy Potion"},{"floor":24,"key":"Explosive Potion"}],"is_trial":false,"path_per_floor":["M","?","?","M","M","E","?","R","T","M","R","E","?","E","R","B",null,"M","?","M","M","M","R","E","R","T","E","R","E","?","M","R","B"],"character_chosen":"THE_SILENT","items_purchased":[],"campfire_rested":3,"item_purchase_floors":[],"current_hp_per_floor":[69,65,65,62,62,47,47,47,47,47,47,26,26,16,35,45,65,43,43,42,23,15,34,13,13,13,13,13,13,13,13,32,0,0],"gold":380,"neow_bonus":"REMOVE_TWO","is_daily":false,"chose_seed":false,"campfire_upgraded":3,"win_rate":0.0,"timestamp":1614289822,"path_taken":["M","?","?","M","M","E","?","R","T","M","R","E","?","E","R","BOSS","M","?","M","M","M","R","E","R","T","E","R","E","?","M","R","BOSS"],"items_purchased_type":[],"build_version":"2020-12-22","purchased_purges":0,"victory":false,"max_hp_per_floor":[70,65,65,65,65,65,65,65,65,65,65,65,65,65,65,65,65,65,65,65,65,65,65,65,65,65,65,65,65,65,65,65,65,65],"card_choices":[{"not_picked":["PiercingWail","Sucker Punch"],"picked":"Poisoned Stab","floor":1},{"not_picked":["Skewer","Acrobatics"],"picked":"Dash","floor":4},{"not_picked":["Dash","Well Laid Plans","Dagger Throw"],"picked":"SKIP","floor":5},{"not_picked":["Dagger Spray","Blade Dance"],"picked":"Malaise","floor":6},{"not_picked":["Blade Dance","Cloak And Dagger"],"picked":"Terror","floor":10},{"not_picked":["Escape Plan","Dagger Throw"],"picked":"Deadly Poison","floor":12},{"not_picked":["Sucker Punch","Blade Dance"],"picked":"Catalyst","floor":14},{"not_picked":["Unload","Bullet Time"],"picked":"Corpse Explosion","floor":16},{"not_picked":[],"picked":"Blur","floor":18},{"not_picked":["PiercingWail"],"picked":"SKIP","floor":20},{"not_picked":[],"picked":"Outmaneuver+1","floor":21},{"not_picked":[],"picked":"Accuracy","floor":22},{"not_picked":["Dodge and Roll"],"picked":"SKIP","floor":24},{"not_picked":[],"picked":"Concentrate","floor":27},{"not_picked":[],"picked":"Dash","floor":29},{"not_picked":["infinitespire:TheBestDefense","infinitespire:Punishment"],"picked":"infinitespire:SealOfDarkness+","floor":30},{"not_picked":["Sucker Punch"],"picked":"SKIP","floor":31}],"player_experience":329527,"relics_obtained":[{"floor":6,"key":"MawBank"},{"floor":9,"key":"Ninja Scroll"},{"floor":12,"key":"Bag of Preparation"},{"floor":14,"key":"Centennial Puzzle"},{"floor":24,"key":"Mercury Hourglass"},{"floor":26,"key":"Anchor"},{"floor":27,"key":"infinitespire:PuzzleCube"},{"floor":29,"key":"Nunchaku"}],"event_choices":[{"damage_healed":0,"gold_gain":0,"player_choice":"Lose Max HP","damage_taken":0,"relics_obtained":["Golden Idol"],"max_hp_gain":0,"max_hp_loss":5,"event_name":"Golden Idol","floor":2,"gold_loss":0},{"damage_healed":0,"gold_gain":0,"player_choice":"Ignored","damage_taken":0,"max_hp_gain":0,"max_hp_loss":0,"event_name":"Liars Game","floor":3,"gold_loss":0},{"cards_removed":["Strike_G"],"damage_healed":0,"gold_gain":0,"player_choice":"Card Removal","damage_taken":0,"max_hp_gain":0,"max_hp_loss":0,"event_name":"The Cleric","floor":13,"gold_loss":50},{"cards_removed":["Strike_G"],"damage_healed":0,"gold_gain":0,"player_choice":"Elegance","damage_taken":0,"max_hp_gain":0,"max_hp_loss":0,"event_name":"Back to Basics","floor":19,"gold_loss":0}],"is_beta":false,"boss_relics":[{"not_picked":["Philosopher\u0027s Stone","Astrolabe"],"picked":"Busted Crown"}],"items_purged_floors":[],"is_endless":false,"potions_floor_spawned":[4,6,12,14,21,22,24],"killed_by":"Champ","ascension_level":2}}