{"host":"gk9qdtkqd8dwfeg2","time":1614233243,"event":{"mods":["Act Like it!","Aspiration","BaseMod","Colored Powertips","Gensokyo","Minty Spire (QoL Compilation)","Pale of the Ancients","Quick Restart","Reimu£®≤©¿ˆ¡È√Œ£©","Remilia£®¿Ÿ√◊¿Ú—«£©","Replay The Spire","Shop Mod","StSLib","TestMod","The Servant 0.9.4","Waifu the Spire","Youmu£®ªÍ∆«—˝√Œ£©"],"gold_per_floor":[109,109,109,127,127,127,160,20,47,61,61,108,24,74,74,173,173,202,202,202,202,33,33,33,75,100,100,122,144,144,66,66,154,154,173,173,31,31,45,73,73,111,111,210,210,231,253,268,268,275,291,314,341,341,223,223,273,273,55,55,114],"floor_reached":62,"language":"ZHS","playtime":2815,"items_purged":["Strike_B","Strike_B"],"score":3531,"play_id":"2305797b-cc60-44c1-894e-4887a2f1c092","local_time":"20210225140723","is_ascension_mode":true,"campfire_choices":[{"data":"Zap","floor":6.0,"key":"SMITH"},{"data":"Mirror Shield","floor":11.0,"key":"SMITH"},{"data":"Dualcast","floor":15.0,"key":"SMITH"},{"floor":23.0,"key":"RECALL"},{"data":"ReplayTheSpireMod:Calculation Training","floor":32.0,"key":"SMITH"},{"data":"Biased Cognition","floor":41,"key":"SMITH"},{"data":"Beam Cell","floor":49,"key":"SMITH"},{"data":"Panacea","floor":56,"key":"SMITH"},{"data":"FIFO Queue","floor":58,"key":"SMITH"}],"circlet_count":0,"master_deck":["AscendersBane","Strike_B","Strike_B+1","Defend_B+1","Defend_B","Defend_B","Defend_B+1","Zap+1","Dualcast+1","Chill","CommonCold","Clumsy","Undo","Mirror Shield+1","FIFO Queue+1","ReplayGash+1","Electrodynamics","Heatsinks+1","Meteor Strike+1","Beam Cell+1","Crystallizer","Gash+1","ReplayTheSpireMod:Calculation Training+1","Gensokyo:ShootingStar","Biased Cognition+1","Skim+1","Skim+1","aspiration:Polymerization","Crystallizer+1","FIFO Queue","Time Bomb+1","Panacea+1"],"relics":["Cracked Core","testmod-TestBox","testmod-DeterminationOfClimber","NeowsBlessing","Ring of Hypnosis","SacredBark","Toy Ornithopter","Gensokyo:NagashiBinaDoll","Gensokyo:LunaticRedEyes","Calipers","Gremlin Food","Centennial Puzzle","Replay:Bronze Core","aspiration:Lifesprig","Gensokyo:RedStar","testmod-LifeArmor","testmod-EnergyCheck","Gensokyo:TheCrow","MerchantsRug","Vajra","Symbiotic Virus","Boot","paleoftheancients:Timepiece","paleoftheancients:KeyRelic","Letter Opener","CultistMask","paleoftheancients:SoulOfTheWokeBloke","Membership Card","Whetstone","Art of War"],"acts_visited":["Exordium","Gensokyo:Gensokyo","Gensokyo:Gensokyoer","Gensokyo:Gensokyoest"],"potions_floor_usage":[61],"damage_taken":[{"damage":0.0,"enemies":"Gensokyo:2_Kodama","floor":1.0,"turns":1.0},{"damage":0.0,"enemies":"Gensokyo:3_Fairies","floor":4.0,"turns":1.0},{"damage":1.0,"enemies":"Gensokyo:Aya","floor":7.0,"turns":1.0},{"damage":2.0,"enemies":"Gensokyo:Gryphon","floor":10.0,"turns":3.0},{"damage":4.0,"enemies":"Gensokyo:Mamizou","floor":12.0,"turns":8.0},{"damage":4.0,"enemies":"Gensokyo:Cirno","floor":14.0,"turns":6.0},{"damage":8.0,"enemies":"Gensokyo:Reimu","floor":16.0,"turns":5.0},{"damage":1.0,"enemies":"Gensokyo:AngelMirror","floor":18.0,"turns":4.0},{"damage":0.0,"enemies":"Gensokyo:Tenshi","floor":25.0,"turns":3.0},{"damage":0.0,"enemies":"Gensokyo:Chomper","floor":28.0,"turns":3.0},{"damage":0.0,"enemies":"Gensokyo:Swordslinger","floor":29.0,"turns":2.0},{"damage":0.0,"enemies":"Gensokyo:Eiki","floor":33.0,"turns":6.0},{"damage":0.0,"enemies":"Gensokyo:AncientGuardian","floor":35.0,"turns":1.0},{"damage":0,"enemies":"Gensokyo:3_Bats","floor":39,"turns":1},{"damage":0,"enemies":"Gensokyo:Marisa","floor":40,"turns":1},{"damage":0,"enemies":"Gensokyo:Kasen","floor":42,"turns":2},{"damage":0,"enemies":"Gensokyo:Sharpion","floor":46,"turns":2},{"damage":0,"enemies":"Gensokyo:Dusk_and_Dawn","floor":47,"turns":1},{"damage":0,"enemies":"Gensokyo:Rafflesia","floor":48,"turns":3},{"damage":0,"enemies":"Gensokyo:Shinki","floor":50,"turns":3},{"damage":0,"enemies":"Gensokyo:Scarlet_Devils","floor":51,"turns":2},{"damage":1,"enemies":"Gensokyo:Scarlet_Devils","floor":52,"turns":4},{"damage":0,"enemies":"Gensokyo:Scarlet_Devils","floor":53,"turns":1},{"damage":35,"enemies":"Gensokyo:Scarlet_Devils","floor":57,"turns":5},{"damage":0,"enemies":"paleoftheancients:N","floor":61,"turns":4}],"seed_played":"-1538036783508757930","potions_obtained":[{"floor":2.0,"key":"SkillPotion"},{"floor":2.0,"key":"Strength Potion"},{"floor":7.0,"key":"PowerPotion"},{"floor":25.0,"key":"Energy Potion"},{"floor":29.0,"key":"SkillPotion"},{"floor":33.0,"key":"FocusPotion"}],"is_trial":false,"path_per_floor":["M","?","?","M","?","R","E","?","T","M","R","E","COS","?","R","B",null,"M","?","?","?","$","R","?","E","T","?","M","M","?","$","R","B",null,"M","?","$","?","M","E","R","E","T","?","T","M","M","M","R","B","B","M","M","?","$","R","M","R","$","?","B",null],"character_chosen":"DEFECT","items_purchased":["testmod-Charity","ReplayTheSpireMod:Calculation Training","MerchantsRug","Skim","Membership Card","FIFO Queue","Time Bomb+1","Panacea","Whetstone","Art of War"],"campfire_rested":0,"item_purchase_floors":[22,31,37,37,55,55,55,55,59,59],"current_hp_per_floor":[64,64,64,70,70,70,69,69,69,69,69,67,67,67,67,67,67,67,67,65,65,65,63,63,84,83,83,106,123,111,111,109,166,166,180,180,180,135,154,197,197,260,260,259,259,278,299,326,326,381,437,535,575,575,575,575,572,572,572,572,575],"gold":114,"neow_bonus":"THREE_ENEMY_KILL","is_daily":false,"chose_seed":false,"campfire_upgraded":8,"win_rate":0.0,"timestamp":1614233243,"path_taken":["M","?","?","M","?","R","E","?","T","M","R","E","COS","?","R","BOSS","M","?","?","?","?","R","?","E","T","?","M","?","?","$","R","BOSS","M","?","$","?","M","E","R","E","T","?","?","M","?","?","R","BOSS","BOSS","M","M","?","$","R","M","R","$","?","BOSS"],"items_purchased_type":["Relic","Card","Relic","Card","Relic","Card","Card","Card","Relic","Relic"],"build_version":"2020-12-22","purchased_purges":2,"victory":true,"max_hp_per_floor":[71,71,71,71,71,71,71,71,69,69,69,67,67,67,67,67,67,67,67,65,65,65,63,63,84,83,83,106,123,111,111,109,166,166,180,180,180,180,195,221,219,260,260,259,259,278,299,326,326,381,437,535,575,575,575,575,575,575,575,575,575],"card_choices":[{"not_picked":["Coolheaded","Compile Driver"],"picked":"Chill","floor":1.0},{"not_picked":["Genetic Algorithm","Hologram","Streamline"],"picked":"SKIP","floor":4.0},{"not_picked":["Redo","Darkness"],"picked":"Undo","floor":7.0},{"not_picked":["Compile Driver","Cold Snap"],"picked":"Mirror Shield","floor":10.0},{"not_picked":["Ball Lightning","Skim"],"picked":"FIFO Queue","floor":12.0},{"not_picked":["Loop","ReplayTheSpireMod:GoodbyeWorld"],"picked":"ReplayGash","floor":14.0},{"not_picked":["ReplayRNGCard","Fission"],"picked":"Electrodynamics","floor":16.0},{"not_picked":["Leap","Chaos"],"picked":"Heatsinks+1","floor":18.0},{"not_picked":["Leap","Sweeping Beam"],"picked":"Beam Cell","floor":25.0},{"not_picked":["Stack","Conserve Battery"],"picked":"Crystallizer","floor":28.0},{"not_picked":["Genetic Algorithm+1","Go for the Eyes"],"picked":"Gash+1","floor":29.0},{"not_picked":[],"picked":"Gensokyo:ShootingStar","floor":33.0},{"not_picked":["Hyperbeam","Rainbow"],"picked":"Biased Cognition","floor":33.0},{"not_picked":["FTL","BasicCrystalCard","Hello World"],"picked":"SKIP","floor":35.0},{"not_picked":["Leap","Genetic Algorithm","Rip and Tear"],"picked":"SKIP","floor":39},{"not_picked":["Mirror Shield","FTL"],"picked":"aspiration:Polymerization","floor":40},{"not_picked":["Cold Snap","Sweeping Beam+1","Rebound"],"picked":"SKIP","floor":42},{"not_picked":["Double Energy","Sweeping Beam","Beam Cell"],"picked":"SKIP","floor":46},{"not_picked":["Machine Learning","Melter+1","Rip and Tear"],"picked":"SKIP","floor":47},{"not_picked":["White Noise","Barrage"],"picked":"Crystallizer+1","floor":48},{"not_picked":["Sunder+1","Hello World+1","Steam Power"],"picked":"SKIP","floor":52},{"not_picked":["Fusion+1","Conserve Battery+1","Beam Cell+1"],"picked":"SKIP","floor":53},{"not_picked":["Leap+1","Conserve Battery","Gash+1"],"picked":"SKIP","floor":57}],"player_experience":838674,"relics_obtained":[{"floor":2.0,"key":"Ring of Hypnosis"},{"floor":2.0,"key":"ReplayTheSpireMod:Ring of Addiction"},{"floor":2.0,"key":"SacredBark"},{"floor":2.0,"key":"Toy Ornithopter"},{"floor":7.0,"key":"Pantograph"},{"floor":12.0,"key":"Gremlin Food"},{"floor":14.0,"key":"Centennial Puzzle"},{"floor":25.0,"key":"War Paint"},{"floor":26.0,"key":"aspiration:Lifesprig"},{"floor":40,"key":"ScarletDevilRocket"},{"floor":42,"key":"Vajra"},{"floor":43,"key":"Symbiotic Virus"},{"floor":45,"key":"Boot"},{"floor":52,"key":"paleoftheancients:SoulOfTheWokeBloke"}],"event_choices":[{"damage_healed":0,"gold_gain":100,"player_choice":"Sell","damage_taken":0,"max_hp_gain":0,"max_hp_loss":0,"event_name":"∂˜¬ÂÀπµƒ≈Ã◊”","floor":44,"relics_lost":["ReplayTheSpireMod:Ring of Addiction"],"gold_loss":0},{"damage_healed":0,"gold_gain":0,"player_choice":"Upgraded","damage_taken":0,"max_hp_gain":0,"max_hp_loss":0,"event_name":"Upgrade Shrine","floor":54,"gold_loss":0,"cards_upgraded":["Meteor Strike"]}],"is_beta":false,"boss_relics":[{"not_picked":["testmod-CardMagician","testmod-SaigiyounoYou"],"picked":"Replay:Bronze Core"},{"not_picked":["Ring of Chaos","ChewingGum"],"picked":"testmod-EnergyCheck"}],"items_purged_floors":[55,59],"is_endless":false,"potions_floor_spawned":[7,10,12,25,29,33,35,40,42,53],"ascension_level":20}}