{"host":"bakf0s4odzu8z5xt","time":1614222711,"event":{"mods":["2.2 Compatiblity","BaseMod","Downfall","Friendly Minions","Minty Spire (QoL Compilation)","StSLib"],"gold_per_floor":[99,115,130,193,193,93,93,106,117,148,160,176,195,205,217,313,313,213,223,240,240,240,21,93,121,21,35,68,68,94,104,124,223,223,223,223,32,50,63,63,86,113,127,27,56,56,67,67,83,83,83,109,41,41,41,41],"floor_reached":57,"language":"ENG","playtime":4863,"items_purged":["Shame","Pain"],"score":1716,"play_id":"b412b2f0-a2cb-4a1a-a169-fa3ae42dd200","local_time":"20210224191151","is_ascension_mode":true,"campfire_choices":[{"floor":1,"key":"RECALL"},{"floor":6,"key":"REST"},{"data":"hexamod:PhantomCloak","floor":18,"key":"SMITH"},{"data":"hexamod:RecurringNightmare","floor":26,"key":"SMITH"},{"data":"hexamod:GiftsFromTheDead","floor":35,"key":"SMITH"},{"data":"hexamod:FlameSwitch","floor":40,"key":"SMITH"},{"data":"hexamod:Haunt","floor":46,"key":"SMITH"},{"floor":54,"key":"REST"}],"circlet_count":0,"master_deck":["hexamod:Defend","hexamod:Defend","hexamod:Defend","hexamod:Defend","hexamod:Sear+1","hexamod:Float","hexamod:GhostLash","hexamod:ChargedBarrage","hexamod:Hexaguard","hexamod:RecurringNightmare+1","hexamod:PhantomCloak+1","hexamod:Hexaguard","hexamod:ExtraCrispy","hexamod:CatchUp","hexamod:NightmareGuise","hexamod:ParanormalForm","hexamod:Haunt+1","hexamod:ThermalTransfer+1","RitualDagger","hexamod:SpectralSpark","hexamod:SpectersWail","hexamod:GhostShield","hexamod:FlamesFromBeyond+1","hexamod:ThirdSeal","hexamod:Incineration+1","hexamod:VolcanoVisage","hexamod:SoulSteal","hexamod:ChargedBarrage+1","hexamod:GiftsFromTheDead+1","hexamod:FlameSwitch+1","hexamod:Hexaguard","hexamod:SpectralAdrenaline+1","hexamod:Hexaguard","hexamod:Hexaguard+1","hexamod:NecessarySacrifice+1","downfall:Malfunctioning","hexamod:Haunt+1","hexamod:GhostLash","hexamod:HeatMetal+1","hexamod:GhostLash+1","hexamod:Haunt","hexamod:GhostflameBarrier","hexamod:ExtraCrispy+1"],"relics":["hexamod:SpiritBrand","Mango","downfall:HeartBlessingRed","White Beast Statue","Lizard Tail","sneckomod:SneckoTalon","downfall:HeartBlessingGreen","TheAbacus","Boot","downfall:HeartBlessingBlue","Gambling Chip","Strawberry","Cursed Key","Nunchaku","sneckomod:BlankCard","Centennial Puzzle","Pen Nib","Frozen Egg 2","Blue Candle"],"acts_visited":["Exordium","TheCity","TheBeyond","TheEnding"],"potions_floor_usage":[4,10,13,13,14,15,23,28,30,30,32,49,50,52],"damage_taken":[{"damage":0,"enemies":"Cultist","floor":2,"turns":3},{"damage":2,"enemies":"Small Slimes","floor":3,"turns":3},{"damage":44,"enemies":"Lagavulin Event","floor":4,"turns":6},{"damage":1,"enemies":"2 Louse","floor":8,"turns":2},{"damage":5,"enemies":"Exordium Wildlife","floor":9,"turns":5},{"damage":29,"enemies":"Gremlin Nob","floor":10,"turns":4},{"damage":0,"enemies":"3 Louse","floor":11,"turns":3},{"damage":1,"enemies":"2 Fungi Beasts","floor":12,"turns":3},{"damage":0,"enemies":"Lots of Slimes","floor":13,"turns":2},{"damage":0,"enemies":"downfall:LooterAlt","floor":14,"turns":3},{"damage":5,"enemies":"Exordium Wildlife","floor":15,"turns":6},{"damage":0,"enemies":"SI_SHIV_ARCHETYPE","floor":16,"turns":6},{"damage":7,"enemies":"Chosen","floor":19,"turns":4},{"damage":9,"enemies":"Spheric Guardian","floor":20,"turns":5},{"damage":0,"enemies":"downfall:FleeingMerchant","floor":23,"turns":4},{"damage":0,"enemies":"Book of Stabbing","floor":25,"turns":5},{"damage":7,"enemies":"3 Cultists","floor":27,"turns":4},{"damage":7,"enemies":"Gremlin Leader","floor":28,"turns":7},{"damage":24,"enemies":"Slavers","floor":30,"turns":3},{"damage":0,"enemies":"Centurion and Healer","floor":31,"turns":4},{"damage":1,"enemies":"Cultist and Chosen","floor":32,"turns":4},{"damage":13,"enemies":"WA_ARCHETYPE_CALM","floor":33,"turns":7},{"damage":1,"enemies":"downfall:FleeingMerchant","floor":37,"turns":4},{"damage":1,"enemies":"3 Darklings","floor":38,"turns":3},{"damage":0,"enemies":"3 Shapes","floor":39,"turns":4},{"damage":13,"enemies":"Maw","floor":43,"turns":7},{"damage":8,"enemies":"downfall:FleeingMerchant","floor":44,"turns":4},{"damage":0,"enemies":"Nemesis","floor":45,"turns":4},{"damage":0,"enemies":"3 Darklings","floor":47,"turns":4},{"damage":15,"enemies":"Spire Growth","floor":49,"turns":3},{"damage":20,"enemies":"IC_BLOCK_ARCHETYPE","floor":50,"turns":6},{"damage":21,"enemies":"downfall:CharBossMerchant","floor":52,"turns":7},{"damage":25,"enemies":"downfall:NeowBoss","floor":55,"turns":15},{"damage":24,"enemies":"downfall:NeowBossFinal","floor":56,"turns":7}],"seed_played":"-831363307084677603","potions_obtained":[{"floor":2,"key":"FearPotion"},{"floor":4,"key":"Slimebound:ThreeZeroPotion"},{"floor":8,"key":"Regen Potion"},{"floor":9,"key":"Explosive Potion"},{"floor":10,"key":"FearPotion"},{"floor":11,"key":"Swift Potion"},{"floor":12,"key":"GamblersBrew"},{"floor":13,"key":"DuplicationPotion"},{"floor":14,"key":"Explosive Potion"},{"floor":15,"key":"hexamod:SoulburnPotion"},{"floor":16,"key":"Energy Potion"},{"floor":19,"key":"Ancient Potion"},{"floor":23,"key":"DistilledChaos"},{"floor":28,"key":"Strength Potion"},{"floor":31,"key":"hexamod:EctoCoolerPotion"},{"floor":32,"key":"LiquidMemories"},{"floor":33,"key":"hexamod:EctoCoolerPotion"},{"floor":37,"key":"GamblersBrew"},{"floor":43,"key":"Swift Potion"},{"floor":49,"key":"BlessingOfTheForge"},{"floor":52,"key":"DistilledChaos"}],"is_trial":false,"path_per_floor":["R","M","M","?","?","R","T","M","M","E","M","M","M","M","M","B",null,"R","M","M","?","?","$","T","E","R","M","E","?","E","M","M","B",null,"R","?","$","M","M","R","T","?","M","$","E","R","M","$","M","B",null,"E","$","R","B","B",null],"character_chosen":"THE_SPIRIT","items_purchased":["TheAbacus","hexamod:SpectersWail","hexamod:Hexaguard","Energy Potion","Centennial Puzzle","hexamod:GhostLash","Pen Nib","hexamod:ExtraCrispy+1"],"campfire_rested":2,"item_purchase_floors":[23,23,37,37,44,44,44,53],"current_hp_per_floor":[70,70,68,38,38,63,63,62,57,40,40,39,39,39,34,34,72,72,65,56,50,78,78,78,78,88,81,74,74,57,57,56,43,87,87,87,86,85,85,85,85,85,72,64,64,64,64,64,49,29,83,62,62,92,67,43],"gold":41,"neow_bonus":"UPGRADE_CARD","is_daily":false,"chose_seed":false,"campfire_upgraded":5,"win_rate":0.0,"timestamp":1614222711,"path_taken":["R","M","M","?","?","R","T","?","M","E","M","M","M","?","M","BOSS","R","M","M","?","?","$","T","E","R","M","E","?","E","M","M","BOSS","R","?","$","?","M","R","T","?","M","$","E","R","M","?","M","BOSS","E","$","R","BOSS","BOSS"],"items_purchased_type":["Relic","Card","Card","Potion","Relic","Card","Relic","Card"],"build_version":"2020-12-22","purchased_purges":2,"victory":true,"max_hp_per_floor":[70,70,70,84,84,84,84,84,84,84,84,84,84,84,84,84,84,84,84,84,84,84,84,84,84,94,94,94,94,101,101,101,101,101,101,101,101,101,101,101,101,101,101,101,101,101,101,101,101,101,101,101,101,101,101,101],"card_choices":[{"not_picked":["hexamod:GhostOfSpirePast","hexamod:SecondSeal"],"picked":"hexamod:GhostLash","floor":2},{"not_picked":["hexamod:FastForward","hexamod:HeatMetal"],"picked":"hexamod:ChargedBarrage","floor":3},{"not_picked":["hexamod:InspiringFlames","hexamod:EtherealExpedition"],"picked":"hexamod:Hexaguard","floor":4},{"not_picked":["hexamod:HeatShield","hexamod:GhostOfSpirePast"],"picked":"hexamod:RecurringNightmare","floor":8},{"not_picked":["hexamod:SpectralAdrenaline","hexamod:Firestarter","hexamod:BacktrackSmack"],"picked":"SKIP","floor":9},{"not_picked":["hexamod:SuperheatedStrike","hexamod:AdvancingGuard"],"picked":"hexamod:PhantomCloak","floor":10},{"not_picked":["hexamod:ThirdSeal","hexamod:AdvancingGuard"],"picked":"hexamod:NightmareStrike","floor":11},{"not_picked":["hexamod:GhostLash","hexamod:StepThrough"],"picked":"hexamod:Hexaguard","floor":12},{"not_picked":["hexamod:SwordOfDarkness","hexamod:GhostLash"],"picked":"hexamod:ExtraCrispy","floor":13},{"not_picked":["hexamod:GhostShield","hexamod:GhostLash"],"picked":"hexamod:CatchUp","floor":14},{"not_picked":["hexamod:ChargedBarrage","hexamod:ShieldOfDarkness"],"picked":"hexamod:NightmareGuise","floor":15},{"not_picked":["hexamod:GhostOfSpirePresent","hexamod:SearingWound"],"picked":"hexamod:ParanormalForm","floor":16},{"not_picked":["hexamod:FastForward","hexamod:SpectersWail"],"picked":"hexamod:Haunt+1","floor":19},{"not_picked":["hexamod:SkipABeat+1","hexamod:BurningTouch"],"picked":"hexamod:ThermalTransfer+1","floor":20},{"not_picked":["hexamod:NightmareGuise","hexamod:ShieldOfDarkness"],"picked":"hexamod:SpectralSpark","floor":23},{"not_picked":["hexamod:HeatMetal","hexamod:ThirdSeal"],"picked":"hexamod:GhostShield","floor":25},{"not_picked":["hexamod:ParanormalForm","hexamod:SwordOfDarkness+1"],"picked":"hexamod:FlamesFromBeyond+1","floor":27},{"not_picked":["hexamod:FastForward+1","hexamod:InspiringFlames+1","hexamod:GhostLash"],"picked":"SKIP","floor":28},{"not_picked":["hexamod:SpectersWail","hexamod:RecurringNightmare"],"picked":"hexamod:Incineration+1","floor":30},{"not_picked":["hexamod:PhantomCloak","hexamod:HeatMetal+1","hexamod:RainOfEmbers+1"],"picked":"SKIP","floor":30},{"not_picked":["hexamod:SwordOfDarkness","hexamod:ShieldOfDarkness"],"picked":"hexamod:VolcanoVisage","floor":31},{"not_picked":["hexamod:BacktrackSmack","hexamod:BurningTouch"],"picked":"hexamod:SoulSteal","floor":31},{"not_picked":["hexamod:BacktrackSmack+1","hexamod:FirstSeal"],"picked":"hexamod:ChargedBarrage+1","floor":32},{"not_picked":["hexamod:FlameSwitch","hexamod:GhostflameInferno"],"picked":"hexamod:GiftsFromTheDead","floor":33},{"not_picked":["hexamod:GhostflameInferno","hexamod:ApocalypseNow"],"picked":"hexamod:FlameSwitch","floor":33},{"not_picked":["hexamod:EmpoweredFlame+1","hexamod:SwordOfDarkness"],"picked":"hexamod:Hexaguard","floor":37},{"not_picked":["hexamod:RainOfEmbers","hexamod:InspiringFlames"],"picked":"hexamod:SpectralAdrenaline+1","floor":37},{"not_picked":["hexamod:HeatMetal","hexamod:CatchUp"],"picked":"hexamod:Hexaguard+1","floor":38},{"not_picked":["hexamod:FlameSwitch","hexamod:InspiringFlames"],"picked":"hexamod:NecessarySacrifice+1","floor":39},{"not_picked":["hexamod:DynamicBlow","hexamod:EtherealExpedition","hexamod:FlamesFromBeyond"],"picked":"SKIP","floor":39},{"not_picked":["hexamod:Firestarter+1","hexamod:FirstSeal","hexamod:GhostOfSpireFuture+1"],"picked":"SKIP","floor":43},{"not_picked":["hexamod:GhostOfSpirePast","hexamod:InspiringFlames+1","hexamod:AdvancingGuard"],"picked":"SKIP","floor":43},{"not_picked":["hexamod:ExtraCrispy","hexamod:GhostOfSpirePast"],"picked":"hexamod:Haunt","floor":44},{"not_picked":["hexamod:SuperheatedStrike+1","hexamod:FlameSwitch","hexamod:FastForward+1"],"picked":"SKIP","floor":44},{"not_picked":["hexamod:NightmareStrike","hexamod:BacktrackSmack+1","hexamod:GhostOfSpirePast+1"],"picked":"SKIP","floor":45},{"not_picked":["hexamod:GhostShield","hexamod:Incineration"],"picked":"hexamod:HeatMetal+1","floor":47},{"not_picked":["hexamod:SpectersWail+1","hexamod:FourthSeal"],"picked":"hexamod:GhostLash+1","floor":49},{"not_picked":["hexamod:AdvancingGuard","hexamod:PhantomFireball+1","hexamod:HauntingEcho"],"picked":"SKIP","floor":49},{"not_picked":["hexamod:FourthSeal","hexamod:RainOfEmbers"],"picked":"hexamod:Haunt","floor":52},{"not_picked":["hexamod:HeatMetal","hexamod:UnlimitedPower"],"picked":"hexamod:GhostflameBarrier","floor":52}],"player_experience":2265964,"relics_obtained":[{"floor":4,"key":"Mango"},{"floor":7,"key":"White Beast Statue"},{"floor":10,"key":"Lizard Tail"},{"floor":25,"key":"Boot"},{"floor":28,"key":"Gambling Chip"},{"floor":30,"key":"Strawberry"},{"floor":41,"key":"Nunchaku"},{"floor":42,"key":"sneckomod:BlankCard"},{"floor":45,"key":"Frozen Egg 2"},{"floor":52,"key":"Blue Candle"}],"event_choices":[{"damage_healed":28,"gold_gain":0,"player_choice":"Heal","damage_taken":0,"max_hp_gain":0,"max_hp_loss":0,"event_name":"The Library","floor":22,"gold_loss":0}],"is_beta":false,"boss_relics":[{"not_picked":["Sozu","Pandora\u0027s Box"],"picked":"sneckomod:SneckoTalon"},{"not_picked":["SacredBark","bronze:MakeshiftBattery"],"picked":"Cursed Key"}],"items_purged_floors":[37,44],"is_endless":false,"potions_floor_spawned":[2,4,8,9,10,11,12,13,14,15,16,19,20,23,25,27,28,30,31,32,33,37,38,39,43,44,45,47,49,52],"ascension_level":5}}