{"host":"y087t2reloz9bi43","time":1614211537,"event":{"mods":["2.2 Compatiblity","AchievementEnabler","Aspiration","BaseMod","Bestiary","Better Note","Better Vampires","BetterRewards","ChefMod","Colored Map","Colored Powertips","Conspire","Downfall","GifTheSpireLib","Gold Saver","Halation","Hubris","Infinite Spire","Jedi Mod","Mimic Mod","Minty Spire (QoL Compilation)","Permanent Neow","Rare Cards Sparkle","Relic Stats","Reliquary","Replay The Spire","Shop Mod","StSLib","The Runesmith","The Servant 0.9.4","TheFirefly","Transform Curses","Uncapped","everything is the same but u backflip on backflip"],"gold_per_floor":[113,130,145,161,161,189,189,200,200,200,228,240,260,277,277,382,382,394,411,411,411],"floor_reached":20,"language":"ENG","playtime":1759,"items_purged":[],"score":190,"play_id":"f141165e-d439-4f92-a7ee-02b63b2e906b","local_time":"20210225000537","is_ascension_mode":false,"campfire_choices":[{"data":"Defy","floor":7,"key":"SMITH"},{"floor":10,"key":"REST"}],"circlet_count":0,"master_deck":["Strike_S","Strike_S","Strike_S","Strike_S","Defend_S","Defend_S","Defend_S","Defend_S","KidneyShot","Exchange","Alleviate","Spin","Snipe","Defy+1","Dilation","Manipulate","MurderousAura","BottledTime","BottledTime"],"relics":["Uniform","Happy Flower","infinitespire:Eraser","hubris:SphereOfDissonance","reliquary:Aerogel","Painkiller Herb"],"acts_visited":["Exordium","TheCity"],"potions_floor_usage":[14,14,16,16,16,16],"damage_taken":[{"damage":0.0,"enemies":"Jaw Worm","floor":1.0,"turns":5.0},{"damage":1.0,"enemies":"Cultist","floor":2.0,"turns":5.0},{"damage":7.0,"enemies":"Small Slimes","floor":3.0,"turns":4.0},{"damage":14.0,"enemies":"Exordium Wildlife","floor":4.0,"turns":3.0},{"damage":38.0,"enemies":"Lagavulin","floor":6.0,"turns":9.0},{"damage":3,"enemies":"Red Slaver","floor":8,"turns":5},{"damage":20,"enemies":"3 Sentries","floor":11,"turns":9},{"damage":2,"enemies":"Blue Slaver","floor":12,"turns":3},{"damage":0,"enemies":"Exordium Wildlife","floor":13,"turns":6},{"damage":0,"enemies":"2 Fungi Beasts","floor":14,"turns":1},{"damage":5,"enemies":"Hexaghost","floor":16,"turns":16},{"damage":61,"enemies":"conspire:FuzzyDice","floor":18,"turns":8},{"damage":0,"enemies":"Spheric Guardian","floor":19,"turns":5},{"damage":10,"enemies":"Snake Plant","floor":20,"turns":3}],"seed_played":"-3017464120566127986","potions_obtained":[{"floor":4.0,"key":"champ:CounterPotion"},{"floor":8,"key":"Milkshake"},{"floor":12,"key":"AttackPotion"},{"floor":13,"key":"Toxic Potion"},{"floor":15,"key":"EntropicBrew"},{"floor":15,"key":"Explosive Potion"},{"floor":18,"key":"SteroidPotion"}],"is_trial":false,"path_per_floor":["M","M","M","M","?","E","R","M","T","R","E","M","M","M","R_BF","B",null,"?","?","?"],"character_chosen":"THE_SERVANT","items_purchased":[],"campfire_rested":1,"item_purchase_floors":[],"current_hp_per_floor":[71,70,63,49,49,11,11,8,8,29,9,7,7,7,7,2,71,10,10,0,0],"gold":411,"neow_bonus":"TEN_PERCENT_HP_BONUS","is_daily":false,"chose_seed":false,"campfire_upgraded":1,"win_rate":0.0,"timestamp":1614211537,"path_taken":["M","M","M","M","?","E","R","M","T","R","E","M","M","?","R_BF","BOSS","?","?","?"],"items_purchased_type":[],"build_version":"2020-12-22","purchased_purges":0,"victory":false,"max_hp_per_floor":[71,71,71,71,71,71,71,71,71,71,71,71,71,71,71,71,71,71,71,71,71],"relic_stats":{"Happy Flower":[21],"counters":[14,82],"obtain_stats":[{"Happy Flower":5,"reliquary:Aerogel":11,"hubris:SphereOfDissonance":9,"Painkiller Herb":17,"Uniform":0,"infinitespire:Eraser":6},{"Happy Flower":4,"reliquary:Aerogel":7,"hubris:SphereOfDissonance":6,"Painkiller Herb":11,"Uniform":0,"infinitespire:Eraser":5},{"Happy Flower":17,"reliquary:Aerogel":40,"hubris:SphereOfDissonance":31,"Painkiller Herb":66,"Uniform":0,"infinitespire:Eraser":26}]},"card_choices":[{"not_picked":["Rewind","Rearm"],"picked":"Alleviate","floor":1.0},{"not_picked":["TimeWarp","BestPractice"],"picked":"Spin","floor":2.0},{"not_picked":["Starlight","Alleviate"],"picked":"Snipe","floor":3.0},{"not_picked":["BottledTime","Rearm"],"picked":"Defy","floor":4.0},{"not_picked":["RealityMarble","Barrier","FanOfKnives"],"picked":"SKIP","floor":6.0},{"not_picked":["Ricochet","Alleviate","WasteNot"],"picked":"SKIP","floor":8},{"not_picked":["BottledTime","Revamp"],"picked":"Dilation","floor":11},{"not_picked":["FastForward","Rearm","TimeWarp"],"picked":"SKIP","floor":12},{"not_picked":["Misdirection","Defy","Potential"],"picked":"SKIP","floor":13},{"not_picked":["TimeWarp","Rearm"],"picked":"Manipulate","floor":14},{"not_picked":["KillingDoll","Sunlight"],"picked":"MurderousAura","floor":16},{"not_picked":["Ricochet","WasteNot"],"picked":"BottledTime","floor":18},{"not_picked":["Spin","FastForward+1"],"picked":"BottledTime","floor":19}],"player_experience":380787,"relics_obtained":[{"floor":6.0,"key":"infinitespire:Eraser"},{"floor":9,"key":"hubris:SphereOfDissonance"},{"floor":11,"key":"reliquary:Aerogel"}],"event_choices":[{"damage_healed":0.0,"max_hp_gain":0.0,"max_hp_loss":0.0,"gold_gain":0.0,"event_name":"WeMeetAgain","player_choice":"Gave Potion","floor":5.0,"gold_loss":0.0,"damage_taken":0.0,"relics_obtained":["Happy Flower"]}],"is_beta":false,"boss_relics":[{"not_picked":["hubris:Stopwatch","ChewingGum"],"picked":"Painkiller Herb"}],"items_purged_floors":[],"is_endless":false,"potions_floor_spawned":[4,8,12,13,18],"killed_by":"Snake Plant","ascension_level":0}}