{"host":"lkb82ji38tfhvp5c","time":1614295512,"event":{"mods":["Abigail Mod","AchievementEnabler","Act Like it!","Aspiration","Astrologer","Bartender","BaseMod","Beaked The Cultist","BetterRewards","CapriCore","ChefMod","Clockwork Mod","Colored Powertips","Conspire","Dio Mod","Elementarium","Friendly Minions","GifTheSpireLib","Halation","Hallownest","Hermit","HololiveMod","Hubris","Infinite Spire","Jorbs\u0027s Wanderer Trilogy","Koishi","Luminous","Mad Scientist","Marisa????????","Minty Spire (QoL Compilation)","Prisma Mod","Reliquary","Remilia??????","Replay The Spire","Robot Space Explorer","Shade Mod","Shop Mod","Somnambulant","StSLib","Stuff the Spire","Td1madao Mod","The Alterego","The Animator","The Blackbeard","The Clintock","The Construct","The Cursed","The Disciple","The Elementalist","The Forsaken","The Hierophant","The Immortal","The Judge","The Marked","The Mystic","The Necromancer","The Runesmith","The Servant 0.9.4","The Valiant","TheFirefly","TheHero","TheSurvivalist","Treasure Hunter","Yohane!","Yuri Mod"],"gold_per_floor":[76,76,4,19,19,19,32,46,46,46,81,81,95,121,121,222,222,248,269,295,53,53,87,103,103,158,158,188,188,188,206,206,303,303,318,318,342,342,344,344],"floor_reached":39,"language":"ENG","playtime":4354,"items_purged":[],"score":609,"play_id":"bad87636-8d08-47c7-89eb-79eb4aed0eff","local_time":"20210225172512","is_ascension_mode":false,"campfire_choices":[{"data":"Hololive_CallMomosuzuNene+1","floor":6.0,"key":"SMITH"},{"data":"Hololive_CallMomosuzuNene+4","floor":10.0,"key":"SMITH"},{"data":"Hololive_CallMomosuzuNene+6","floor":12.0,"key":"SMITH"},{"data":"Hololive_CallMomosuzuNene+12","floor":25.0,"key":"SMITH"},{"data":"Hololive_CallMomosuzuNene+14","floor":29.0,"key":"SMITH"}],"circlet_count":0,"master_deck":["Hololive_Strike","Hololive_Strike","Hololive_Defend","Hololive_Defend","Hololive_OvertimeWork","Hololive_CallAmaneKanata","Hololive_CallAkaiHaato","Hololive_CallAZKi","Hololive_CallArtia","Hololive_CallHoushouMarine","Hololive_OvertimeWork","Hololive_StrengthChampion+1","Hololive_Breathe","Hololive_CallSpadeEcho","TH:DeckOfManyThings","TH:CursedSword","Hololive_StrengthChampion","Hololive_CallNekomataOkayu+1","TH:TreasureMap","Hololive_OvertimeWork","TH:DeckOfManyThings","Hololive_DurableLive","Hololive_Psychosis","Hololive_LuckPotion","Hololive_CocoNews","TH:PixieDust+1","Hololive_CallOkamiMio+1","Hololive_CallOmaruPolka+1","TH:EnergyPotion","Hololive_CallUruhaRushia+1","Hololive_StrengthChampion","TH:DeckOfManyThings","Hololive_AWSL","Hololive_CallMomosuzuNene+18","Hololive_Sequa","Hololive_CandyCastle"],"relics":["Hololive_TheStar","NeowsBlessing","Runesmith:Nanobots","Frozen Egg 2","Hololive_LightStick","reliquary:ThirdArm","MerchantsRug","reliquary:Knoch","elementalistmod:RedRibbon","StuffTheSpire:Mouthbags","halation:PrussianBluePaint","aspiration:RitualStick"],"acts_visited":["Exordium","TheCity","TheBeyond"],"potions_floor_usage":[],"damage_taken":[{"damage":0.0,"enemies":"Jaw Worm","floor":1.0,"turns":1.0},{"damage":0.0,"enemies":"Cultist","floor":4.0,"turns":1.0},{"damage":0.0,"enemies":"ats:Genji","floor":7.0,"turns":1.0},{"damage":0.0,"enemies":"2 Fungi Beasts","floor":8.0,"turns":3.0},{"damage":0.0,"enemies":"Replay:BlueRogue","floor":11.0,"turns":4.0},{"damage":5.0,"enemies":"Blue Slaver","floor":13.0,"turns":3.0},{"damage":0.0,"enemies":"Lagavulin","floor":14.0,"turns":3.0},{"damage":0.0,"enemies":"Slime Boss","floor":16.0,"turns":4.0},{"damage":0.0,"enemies":"conspire:FuzzyDice","floor":18.0,"turns":5.0},{"damage":0.0,"enemies":"Chosen","floor":19.0,"turns":4.0},{"damage":0.0,"enemies":"Snecko","floor":20.0,"turns":4.0},{"damage":0.0,"enemies":"Nightmare","floor":23.0,"turns":5.0},{"damage":0.0,"enemies":"Centurion and Healer","floor":24.0,"turns":5.0},{"damage":0.0,"enemies":"conspire:MimicChest","floor":28.0,"turns":7.0},{"damage":0.0,"enemies":"conspire:HollyBat","floor":31.0,"turns":8.0},{"damage":0.0,"enemies":"conspire:MysteriousRune","floor":33.0,"turns":8.0},{"damage":0,"enemies":"Orb Walker","floor":35,"turns":3},{"damage":15,"enemies":"3 Darklings","floor":37,"turns":5},{"damage":30,"enemies":"Time Eater","floor":39,"turns":4}],"seed_played":"251146792954213750","potions_obtained":[{"floor":1.0,"key":"SteroidPotion"},{"floor":7.0,"key":"Energy Potion"},{"floor":8.0,"key":"FearPotion"},{"floor":23.0,"key":"Explosive Potion"},{"floor":33.0,"key":"Fire Potion"},{"floor":35,"key":"Fire Potion"}],"is_trial":false,"path_per_floor":["M","?","$","M","?","R","M","M","T","R","E","R","M","E","R","B",null,"M","M","M","$","?","NM","M","R","T","AVR","?","R","?","M","R","B",null,"M","?","M","?","B"],"character_chosen":"Hololive_HololiveCharacter","items_purchased":["Hololive_CallMomosuzuNene","MerchantsRug","reliquary:Knoch"],"campfire_rested":0,"item_purchase_floors":[3,21,21],"current_hp_per_floor":[35,35,35,35,35,35,35,35,35,35,35,35,30,30,35,35,35,35,35,35,35,35,35,35,35,35,35,35,35,28,28,35,35,35,36,36,22,22,0,0],"gold":344,"neow_bonus":"THREE_ENEMY_KILL","is_daily":false,"chose_seed":false,"campfire_upgraded":5,"win_rate":0.0,"timestamp":1614295512,"path_taken":["M","?","?","M","?","R","M","?","T","R","E","R","?","E","R","BOSS","M","M","M","$","?","NM","M","R","T","AVR","?","R","?","M","R","BOSS","M","?","M","?","BOSS"],"items_purchased_type":["Card","Relic","Relic"],"build_version":"2020-12-22","purchased_purges":0,"victory":false,"max_hp_per_floor":[35,35,35,35,35,35,35,35,35,35,35,35,35,35,35,35,35,35,35,35,35,35,35,35,35,35,35,35,35,35,35,35,35,35,36,36,37,37,38,38],"card_choices":[{"not_picked":["Hololive_CocoNews","Hololive_Drill","Hololive_CallDoris"],"picked":"Hololive_OvertimeWork","floor":1.0},{"not_picked":["Hololive_CallAZKi","Hololive_CandyCastle","Hololive_SoulCatcher"],"picked":"Hololive_StrengthChampion","floor":4.0},{"not_picked":["Hololive_CallRosalyn","Hololive_CallHoushouMarine","Hololive_CallYukihanaLamy"],"picked":"Hololive_Breathe","floor":7.0},{"not_picked":["Hololive_Trident","Hololive_HuntDinosaur","Hololive_CallYogiri"],"picked":"Hololive_CallSpadeEcho","floor":8.0},{"not_picked":["TH:CopperCoins","TH:Mimic"],"picked":"TH:DeckOfManyThings","floor":9.0},{"not_picked":["TH:ArmorSpikes","TH:Mimic"],"picked":"TH:CursedSword","floor":11.0},{"not_picked":["Hololive_FlyingPonyTail","Hololive_FlareMind","Hololive_CallSakuraMiko+1"],"picked":"Hololive_StrengthChampion","floor":11.0},{"not_picked":["Hololive_Breathe","Hololive_FlyingPonyTail","Hololive_RevenueBasedLive"],"picked":"Hololive_CallNekomataOkayu+1","floor":13.0},{"not_picked":["TH:Mimic","TH:PixieDust"],"picked":"TH:TreasureMap","floor":14.0},{"not_picked":["Hololive_HuntDinosaur","Hololive_Sequa","Hololive_Breathe"],"picked":"Hololive_OvertimeWork","floor":14.0},{"not_picked":["TH:PixieDust","TH:Mimic"],"picked":"TH:DeckOfManyThings","floor":16.0},{"not_picked":["Hololive_OpenUp","Hololive_MaximGun","Hololive_Thief"],"picked":"Hololive_DurableLive","floor":16.0},{"not_picked":["Hololive_CallMurasakiShion+1","Hololive_Drill","Hololive_CocoNews"],"picked":"Hololive_Psychosis","floor":18.0},{"not_picked":["Hololive_CallMurasakiShion+1","Hololive_CallNakiriAyame+1","Hololive_CallTokoyamiTowa+1"],"picked":"Hololive_LuckPotion","floor":19.0},{"not_picked":["Hololive_CallManoAloe+1","Hololive_OpenUp","Hololive_Drill"],"picked":"Hololive_CocoNews","floor":20.0},{"not_picked":["TH:DeckOfManyThings","TH:BikiniMail"],"picked":"TH:PixieDust","floor":23.0},{"not_picked":["Hololive_Trident","Hololive_OvertimeWork","Hololive_CallFriendA+1"],"picked":"Hololive_CallOkamiMio+1","floor":23.0},{"not_picked":["Hololive_FlyingPonyTail","Hololive_CallYozoraMel+1","Hololive_Psychosis"],"picked":"Hololive_CallOmaruPolka+1","floor":24.0},{"not_picked":["TH:ElvenBoots","TH:CursedSword"],"picked":"TH:EnergyPotion","floor":26.0},{"not_picked":["Hololive_CallSpadeEcho+1","Hololive_RevenueBasedLive","Hololive_Psychosis+1"],"picked":"Hololive_CallUruhaRushia+1","floor":28.0},{"not_picked":["Hololive_CallYozoraMel+1","Hololive_Breathe","Hololive_LuckPotion"],"picked":"Hololive_StrengthChampion","floor":31.0},{"not_picked":["TH:PixieDust","TH:EnergyPotion"],"picked":"TH:DeckOfManyThings","floor":33.0},{"not_picked":["Hololive_ScarfAndHalo","Hololive_BeCareful","Hololive_WolfAndLamb"],"picked":"Hololive_AWSL","floor":33.0},{"not_picked":["Hololive_Rebound","Hololive_Drill","Hololive_CallYuzukiChoco+1"],"picked":"Hololive_Sequa","floor":35},{"not_picked":["Hololive_HuntDinosaur","Hololive_CocoNews","Hololive_Psychosis"],"picked":"Hololive_CandyCastle","floor":37}],"player_experience":2009204,"relics_obtained":[{"floor":9.0,"key":"Runesmith:Nanobots"},{"floor":11.0,"key":"Frozen Egg 2"},{"floor":14.0,"key":"Hololive_LightStick"},{"floor":23.0,"key":"StuffTheSpire:Mouthbags"},{"floor":26.0,"key":"halation:PrussianBluePaint"}],"event_choices":[{"damage_healed":0,"gold_gain":0,"player_choice":"Took Portal","damage_taken":0,"max_hp_gain":0,"max_hp_loss":0,"event_name":"SecretPortal","floor":38,"gold_loss":0}],"is_beta":false,"boss_relics":[{"not_picked":["Hololive_ChaosS","halation:Prosthetics"],"picked":"reliquary:ThirdArm"},{"not_picked":["Abe\u0027s Treasure","aspiration:RitualDagger","hubris:TerracottaHorce"]}],"items_purged_floors":[],"is_endless":false,"potions_floor_spawned":[1,7,8,13,16,18,23,31,33,35],"killed_by":"Time Eater","ascension_level":0}}