{"host":"dm5k5rdu7cxz3rox","time":1614268245,"event":{"mods":["AchievementEnabler","BaseMod","Colored Powertips","Highlight Path","Minty Spire (QoL Compilation)","Relic Stats"],"gold_per_floor":[317,327,154,168,184,212,212,212,212,212,24,24,41,51,51,146,146,128,142,97,108,138,138,156,191,191,191,291,311,338,356,356,451,451,470,484,484,384,31,31,51,104,149,149,149,160,160,191,191,191,191,191,15,43,43,43],"floor_reached":55,"language":"ENG","playtime":5044,"items_purged":["Strike_G","Strike_G","Strike_G"],"score":1046,"play_id":"ad8dba2d-1d1c-48b3-ab51-8f27d10226fc","local_time":"20210225105045","is_ascension_mode":true,"campfire_choices":[{"floor":10.0,"key":"REST"},{"floor":12.0,"key":"REST"},{"data":"Well Laid Plans","floor":15.0,"key":"SMITH"},{"floor":23.0,"key":"REST"},{"floor":27.0,"key":"REST"},{"floor":32.0,"key":"REST"},{"floor":40,"key":"RECALL"},{"data":"1","floor":44,"key":"LIFT"},{"floor":49,"key":"REST"},{"floor":52,"key":"REST"}],"circlet_count":0,"master_deck":["Defend_G","Defend_G","Defend_G","Defend_G","Survivor","Neutralize","Slice","Dagger Throw","Well Laid Plans+1","Quick Slash","Blur","Footwork+1","Acrobatics","Deflect","Blade Dance","All Out Attack","Deflect","Dodge and Roll","Blade Dance","Infinite Blades","Cloak And Dagger","Escape Plan","Blade Dance+1","Dodge and Roll","Footwork","Blur","Calculated Gamble+1","Terror","Outmaneuver","PiercingWail","A Thousand Cuts","Flying Knee+1","Underhanded Strike","Apotheosis","PiercingWail+1","Footwork+1","Deflect+1","Malaise"],"relics":["Ring of the Snake","Old Coin","Dream Catcher","Bottled Tornado","Anchor","WristBlade","Red Mask","Calipers","CaptainsWheel","Du-Vu Doll","Girya","Empty Cage","Akabeko","Oddly Smooth Stone","Vajra"],"acts_visited":["Exordium","TheCity","TheBeyond","TheEnding"],"potions_floor_usage":[55,55,55],"damage_taken":[{"damage":0.0,"enemies":"Cultist","floor":1.0,"turns":4.0},{"damage":0.0,"enemies":"2 Louse","floor":2.0,"turns":3.0},{"damage":1.0,"enemies":"Jaw Worm","floor":4.0,"turns":3.0},{"damage":1.0,"enemies":"Looter","floor":5.0,"turns":4.0},{"damage":50.0,"enemies":"Gremlin Nob","floor":6.0,"turns":7.0},{"damage":2.0,"enemies":"Exordium Thugs","floor":13.0,"turns":5.0},{"damage":0.0,"enemies":"Exordium Wildlife","floor":14.0,"turns":4.0},{"damage":48.0,"enemies":"Slime Boss","floor":16.0,"turns":17.0},{"damage":12.0,"enemies":"2 Thieves","floor":18.0,"turns":4.0},{"damage":0.0,"enemies":"Shell Parasite","floor":19.0,"turns":7.0},{"damage":3.0,"enemies":"Chosen and Byrds","floor":21.0,"turns":6.0},{"damage":26.0,"enemies":"Masked Bandits","floor":22.0,"turns":5.0},{"damage":0.0,"enemies":"Centurion and Healer","floor":24.0,"turns":5.0},{"damage":12.0,"enemies":"Slavers","floor":25.0,"turns":7.0},{"damage":1.0,"enemies":"Colosseum Slavers","floor":28.0,"turns":6.0},{"damage":12.0,"enemies":"Colosseum Nobs","floor":28.0,"turns":6.0},{"damage":4.0,"enemies":"Shelled Parasite and Fungi","floor":29.0,"turns":6.0},{"damage":1.0,"enemies":"Book of Stabbing","floor":30.0,"turns":6.0},{"damage":11.0,"enemies":"Snake Plant","floor":31.0,"turns":6.0},{"damage":25.0,"enemies":"Collector","floor":33.0,"turns":14.0},{"damage":10,"enemies":"3 Darklings","floor":35,"turns":9},{"damage":0,"enemies":"3 Shapes","floor":36,"turns":4},{"damage":1,"enemies":"Writhing Mass","floor":41,"turns":9},{"damage":15,"enemies":"Maw","floor":46,"turns":7},{"damage":4,"enemies":"Nemesis","floor":48,"turns":9},{"damage":32,"enemies":"Awakened One","floor":50,"turns":18},{"damage":62,"enemies":"Shield and Spear","floor":54,"turns":12},{"damage":13,"enemies":"The Heart","floor":55,"turns":5}],"seed_played":"-2646131275485734770","potions_obtained":[{"floor":1.0,"key":"Dexterity Potion"},{"floor":4.0,"key":"SpeedPotion"},{"floor":13.0,"key":"LiquidBronze"},{"floor":16.0,"key":"Fruit Juice"},{"floor":22.0,"key":"FearPotion"},{"floor":24.0,"key":"GhostInAJar"},{"floor":28.0,"key":"EssenceOfSteel"},{"floor":29.0,"key":"Strength Potion"},{"floor":46,"key":"ColorlessPotion"}],"is_trial":false,"path_per_floor":["M","M","$","M","M","E","?","?","T","R","$","R","M","M","R","B",null,"M","M","$","M","?","R","M","E","T","R","?","M","E","M","R","B",null,"M","M","?","$","$","R","M","T","T","R","?","M","?","E","R","B",null,"R","$","E","B"],"character_chosen":"THE_SILENT","items_purchased":["Well Laid Plans","Quick Slash","Blade Dance","Anchor","Cloak And Dagger","Apotheosis","PowerPotion","Swift Potion","Malaise","BlessingOfTheForge"],"campfire_rested":7,"item_purchase_floors":[3,3,11,11,20,39,39,53,53,53],"current_hp_per_floor":[63,63,63,62,61,11,11,11,11,32,32,53,51,51,51,3,53,41,41,41,38,12,33,33,21,21,42,29,30,29,18,40,15,60,50,50,50,50,50,50,49,49,49,49,49,34,34,30,52,20,61,75,75,13,0,0],"gold":43,"neow_bonus":"ONE_RARE_RELIC","is_daily":false,"chose_seed":false,"campfire_upgraded":1,"win_rate":0.0,"timestamp":1614268245,"path_taken":["M","M","$","M","M","E","?","?","T","R","$","R","M","M","R","BOSS","M","M","$","M","?","R","M","E","T","R","?","M","E","M","R","BOSS","M","M","?","?","$","R","M","?","T","R","?","?","?","E","R","BOSS","R","$","E","BOSS"],"items_purchased_type":["Card","Card","Card","Relic","Card","Card","Potion","Potion","Card","Potion"],"build_version":"2020-12-22","purchased_purges":3,"victory":false,"max_hp_per_floor":[70,70,70,70,70,70,70,70,70,70,70,70,70,70,70,70,70,70,70,70,70,70,70,70,70,70,70,70,75,75,75,75,75,75,75,75,75,75,75,75,75,75,75,75,75,75,75,75,75,75,75,75,75,75,75,75],"relic_stats":{"Dream Catcher":7,"counters":[28,198],"obtain_stats":[{"Girya":30,"Calipers":25,"Oddly Smooth Stone":48,"Vajra":54,"Bottled Tornado":9,"Empty Cage":34,"Akabeko":43,"Old Coin":0,"Du-Vu Doll":28,"Dream Catcher":6,"Anchor":11,"CaptainsWheel":26,"WristBlade":17,"Red Mask":22,"Ring of the Snake":0},{"Girya":18,"Calipers":14,"Oddly Smooth Stone":25,"Vajra":27,"Bottled Tornado":5,"Empty Cage":20,"Akabeko":23,"Old Coin":0,"Du-Vu Doll":16,"Dream Catcher":5,"Anchor":5,"CaptainsWheel":14,"WristBlade":8,"Red Mask":12,"Ring of the Snake":0},{"Girya":105,"Calipers":81,"Oddly Smooth Stone":163,"Vajra":193,"Bottled Tornado":21,"Empty Cage":125,"Akabeko":147,"Old Coin":0,"Du-Vu Doll":93,"Dream Catcher":21,"Anchor":21,"CaptainsWheel":81,"WristBlade":47,"Red Mask":69,"Ring of the Snake":0}],"Ring of the Snake":[56]},"card_choices":[{"not_picked":["Poisoned Stab","Noxious Fumes"],"picked":"Slice","floor":1.0},{"not_picked":["Well Laid Plans","Noxious Fumes"],"picked":"Dagger Throw","floor":2.0},{"not_picked":["Dodge and Roll","Masterful Stab"],"picked":"Blur","floor":4.0},{"not_picked":["Prepared","PiercingWail"],"picked":"Footwork","floor":5.0},{"not_picked":["Skewer","Poisoned Stab"],"picked":"Acrobatics","floor":6.0},{"not_picked":["Masterful Stab","Backflip"],"picked":"Deflect","floor":10.0},{"not_picked":["Riddle With Holes","Finisher"],"picked":"All Out Attack","floor":12.0},{"not_picked":["Grand Finale","Reflex"],"picked":"Deflect","floor":13.0},{"not_picked":["Deadly Poison","Bane"],"picked":"Dodge and Roll","floor":14.0},{"not_picked":["Dodge and Roll","Deflect"],"picked":"Blade Dance","floor":18.0},{"not_picked":["Quick Slash","Sucker Punch"],"picked":"Infinite Blades","floor":19.0},{"not_picked":["Flying Knee","Riddle With Holes"],"picked":"Escape Plan","floor":21.0},{"not_picked":["Flying Knee","Prepared"],"picked":"Blade Dance+1","floor":23.0},{"not_picked":["Poisoned Stab","Bane"],"picked":"Dodge and Roll","floor":24.0},{"not_picked":["Grand Finale","Dagger Spray"],"picked":"Footwork","floor":25.0},{"not_picked":["Sucker Punch","Backflip"],"picked":"Blur","floor":27.0},{"not_picked":["Cloak And Dagger","Catalyst"],"picked":"Calculated Gamble+1","floor":29.0},{"not_picked":["Bane","Flying Knee"],"picked":"Terror","floor":30.0},{"not_picked":["Quick Slash","Flechettes"],"picked":"Outmaneuver","floor":31.0},{"not_picked":["Sucker Punch","Calculated Gamble"],"picked":"PiercingWail","floor":32.0},{"not_picked":["Grand Finale","Unload"],"picked":"A Thousand Cuts","floor":33.0},{"not_picked":["Slice+1","Dagger Throw+1"],"picked":"Flying Knee+1","floor":35},{"not_picked":["Poisoned Stab+1","Slice"],"picked":"Underhanded Strike","floor":36},{"not_picked":["Distraction","Quick Slash+1","Flying Knee"],"picked":"SKIP","floor":41},{"not_picked":["Outmaneuver+1","Slice+1"],"picked":"PiercingWail+1","floor":46},{"not_picked":["Underhanded Strike","Deflect+1"],"picked":"Footwork+1","floor":48},{"not_picked":["Masterful Stab+1","Endless Agony"],"picked":"Deflect+1","floor":49},{"not_picked":["All Out Attack","Quick Slash","Underhanded Strike+1"],"picked":"SKIP","floor":54}],"player_experience":353497,"relics_obtained":[{"floor":6.0,"key":"Dream Catcher"},{"floor":9.0,"key":"Bottled Tornado"},{"floor":22.0,"key":"Red Mask"},{"floor":25.0,"key":"Calipers"},{"floor":26.0,"key":"CaptainsWheel"},{"floor":28.0,"key":"Du-Vu Doll"},{"floor":30.0,"key":"Girya"},{"floor":43,"key":"Akabeko"},{"floor":48,"key":"Oddly Smooth Stone"},{"floor":54,"key":"Vajra"}],"event_choices":[{"damage_healed":0.0,"max_hp_gain":0.0,"max_hp_loss":0.0,"gold_gain":0.0,"event_name":"Golden Wing","player_choice":"Ignored","floor":7.0,"gold_loss":0.0,"damage_taken":0.0},{"damage_healed":0.0,"max_hp_gain":0.0,"max_hp_loss":0.0,"gold_gain":0.0,"cards_transformed":["Strike_G"],"event_name":"Living Wall","player_choice":"Change","floor":8.0,"gold_loss":0.0,"damage_taken":0.0,"cards_obtained":["Distraction"]},{"damage_healed":0.0,"max_hp_gain":0.0,"max_hp_loss":0.0,"gold_gain":0.0,"event_name":"Masked Bandits","player_choice":"Fought Bandits","floor":22.0,"gold_loss":0.0,"damage_taken":0.0},{"damage_healed":0.0,"max_hp_gain":0.0,"max_hp_loss":0.0,"gold_gain":0.0,"event_name":"Colosseum","player_choice":"Fight","floor":28.0,"gold_loss":0.0,"damage_taken":0.0},{"damage_healed":0.0,"max_hp_gain":0.0,"max_hp_loss":0.0,"gold_gain":0.0,"event_name":"Colosseum","player_choice":"Fought Nobs","floor":28.0,"gold_loss":0.0,"damage_taken":0.0},{"damage_healed":0,"gold_gain":0,"player_choice":"Upgraded","damage_taken":0,"max_hp_gain":0,"max_hp_loss":0,"event_name":"Upgrade Shrine","floor":37,"gold_loss":0,"cards_upgraded":["Footwork"]},{"damage_healed":0,"gold_gain":0,"player_choice":"Ignored","damage_taken":0,"max_hp_gain":0,"max_hp_loss":0,"event_name":"Mysterious Sphere","floor":45,"gold_loss":0},{"cards_removed":["Defend_G"],"damage_healed":0,"gold_gain":0,"player_choice":"Card Removal","damage_taken":0,"max_hp_gain":0,"max_hp_loss":0,"event_name":"Wheel of Change","floor":47,"gold_loss":0}],"is_beta":false,"boss_relics":[{"not_picked":["Busted Crown","Astrolabe"],"picked":"WristBlade"},{"not_picked":["SacredBark","Coffee Dripper"],"picked":"Empty Cage"}],"items_purged_floors":[3,38,39],"is_endless":false,"potions_floor_spawned":[1,4,13,16,22,24,25,28,28,29,46],"killed_by":"The Heart","ascension_level":9}}