{"host":"5h6e4l6hpn0p5lap","time":1614215928,"event":{"mods":["AchievementEnabler","BaseMod","Better Altar","Better Match","Better Sensory Stone","Better Skull","Better Third Choice","Colored Map","Filter the Spire","Minty Spire (QoL Compilation)","StSLib"],"gold_per_floor":[109,109,128,128,147,147,180,194,194,21,49,11,23,23,23,118,118,118],"floor_reached":17,"language":"ENG","playtime":454,"items_purged":["Strike_B"],"score":248,"play_id":"3ff0b379-62d4-41ea-98d8-3ddff4e73d43","local_time":"20210224201848","is_ascension_mode":true,"campfire_choices":[{"data":"Ball Lightning","floor":6,"key":"SMITH"},{"floor":15,"key":"REST"}],"circlet_count":0,"master_deck":["AscendersBane","Strike_B","Strike_B","Strike_B","Defend_B","Defend_B","Defend_B","Defend_B","Zap","Dualcast","Hyperbeam+1","Coolheaded","Leap","Ball Lightning+1","Beam Cell","Aggregate","BootSequence","Cold Snap","Skim","Biased Cognition"],"relics":["Cracked Core","Cables","Ornamental Fan","Membership Card","Meat on the Bone","Sozu"],"acts_visited":["Exordium","TheCity"],"potions_floor_usage":[7,11,16,16],"damage_taken":[{"damage":0,"enemies":"Small Slimes","floor":1,"turns":2},{"damage":0,"enemies":"Jaw Worm","floor":3,"turns":2},{"damage":1,"enemies":"2 Louse","floor":5,"turns":3},{"damage":16,"enemies":"Lagavulin","floor":7,"turns":5},{"damage":3,"enemies":"Exordium Thugs","floor":8,"turns":2},{"damage":12,"enemies":"Gremlin Nob","floor":11,"turns":3},{"damage":0,"enemies":"Red Slaver","floor":13,"turns":3},{"damage":44,"enemies":"The Guardian","floor":16,"turns":14}],"seed_played":"-7032101587481238135","potions_obtained":[{"floor":5,"key":"Fire Potion"},{"floor":8,"key":"FocusPotion"},{"floor":14,"key":"AttackPotion"},{"floor":14,"key":"BlessingOfTheForge"},{"floor":14,"key":"EssenceOfDarkness"},{"floor":16,"key":"DuplicationPotion"}],"is_trial":false,"path_per_floor":["M","?","M","?","M","R","E","M","T","$","E","$","M","?","R","B",null],"character_chosen":"DEFECT","items_purchased":["Membership Card","BootSequence"],"campfire_rested":1,"item_purchase_floors":[10,10],"current_hp_per_floor":[68,68,68,73,72,72,56,53,53,53,41,41,41,41,62,30,62,62],"gold":118,"neow_bonus":"THREE_RARE_CARDS","is_daily":false,"chose_seed":false,"campfire_upgraded":1,"win_rate":0.0,"timestamp":1614215928,"path_taken":["M","?","M","?","M","R","E","M","T","$","E","?","M","?","R","BOSS"],"items_purchased_type":["Relic","Card"],"build_version":"2020-12-22","purchased_purges":1,"victory":false,"max_hp_per_floor":[68,68,68,73,73,73,73,73,73,73,73,73,73,73,73,73,73,73],"card_choices":[{"not_picked":["Meteor Strike","Machine Learning"],"picked":"Hyperbeam","floor":0},{"not_picked":["Redo","Stack"],"picked":"Coolheaded","floor":1},{"not_picked":["Barrage","Steam"],"picked":"Leap","floor":3},{"not_picked":["Sweeping Beam","Cold Snap"],"picked":"Ball Lightning","floor":5},{"not_picked":["Double Energy","Turbo"],"picked":"Beam Cell","floor":7},{"not_picked":["Echo Form","Go for the Eyes"],"picked":"Aggregate","floor":8},{"not_picked":["Coolheaded","Gash"],"picked":"Cold Snap","floor":11},{"not_picked":["Loop","Static Discharge"],"picked":"Skim","floor":13},{"not_picked":["Echo Form","Hyperbeam"],"picked":"Biased Cognition","floor":16}],"player_experience":1175441,"relics_obtained":[{"floor":7,"key":"Cables"},{"floor":9,"key":"Ornamental Fan"},{"floor":11,"key":"Meat on the Bone"}],"event_choices":[{"damage_healed":0,"gold_gain":0,"player_choice":"Grow","damage_taken":0,"max_hp_gain":0,"max_hp_loss":0,"event_name":"Living Wall","floor":2,"gold_loss":0,"cards_upgraded":["Hyperbeam"]},{"damage_healed":0,"gold_gain":0,"player_choice":"Donut","damage_taken":0,"max_hp_gain":5,"max_hp_loss":0,"event_name":"Big Fish","floor":4,"gold_loss":0},{"damage_healed":0,"gold_gain":0,"player_choice":"Got Potions","damage_taken":0,"max_hp_gain":0,"max_hp_loss":0,"event_name":"Lab","floor":14,"gold_loss":0}],"is_beta":false,"boss_relics":[{"not_picked":["Philosopher\u0027s Stone","SacredBark"],"picked":"Sozu"}],"items_purged_floors":[12],"is_endless":false,"potions_floor_spawned":[5,8,16],"ascension_level":10}}