{"host":"6ggzka4dag2kvku2","time":1614244051,"event":{"mods":["AchievementEnabler","BaseMod","DeckTracker","Minty Spire (QoL Compilation)","Permanent Neow","Quick Restart","SuperFastMode"],"gold_per_floor":[118,6,25,36,36,71,71,71,71,82,92,102,102,102],"floor_reached":13,"language":"KOR","playtime":365,"items_purged":["Doubt"],"score":87,"play_id":"f4e50779-00fd-4276-b9fd-0d59a4df5583","local_time":"20210225180731","is_ascension_mode":false,"campfire_choices":[{"data":"Body Slam","floor":7,"key":"SMITH"}],"circlet_count":0,"master_deck":["Strike_R","Strike_R","Strike_R","Strike_R+1","Defend_R","Defend_R","Defend_R","Defend_R","Bash","Ghostly Armor+1","Evolve","Thunderclap","Body Slam+1","Exhume","Flame Barrier","Warcry","Shrug It Off"],"relics":["Burning Blood","Calipers","Question Card","Kunai"],"acts_visited":["Exordium"],"potions_floor_usage":[13,13],"damage_taken":[{"damage":0,"enemies":"Small Slimes","floor":1,"turns":3},{"damage":15,"enemies":"Jaw Worm","floor":3,"turns":4},{"damage":2,"enemies":"2 Louse","floor":4,"turns":3},{"damage":33,"enemies":"3 Sentries","floor":6,"turns":10},{"damage":7,"enemies":"2 Fungi Beasts","floor":10,"turns":5},{"damage":0,"enemies":"Exordium Thugs","floor":11,"turns":5},{"damage":16,"enemies":"Exordium Wildlife","floor":12,"turns":8},{"damage":26,"enemies":"Gremlin Nob","floor":13,"turns":3}],"seed_played":"-5022632011256078351","potions_obtained":[{"floor":1,"key":"ElixirPotion"},{"floor":6,"key":"AttackPotion"},{"floor":11,"key":"Strength Potion"}],"is_trial":false,"path_per_floor":["M","$","M","M","?","E","R","?","T","M","M","M","E"],"character_chosen":"IRONCLAD","items_purchased":["Evolve"],"campfire_rested":0,"item_purchase_floors":[2],"current_hp_per_floor":[80,80,71,75,68,41,41,25,25,24,30,20,0,0],"gold":102,"neow_bonus":"ONE_RARE_RELIC","is_daily":false,"chose_seed":false,"campfire_upgraded":1,"win_rate":0.0,"timestamp":1614244051,"path_taken":["M","$","M","M","?","E","R","?","T","M","M","M","E"],"items_purchased_type":["Card"],"build_version":"2020-12-22","purchased_purges":1,"victory":false,"max_hp_per_floor":[80,80,80,80,80,80,80,80,80,80,80,80,80,80],"card_choices":[{"not_picked":["Havoc","Iron Wave"],"picked":"Ghostly Armor","floor":1},{"not_picked":["Metallicize","Fire Breathing"],"picked":"Thunderclap","floor":3},{"not_picked":["Pommel Strike","True Grit"],"picked":"Body Slam","floor":4},{"not_picked":["Heavy Blade","Carnage"],"picked":"Exhume","floor":6},{"not_picked":["Fire Breathing","Wild Strike","Cleave"],"picked":"Flame Barrier","floor":10},{"not_picked":["Headbutt","Flex","Shockwave"],"picked":"Warcry","floor":11},{"not_picked":["Seeing Red","Dark Embrace","Burning Pact"],"picked":"Shrug It Off","floor":12}],"player_experience":158804,"relics_obtained":[{"floor":6,"key":"Question Card"},{"floor":9,"key":"Kunai"}],"event_choices":[{"cards_removed":["Strike_R"],"damage_healed":0,"gold_gain":0,"player_choice":"Card Removal","damage_taken":7,"max_hp_gain":0,"max_hp_loss":0,"event_name":"Golden Wing","floor":5,"gold_loss":0},{"damage_healed":0,"gold_gain":0,"player_choice":"Entered Light","damage_taken":16,"max_hp_gain":0,"max_hp_loss":0,"event_name":"Shining Light","floor":8,"gold_loss":0,"cards_upgraded":["Ghostly Armor","Strike_R"]}],"is_beta":false,"boss_relics":[],"items_purged_floors":[2],"is_endless":false,"potions_floor_spawned":[1,6,11,12],"killed_by":"Gremlin Nob","ascension_level":0}}