{"host":"o88u0awh8mkwl1l8","time":1614236898,"event":{"mods":["BaseMod","Colored Map","Highlight Path","Minty Spire (QoL Compilation)","Relic Sorter"],"gold_per_floor":[150,203,236,270,327,327,357,357,411,411,411,447,200,265,265,361,361,406,421,321,366,34,34,70,70,141,193,209,209,209,237,237,314,314,314,314],"floor_reached":35,"language":"JPN","playtime":1869,"items_purged":["Strike_P","Strike_P","Defend_P"],"score":848,"play_id":"fc9435fd-83dd-4708-bb39-919f1a2fa450","local_time":"20210225160818","is_ascension_mode":true,"campfire_choices":[{"data":"HandOfGreed","floor":6.0,"key":"SMITH"},{"data":"Eruption","floor":8.0,"key":"SMITH"},{"data":"Tantrum","floor":11.0,"key":"SMITH"},{"floor":15.0,"key":"REST"},{"floor":23.0,"key":"REST"},{"floor":25.0,"key":"REST"},{"floor":29.0,"key":"REST"},{"floor":32.0,"key":"REST"}],"circlet_count":0,"master_deck":["AscendersBane","Strike_P+1","Strike_P+1","Defend_P","Defend_P","Defend_P","Eruption+1","Vigilance","HandOfGreed+1","Tantrum+1","InnerPeace","Consecrate","Halt","CutThroughFate","Tantrum+1","ReachHeaven","Blasphemy","DeceiveReality+1","BowlingBash","EmptyBody","EmptyBody","Conclude","Trip","Halt+1","Indignation","Scrawl","DeusExMachina"],"relics":["PureWater","Ornamental Fan","Toy Ornithopter","Whetstone","DollysMirror","Sozu","Membership Card","TeardropLocket","Akabeko","VioletLotus"],"acts_visited":["Exordium","TheCity","TheBeyond"],"potions_floor_usage":[],"damage_taken":[{"damage":0.0,"enemies":"2 Louse","floor":1.0,"turns":4.0},{"damage":2.0,"enemies":"Small Slimes","floor":2.0,"turns":5.0},{"damage":0.0,"enemies":"Cultist","floor":3.0,"turns":3.0},{"damage":1.0,"enemies":"Red Slaver","floor":4.0,"turns":2.0},{"damage":1.0,"enemies":"3 Louse","floor":5.0,"turns":4.0},{"damage":0.0,"enemies":"Lagavulin","floor":7.0,"turns":4.0},{"damage":18.0,"enemies":"Gremlin Gang","floor":12.0,"turns":4.0},{"damage":12.0,"enemies":"Lots of Slimes","floor":14.0,"turns":7.0},{"damage":16.0,"enemies":"Hexaghost","floor":16.0,"turns":7.0},{"damage":7.0,"enemies":"3 Byrds","floor":18.0,"turns":4.0},{"damage":21.0,"enemies":"Shell Parasite","floor":19.0,"turns":3.0},{"damage":27.0,"enemies":"Centurion and Healer","floor":21.0,"turns":3.0},{"damage":19.0,"enemies":"Snake Plant","floor":24.0,"turns":3.0},{"damage":11.0,"enemies":"Slavers","floor":27.0,"turns":4.0},{"damage":0.0,"enemies":"Snecko","floor":28.0,"turns":2.0},{"damage":16.0,"enemies":"Book of Stabbing","floor":31.0,"turns":4.0},{"damage":31.0,"enemies":"Automaton","floor":33.0,"turns":8.0},{"damage":0,"enemies":"3 Shapes","floor":35,"turns":1}],"seed_played":"-660779505085394143","potions_obtained":[{"floor":4.0,"key":"SteroidPotion"},{"floor":7.0,"key":"Ambrosia"},{"floor":12.0,"key":"DistilledChaos"},{"floor":16.0,"key":"Dexterity Potion"}],"is_trial":false,"path_per_floor":["M","M","M","M","M","R","E","R","T","?","R","M","$","M","R","B",null,"M","M","$","M","$","R","M","R","T","E","M","R","?","E","R","B",null,"M"],"character_chosen":"WATCHER","items_purchased":["DollysMirror","Membership Card","EmptyBody","Conclude","Trip"],"campfire_rested":5,"item_purchase_floors":[13,22,22,22,22],"current_hp_per_floor":[43,41,41,40,39,39,39,39,39,39,39,21,21,9,29,18,56,49,28,28,1,1,21,2,22,22,11,11,31,31,15,35,9,53,53,53],"gold":314,"neow_bonus":"RANDOM_COLORLESS_2","is_daily":false,"chose_seed":false,"campfire_upgraded":3,"win_rate":0.0,"timestamp":1614236898,"path_taken":["M","M","M","M","M","R","E","R","T","?","R","M","$","M","R","BOSS","M","M","$","M","$","R","M","R","T","E","M","R","?","E","R","BOSS","M"],"items_purchased_type":["Relic","Relic","Card","Card","Card"],"build_version":"2020-12-22","purchased_purges":3,"victory":false,"max_hp_per_floor":[68,68,68,68,68,68,68,68,68,68,68,68,68,68,68,68,68,68,68,68,68,68,68,68,68,68,68,68,68,68,68,68,68,68,68,68],"card_choices":[{"not_picked":["Mayhem","Secret Weapon"],"picked":"HandOfGreed","floor":0.0},{"not_picked":["Meditate","Consecrate"],"picked":"Tantrum","floor":1.0},{"not_picked":["JustLucky","Collect"],"picked":"InnerPeace","floor":2.0},{"not_picked":["EmptyFist","Crescendo"],"picked":"Consecrate","floor":3.0},{"not_picked":["Halt","Sanctity","EmptyBody"],"picked":"SKIP","floor":4.0},{"not_picked":["ReachHeaven","ClearTheMind"],"picked":"Halt","floor":5.0},{"not_picked":["Study","Consecrate","FollowUp"],"picked":"SKIP","floor":7.0},{"not_picked":["Protect","WaveOfTheHand"],"picked":"CutThroughFate","floor":12.0},{"not_picked":["Consecrate","CutThroughFate"],"picked":"ReachHeaven","floor":14.0},{"not_picked":["Establishment","Brilliance"],"picked":"Blasphemy","floor":16.0},{"not_picked":["WindmillStrike","Protect"],"picked":"DeceiveReality+1","floor":18.0},{"not_picked":["SandsOfTime","Consecrate"],"picked":"BowlingBash","floor":19.0},{"not_picked":["ClearTheMind","Halt"],"picked":"EmptyBody","floor":21.0},{"not_picked":["WindmillStrike","Crescendo"],"picked":"Halt+1","floor":24.0},{"not_picked":["FollowUp","WaveOfTheHand","EmptyFist"],"picked":"SKIP","floor":27.0},{"not_picked":["BowlingBash","EmptyBody"],"picked":"Indignation","floor":28.0},{"not_picked":["Collect","Weave"],"picked":"DeusExMachina","floor":31.0}],"player_experience":1347639,"relics_obtained":[{"floor":7.0,"key":"Toy Ornithopter"},{"floor":9.0,"key":"Whetstone"},{"floor":26.0,"key":"Ornamental Fan"},{"floor":27.0,"key":"TeardropLocket"},{"floor":31.0,"key":"Akabeko"}],"event_choices":[{"damage_healed":0.0,"max_hp_gain":0.0,"max_hp_loss":0.0,"gold_gain":0.0,"event_name":"Golden Idol","player_choice":"Ignored","floor":10.0,"gold_loss":0.0,"damage_taken":0.0},{"damage_healed":0.0,"max_hp_gain":0.0,"max_hp_loss":0.0,"gold_gain":0.0,"event_name":"The Library","player_choice":"Read","floor":30.0,"gold_loss":0.0,"damage_taken":0.0,"cards_obtained":["Scrawl"]}],"is_beta":false,"boss_relics":[{"not_picked":["Coffee Dripper","SlaversCollar"],"picked":"Sozu"},{"not_picked":["Runic Pyramid","Velvet Choker"],"picked":"VioletLotus"}],"items_purged_floors":[13,20,22],"is_endless":false,"potions_floor_spawned":[4,7,12,14,16,21,24,27,28],"killed_by":"3 Shapes","ascension_level":20}}