{"host":"Krakhan","time":1614229566,"event":{"mods":["AchievementEnabler","BaseMod","Colored Map","Colored Powertips","Highlight Path","Minty Spire (QoL Compilation)","Rare Cards Sparkle","Relic Stats","StSLib"],"gold_per_floor":[369,379,399,0,0,34,34,34,34,34,62,62,12,45,45,119,119,135,161,8,24,24,50,64,64,144,164,182,215,215,227,227,301,301,314,339,350,310,326,343,378,378,378,397,410,254,268,294,294,294,294,294],"floor_reached":51,"language":"ENG","playtime":4732,"items_purged":["Strike_G","Pain","Shame","Strike_G"],"score":1484,"play_id":"b00843fb-30ed-4b3e-a672-d0e4269225bb","local_time":"20210225000606","is_ascension_mode":true,"campfire_choices":[{"data":"Noxious Fumes","floor":8.0,"key":"SMITH"},{"floor":10.0,"key":"REST"},{"floor":12.0,"key":"REST"},{"data":"Bouncing Flask","floor":15.0,"key":"SMITH"},{"data":"Footwork","floor":25.0,"key":"SMITH"},{"data":"Well Laid Plans","floor":30.0,"key":"SMITH"},{"data":"Leg Sweep","floor":32.0,"key":"SMITH"},{"floor":42.0,"key":"RECALL"},{"floor":49.0,"key":"REST"}],"circlet_count":0,"master_deck":["AscendersBane","Defend_G","Defend_G","Defend_G","Defend_G","Defend_G","Survivor","Neutralize","Bane","Envenom","Deadly Poison","Dagger Spray","Bouncing Flask+1","Noxious Fumes+1","Dagger Spray","Deflect+1","Wraith Form v2+1","Well Laid Plans+1","Predator","PiercingWail","Footwork+1","Backflip","Leg Sweep+1","Riddle With Holes","Burst+1","Underhanded Strike+1","Phantasmal Killer+1","Wraith Form v2+1","Well Laid Plans+1","Flechettes+1","Crippling Poison","Footwork+1","Footwork+1"],"relics":["Ring of the Snake","Membership Card","Bag of Preparation","WarpedTongs","Bag of Marbles","Question Card","HornCleat","Mango","Snecko Eye","Centennial Puzzle","Snake Skull","Frozen Egg 2","Happy Flower","Astrolabe","Du-Vu Doll","War Paint","TwistedFunnel","Kunai"],"acts_visited":["Exordium","TheCity","TheBeyond"],"potions_floor_usage":[51],"damage_taken":[{"damage":6.0,"enemies":"Jaw Worm","floor":1.0,"turns":6.0},{"damage":4.0,"enemies":"Cultist","floor":2.0,"turns":5.0},{"damage":1.0,"enemies":"2 Louse","floor":3.0,"turns":3.0},{"damage":13.0,"enemies":"Lagavulin","floor":6.0,"turns":4.0},{"damage":34.0,"enemies":"Gremlin Nob","floor":11.0,"turns":4.0},{"damage":14.0,"enemies":"Lagavulin","floor":14.0,"turns":6.0},{"damage":8.0,"enemies":"Hexaghost","floor":16.0,"turns":7.0},{"damage":0.0,"enemies":"Chosen","floor":18.0,"turns":3.0},{"damage":1.0,"enemies":"3 Byrds","floor":21.0,"turns":5.0},{"damage":4.0,"enemies":"Book of Stabbing","floor":23.0,"turns":5.0},{"damage":1.0,"enemies":"Centurion and Healer","floor":24.0,"turns":4.0},{"damage":0.0,"enemies":"Snake Plant","floor":27.0,"turns":3.0},{"damage":2.0,"enemies":"3 Cultists","floor":28.0,"turns":5.0},{"damage":5.0,"enemies":"Slavers","floor":29.0,"turns":5.0},{"damage":0.0,"enemies":"Centurion and Healer","floor":31.0,"turns":7.0},{"damage":16.0,"enemies":"Collector","floor":33.0,"turns":9.0},{"damage":3.0,"enemies":"3 Shapes","floor":35.0,"turns":4.0},{"damage":1.0,"enemies":"Mind Bloom Boss Battle","floor":36.0,"turns":6.0},{"damage":1.0,"enemies":"Orb Walker","floor":37.0,"turns":3.0},{"damage":1.0,"enemies":"4 Shapes","floor":39.0,"turns":4.0},{"damage":0.0,"enemies":"Maw","floor":40.0,"turns":8.0},{"damage":2.0,"enemies":"Giant Head","floor":41.0,"turns":7.0},{"damage":0.0,"enemies":"Transient","floor":44.0,"turns":6.0},{"damage":0.0,"enemies":"3 Darklings","floor":45.0,"turns":4.0},{"damage":1.0,"enemies":"Jaw Worm Horde","floor":47.0,"turns":5.0},{"damage":1.0,"enemies":"Reptomancer","floor":48.0,"turns":5.0},{"damage":73,"enemies":"Awakened One","floor":50,"turns":16},{"damage":24,"enemies":"Donu and Deca","floor":51,"turns":7}],"seed_played":"-8131002275347157605","potions_obtained":[{"floor":1.0,"key":"Swift Potion"},{"floor":6.0,"key":"EntropicBrew"},{"floor":14.0,"key":"Swift Potion"},{"floor":16.0,"key":"Regen Potion"},{"floor":31.0,"key":"EntropicBrew"},{"floor":35.0,"key":"SpeedPotion"},{"floor":38.0,"key":"GamblersBrew"}],"is_trial":false,"path_per_floor":["M","M","M","$","?","E","$","R","T","R","E","R","$","E","R","B",null,"M","T","$","M","?","E","M","R","T","M","M","E","R","M","R","B",null,"M","?","M","?","M","M","E","R","T","M","M","$","M","E","R","B","B"],"character_chosen":"THE_SILENT","items_purchased":["Membership Card","Dagger Spray","Bouncing Flask","Bag of Preparation","Noxious Fumes","CunningPotion","Well Laid Plans","Predator","PiercingWail","TwistedFunnel"],"campfire_rested":3,"item_purchase_floors":[4,4,4,4,4,4,20,20,20,46],"current_hp_per_floor":[53,49,48,48,48,35,35,35,35,54,20,39,39,39,39,31,68,68,68,68,67,67,63,62,62,62,62,60,70,70,70,70,54,74,71,70,69,69,68,68,66,66,66,66,66,66,65,64,80,7,0,0],"gold":294,"neow_bonus":"TWO_FIFTY_GOLD","is_daily":false,"chose_seed":false,"campfire_upgraded":5,"win_rate":0.0,"timestamp":1614229566,"path_taken":["M","M","M","$","?","E","$","R","T","R","E","R","?","E","R","BOSS","M","?","$","M","?","E","M","R","T","M","?","E","R","?","R","BOSS","M","?","M","?","M","M","E","R","T","M","?","?","M","E","R","BOSS","BOSS"],"items_purchased_type":["Relic","Card","Card","Relic","Card","Potion","Card","Card","Card","Relic"],"build_version":"2020-12-18","purchased_purges":4,"victory":false,"max_hp_per_floor":[66,66,66,66,66,66,66,66,66,66,66,66,66,80,80,80,80,80,80,80,80,80,80,80,80,80,80,80,80,80,80,80,80,80,80,80,80,80,80,80,80,80,80,80,80,80,80,80,80,80,80,80],"relic_stats":{"Happy Flower":[30],"counters":[28,156],"Astrolabe":["Underhanded Strike","Phantasmal Killer","Wraith Form v2"],"Snake Skull":[392],"Bag of Preparation":[29],"War Paint":["Burst","Deflect"],"Question Card":22,"WarpedTongs":[140],"Centennial Puzzle":[45],"Snecko Eye":[228,241,232,233],"Kunai":[1],"obtain_stats":[{"TwistedFunnel":46,"Happy Flower":29,"Astrolabe":34,"Mango":14,"Snake Skull":23,"Bag of Preparation":4,"Frozen Egg 2":26,"War Paint":41,"Question Card":9,"WarpedTongs":5,"Du-Vu Doll":36,"Centennial Puzzle":19,"HornCleat":11,"Snecko Eye":17,"Bag of Marbles":6,"Membership Card":4,"Kunai":48,"Ring of the Snake":0},{"TwistedFunnel":24,"Happy Flower":14,"Astrolabe":16,"Mango":6,"Snake Skull":10,"Bag of Preparation":3,"Frozen Egg 2":11,"War Paint":22,"Question Card":4,"WarpedTongs":3,"Du-Vu Doll":18,"Centennial Puzzle":8,"HornCleat":5,"Snecko Eye":7,"Bag of Marbles":4,"Membership Card":3,"Kunai":26,"Ring of the Snake":0},{"TwistedFunnel":123,"Happy Flower":65,"Astrolabe":81,"Mango":28,"Snake Skull":48,"Bag of Preparation":14,"Frozen Egg 2":52,"War Paint":113,"Question Card":18,"WarpedTongs":14,"Du-Vu Doll":91,"Centennial Puzzle":38,"HornCleat":22,"Snecko Eye":35,"Bag of Marbles":18,"Membership Card":14,"Kunai":133,"Ring of the Snake":0}],"Ring of the Snake":[56]},"card_choices":[{"not_picked":["Slice","Prepared"],"picked":"Bane","floor":1.0},{"not_picked":["Caltrops","Flying Knee"],"picked":"Envenom","floor":2.0},{"not_picked":["Dagger Throw","Cloak And Dagger"],"picked":"Deadly Poison","floor":3.0},{"not_picked":["Prepared","Finisher","Terror"],"picked":"SKIP","floor":6.0},{"not_picked":["Dagger Throw","Slice","Deadly Poison"],"picked":"Dagger Spray","floor":11.0},{"not_picked":["Sucker Punch","Poisoned Stab","Backstab"],"picked":"Deflect","floor":14.0},{"not_picked":["Doppelganger","Venomology","Burst"],"picked":"Wraith Form v2","floor":16.0},{"not_picked":["Sucker Punch","Blade Dance","Slice+1","Infinite Blades"],"picked":"SKIP","floor":18.0},{"not_picked":["Blade Dance","Deadly Poison","Flying Knee","Bane"],"picked":"SKIP","floor":21.0},{"not_picked":["Calculated Gamble","Blade Dance","Distraction","Dagger Throw"],"picked":"SKIP","floor":23.0},{"not_picked":["Prepared","Choke","Deadly Poison"],"picked":"Footwork","floor":24.0},{"not_picked":["Outmaneuver","Bane","Acrobatics","Deadly Poison"],"picked":"SKIP","floor":27.0},{"not_picked":["Grand Finale","Prepared","Flying Knee"],"picked":"Backflip","floor":28.0},{"not_picked":["Slice+1","Dagger Spray+1","Deflect"],"picked":"Leg Sweep","floor":29.0},{"not_picked":["Sucker Punch","Terror","Caltrops+1"],"picked":"Riddle With Holes","floor":31.0},{"not_picked":["Storm of Steel","Corpse Explosion","Adrenaline"],"picked":"Burst","floor":33.0},{"not_picked":["Poisoned Stab","Dagger Throw","Terror","Slice+1"],"picked":"SKIP","floor":35.0},{"not_picked":["Quick Slash","Escape Plan","Distraction"],"picked":"Well Laid Plans+1","floor":36.0},{"not_picked":["Predator+1","Blur","Calculated Gamble"],"picked":"Flechettes+1","floor":37.0},{"not_picked":["Slice","Underhanded Strike","Setup+1","Flying Knee"],"picked":"SKIP","floor":39.0},{"not_picked":["Endless Agony","Deadly Poison","Cloak And Dagger"],"picked":"Crippling Poison","floor":40.0},{"not_picked":["Expertise","Bane","Underhanded Strike","Acrobatics"],"picked":"SKIP","floor":41.0},{"not_picked":["Acrobatics+1","Cloak And Dagger","Heel Hook","Choke+1"],"picked":"SKIP","floor":44.0},{"not_picked":["Dagger Spray","Dodge and Roll","Reflex","Underhanded Strike"],"picked":"SKIP","floor":45.0},{"not_picked":["Quick Slash","Endless Agony+1","Terror"],"picked":"Footwork+1","floor":47.0},{"not_picked":["Endless Agony+1","Cloak And Dagger","Noxious Fumes+1"],"picked":"Footwork+1","floor":48.0}],"player_experience":1404848,"relics_obtained":[{"floor":6.0,"key":"Bag of Marbles"},{"floor":9.0,"key":"Question Card"},{"floor":11.0,"key":"HornCleat"},{"floor":14.0,"key":"Mango"},{"floor":19.0,"key":"Centennial Puzzle"},{"floor":23.0,"key":"Snake Skull"},{"floor":26.0,"key":"Frozen Egg 2"},{"floor":29.0,"key":"Happy Flower"},{"floor":36.0,"key":"Du-Vu Doll"},{"floor":41.0,"key":"War Paint"},{"floor":48.0,"key":"Kunai"}],"event_choices":[{"damage_healed":0.0,"max_hp_gain":0.0,"max_hp_loss":0.0,"gold_gain":0.0,"event_name":"Accursed Blacksmith","player_choice":"Rummage","floor":5.0,"gold_loss":0.0,"damage_taken":0.0,"relics_obtained":["WarpedTongs"],"cards_obtained":["Pain"]},{"damage_healed":0.0,"max_hp_gain":0.0,"max_hp_loss":0.0,"gold_gain":0.0,"event_name":"Upgrade Shrine","player_choice":"Upgraded","floor":22.0,"gold_loss":0.0,"damage_taken":0.0,"cards_upgraded":["Wraith Form v2"]},{"damage_healed":0.0,"max_hp_gain":0.0,"max_hp_loss":0.0,"gold_gain":0.0,"event_name":"MindBloom","player_choice":"Fight","floor":36.0,"gold_loss":0.0,"damage_taken":0.0},{"damage_healed":0.0,"max_hp_gain":0.0,"max_hp_loss":0.0,"gold_gain":0.0,"event_name":"The Woman in Blue","player_choice":"Bought 3 Potions","floor":38.0,"gold_loss":0.0,"damage_taken":0.0}],"is_beta":true,"boss_relics":[{"not_picked":["Cursed Key","Black Star"],"picked":"Snecko Eye"},{"not_picked":["Tiny House","HoveringKite"],"picked":"Astrolabe"}],"items_purged_floors":[4,13,20,46],"is_endless":false,"potions_floor_spawned":[1,6,14,16,27,31,35,44,47,48],"killed_by":"Donu and Deca","ascension_level":20}}