{"host":"gbbz8f5svnnpwo8d","time":1614229591,"event":{"mods":["AchievementEnabler","AlwaysNeverKeys","BaseMod","Bestiary","Better Altar","Better Match","Better Note","Better Sensory Stone","Better Silent Start","Better Skull","Better Third Choice","Better Vampires","Better-Laid Plans","BetterRewards","Block Reminder","Bossed Relics","Colored Map","Colored Powertips","Curses Come First","Dark Map","Displayed Cursed Tome","GifTheSpireLib","Minty Spire (QoL Compilation)","MonsterHotkey","Permanent Neow","Potion Indicator Mod","Quick Restart","Random Character Button","Rare Cards Sparkle","Relic Stats","Shop Mod","Spicy Shops","Spire Birthday Party","StSLib","Transform Curses"],"gold_per_floor":[111,111,83,83,99,99,74,174,198,198,210,227,150,179,179,293,293,316,327,346,375,114,156,171,171,171,180,180,214,214,236,236,345,345,373,373,391,59,96,96,124,124,205,205,228,20,20,44,44,44,44],"floor_reached":50,"language":"ENG","playtime":13248,"items_purged":["Strike_P","Strike_P"],"score":802,"play_id":"a25570ef-c401-410a-8325-d07d62fecc96","local_time":"20210224220630","is_ascension_mode":false,"campfire_choices":[{"floor":6.0,"key":"REST"},{"data":"ForeignInfluence","floor":10.0,"key":"SMITH"},{"data":"WreathOfFlame","floor":15.0,"key":"SMITH"},{"data":"Ragnarok","floor":28.0,"key":"SMITH"},{"data":"Swivel","floor":32.0,"key":"SMITH"},{"data":"Meditate","floor":40.0,"key":"SMITH"},{"data":"Establishment","floor":42,"key":"SMITH"},{"data":"Trip","floor":44,"key":"SMITH"},{"data":"CutThroughFate","floor":49,"key":"SMITH"}],"circlet_count":0,"master_deck":["Strike_P","Strike_P","Defend_P","Defend_P","Defend_P","Defend_P","Eruption+1","Vigilance","Flash of Steel","Consecrate","Endless Agony","Protect","ForeignInfluence+1","Tantrum","Doubt","WreathOfFlame+1","Adaptation","FollowUp","Ragnarok+1","InnerPeace","CutThroughFate+1","CrushJoints+1","BowlingBash+1","WreathOfFlame+1","Swivel+1","FollowUp","Ragnarok+1","MentalFortress+1","Establishment+1","Protect","Wallop","Trip+1","Parasite","Meditate+1","WreathOfFlame+1","MentalFortress+1","Protect"],"relics":["HolyWater","Ginger","MerchantsRug","PreservedInsect","Bag of Marbles","Gremlin Horn","Regal Pillow","Lantern","CeramicFish","Membership Card","Pantograph","MealTicket","Eternal Feather","SacredBark","Bottled Tornado","Vajra","Yang","White Beast Statue","TeardropLocket"],"acts_visited":["Exordium","TheCity","TheBeyond"],"potions_floor_usage":[45,50],"damage_taken":[{"damage":0.0,"enemies":"Cultist","floor":1.0,"turns":2.0},{"damage":0.0,"enemies":"Jaw Worm","floor":5.0,"turns":1.0},{"damage":0.0,"enemies":"Small Slimes","floor":11.0,"turns":1.0},{"damage":0.0,"enemies":"Exordium Wildlife","floor":12.0,"turns":3.0},{"damage":8.0,"enemies":"Large Slime","floor":14.0,"turns":3.0},{"damage":0.0,"enemies":"Slime Boss","floor":16.0,"turns":4.0},{"damage":0.0,"enemies":"Spheric Guardian","floor":18.0,"turns":3.0},{"damage":0.0,"enemies":"Chosen","floor":19.0,"turns":2.0},{"damage":0.0,"enemies":"Snecko","floor":20.0,"turns":2.0},{"damage":0.0,"enemies":"Snake Plant","floor":21.0,"turns":2.0},{"damage":13.0,"enemies":"Book of Stabbing","floor":23.0,"turns":3.0},{"damage":0.0,"enemies":"Centurion and Healer","floor":24.0,"turns":3.0},{"damage":0.0,"enemies":"Slavers","floor":29.0,"turns":1.0},{"damage":1.0,"enemies":"Shelled Parasite and Fungi","floor":31.0,"turns":2.0},{"damage":12.0,"enemies":"Automaton","floor":33.0,"turns":6.0},{"damage":7.0,"enemies":"3 Shapes","floor":35.0,"turns":1.0},{"damage":14.0,"enemies":"3 Darklings","floor":37.0,"turns":3.0},{"damage":0.0,"enemies":"Writhing Mass","floor":39.0,"turns":4.0},{"damage":0,"enemies":"Reptomancer","floor":41,"turns":2},{"damage":4,"enemies":"Maw","floor":45,"turns":3},{"damage":0,"enemies":"Jaw Worm Horde","floor":48,"turns":2},{"damage":198,"enemies":"Awakened One","floor":50,"turns":7}],"seed_played":"-5469645091099682179","potions_obtained":[{"floor":14.0,"key":"FairyPotion"},{"floor":16.0,"key":"ColorlessPotion"},{"floor":19.0,"key":"Energy Potion"},{"floor":21.0,"key":"SpeedPotion"},{"floor":41,"key":"ColorlessPotion"},{"floor":45,"key":"Regen Potion"},{"floor":48,"key":"BottledMiracle"}],"is_trial":false,"path_per_floor":["M","?","$","?","M","R","$","?","T","R","M","M","$","M","R","B",null,"M","M","M","M","$","E","M","?","T","?","R","E","?","M","R","B",null,"M","?","M","$","M","R","E","R","T","R","M","$","?","M","R","B"],"character_chosen":"WATCHER","items_purchased":["MerchantsRug","PreservedInsect","Flash of Steel","Bag of Marbles","Protect","Tantrum","Regal Pillow","CeramicFish","Membership Card","Mango","Pantograph","Bottled Tornado","Vajra","Establishment","Protect","Wallop","Trip","TeardropLocket","MentalFortress"],"campfire_rested":1,"item_purchase_floors":[0,0,0,0,3,7,7,13,22,22,22,38,38,38,38,38,38,46,46],"current_hp_per_floor":[32,20,20,20,20,41,41,41,41,41,41,41,41,33,33,33,72,72,72,72,72,86,73,73,73,73,73,73,73,73,72,86,74,86,79,79,65,80,80,86,86,86,86,86,82,86,86,86,86,0,0],"gold":44,"neow_bonus":"","is_daily":false,"chose_seed":false,"campfire_upgraded":8,"win_rate":0.0,"timestamp":1614229590,"path_taken":["M","?","$","?","M","R","$","?","T","R","M","M","$","M","R","BOSS","M","M","?","M","$","E","M","?","T","?","R","E","?","M","R","BOSS","M","?","M","$","?","R","E","R","T","R","M","$","?","?","R","BOSS"],"items_purchased_type":["Relic","Relic","Card","Relic","Card","Card","Relic","Relic","Relic","Relic","Relic","Relic","Relic","Card","Card","Card","Card","Relic","Card"],"build_version":"2020-12-22","purchased_purges":2,"victory":false,"max_hp_per_floor":[72,72,72,72,72,72,72,72,72,72,72,72,72,72,72,72,72,72,72,72,72,86,86,86,86,86,86,86,86,86,86,86,86,86,86,86,86,86,86,86,86,86,86,86,86,86,86,86,86,86,86],"relic_stats":{"Regal Pillow":0,"Gremlin Horn":[55,54],"counters":[248,980],"CeramicFish":180,"Pantograph":0,"MealTicket":19,"Eternal Feather":20,"Yang":[31],"PreservedInsect":138,"Ginger":[20],"obtain_stats":[{"Ginger":0,"Whetstone":4,"Bottled Tornado":46,"Boot":54,"Old Coin":13,"MealTicket":38,"Kunai":0,"MerchantsRug":0,"Pear":0,"Blue Candle":17,"Eternal Feather":23,"Pen Nib":9,"Akabeko":9,"SlaversCollar":17,"MutagenicStrength":19,"CultistMask":5,"StrikeDummy":6,"Unceasing Top":0,"Regal Pillow":43,"Lantern":7,"Singing Bowl":23,"StoneCalendar":0,"Bag of Preparation":27,"Cursed Key":17,"Ancient Tea Set":7,"Matryoshka":6,"Shovel":0,"WingedGreaves":23,"Chemical X":31,"InkBottle":46,"Lee\u0027s Waffle":38,"Golden Idol":2,"Damaru":39,"Thread and Needle":0,"betterThird:NestCultRelic":24,"PreservedInsect":26,"The Courier":43,"Frozen Egg 2":40,"GoldenEye":0,"Busted Crown":34,"Ornamental Fan":0,"Bloody Idol":21,"betterThird:SlimedRelic":2,"Ectoplasm":17,"Turnip":0,"Art of War":9,"Bottled Lightning":48,"Toy Ornithopter":53,"Ice Cream":0,"Calipers":0,"Tiny House":34,"Gremlin Horn":43,"CeramicFish":13,"Vajra":26,"Sozu":34,"Centennial Puzzle":45,"Lizard Tail":29,"HornCleat":9,"FaceOfCleric":21,"Strawberry":6,"Prayer Wheel":17,"VioletLotus":34,"Toxic Egg 2":29,"Girya":0,"Happy Flower":13,"Dead Branch":39,"Oddly Smooth Stone":38,"War Paint":53,"Question Card":9,"Bottled Flame":31,"Shuriken":0,"Bronze Scales":10,"Molten Egg 2":14,"Nloth\u0027s Gift":21,"Symbiotic Virus":0,"Meat on the Bone":29,"SacredBark":17,"Melange":0,"Mango":38,"Yang":41,"Juzu Bracelet":36,"TeardropLocket":37,"Frozen Eye":0,"Dream Catcher":6,"Nunchaku":46,"TheAbacus":53,"Mummified Hand":43,"Gambling Chip":0,"Pantograph":9,"Red Mask":45,"Cracked Core":0,"Odd Mushroom":7,"Orichalcum":6,"White Beast Statue":54,"Mercury Hourglass":53,"Peace Pipe":0,"Calling Bell":17,"Strange Spoon":53,"Anchor":54,"CaptainsWheel":0,"HolyWater":34,"Bag of Marbles":0,"Membership Card":53,"PureWater":0,"TungstenRod":26,"FossilizedHelix":53},{"Ginger":95,"Whetstone":174,"Bottled Tornado":68,"Boot":170,"Old Coin":51,"MealTicket":184,"Kunai":72,"MerchantsRug":0,"Pear":46,"Blue Candle":155,"Eternal Feather":45,"Pen Nib":99,"Akabeko":48,"SlaversCollar":32,"MutagenicStrength":53,"CultistMask":174,"StrikeDummy":76,"Unceasing Top":146,"Regal Pillow":20,"Lantern":39,"Singing Bowl":106,"StoneCalendar":200,"Bag of Preparation":58,"Cursed Key":8,"Ancient Tea Set":98,"Matryoshka":48,"Shovel":95,"WingedGreaves":56,"Chemical X":85,"InkBottle":91,"Lee\u0027s Waffle":19,"Golden Idol":36,"Damaru":140,"Thread and Needle":72,"betterThird:NestCultRelic":83,"PreservedInsect":107,"The Courier":114,"Frozen Egg 2":65,"GoldenEye":171,"Busted Crown":86,"Ornamental Fan":117,"Bloody Idol":34,"betterThird:SlimedRelic":47,"Ectoplasm":80,"Turnip":117,"Art of War":4,"Bottled Lightning":189,"Toy Ornithopter":70,"Ice Cream":24,"Calipers":46,"Tiny House":61,"Gremlin Horn":141,"CeramicFish":230,"Vajra":57,"Sozu":17,"Centennial Puzzle":142,"Lizard Tail":181,"HornCleat":48,"FaceOfCleric":44,"Strawberry":126,"Prayer Wheel":155,"VioletLotus":138,"Toxic Egg 2":181,"Girya":146,"Happy Flower":6,"Dead Branch":64,"Oddly Smooth Stone":19,"War Paint":169,"Question Card":29,"Bottled Flame":60,"Shuriken":24,"Bronze Scales":199,"Molten Egg 2":51,"Nloth\u0027s Gift":10,"Symbiotic Virus":0,"Meat on the Bone":108,"SacredBark":130,"Melange":146,"Mango":19,"Yang":245,"Juzu Bracelet":18,"TeardropLocket":63,"Frozen Eye":146,"Dream Catcher":97,"Nunchaku":166,"TheAbacus":169,"Mummified Hand":90,"Gambling Chip":72,"Pantograph":77,"Red Mask":21,"Cracked Core":0,"Odd Mushroom":4,"Orichalcum":39,"White Beast Statue":94,"Mercury Hourglass":169,"Peace Pipe":0,"Calling Bell":155,"Strange Spoon":70,"Anchor":71,"CaptainsWheel":122,"HolyWater":163,"Bag of Marbles":146,"Membership Card":70,"PureWater":0,"TungstenRod":45,"FossilizedHelix":115},{"Ginger":389,"Whetstone":708,"Bottled Tornado":268,"Boot":688,"Old Coin":210,"MealTicket":747,"Kunai":290,"MerchantsRug":0,"Pear":191,"Blue Candle":651,"Eternal Feather":182,"Pen Nib":405,"Akabeko":196,"SlaversCollar":123,"MutagenicStrength":225,"CultistMask":708,"StrikeDummy":305,"Unceasing Top":628,"Regal Pillow":74,"Lantern":149,"Singing Bowl":429,"StoneCalendar":812,"Bag of Preparation":240,"Cursed Key":21,"Ancient Tea Set":403,"Matryoshka":196,"Shovel":389,"WingedGreaves":233,"Chemical X":340,"InkBottle":363,"Lee\u0027s Waffle":68,"Golden Idol":137,"Damaru":585,"Thread and Needle":290,"betterThird:NestCultRelic":335,"PreservedInsect":433,"The Courier":465,"Frozen Egg 2":260,"GoldenEye":696,"Busted Crown":343,"Ornamental Fan":488,"Bloody Idol":130,"betterThird:SlimedRelic":192,"Ectoplasm":324,"Turnip":488,"Art of War":9,"Bottled Lightning":769,"Toy Ornithopter":275,"Ice Cream":91,"Calipers":191,"Tiny House":250,"Gremlin Horn":590,"CeramicFish":927,"Vajra":237,"Sozu":60,"Centennial Puzzle":597,"Lizard Tail":731,"HornCleat":196,"FaceOfCleric":177,"Strawberry":522,"Prayer Wheel":651,"VioletLotus":578,"Toxic Egg 2":731,"Girya":628,"Happy Flower":13,"Dead Branch":259,"Oddly Smooth Stone":68,"War Paint":685,"Question Card":104,"Bottled Flame":247,"Shuriken":91,"Bronze Scales":810,"Molten Egg 2":210,"Nloth\u0027s Gift":29,"Symbiotic Virus":0,"Meat on the Bone":437,"SacredBark":540,"Melange":628,"Mango":68,"Yang":968,"Juzu Bracelet":64,"TeardropLocket":255,"Frozen Eye":628,"Dream Catcher":398,"Nunchaku":673,"TheAbacus":685,"Mummified Hand":356,"Gambling Chip":290,"Pantograph":308,"Red Mask":79,"Cracked Core":0,"Odd Mushroom":9,"Orichalcum":149,"White Beast Statue":384,"Mercury Hourglass":685,"Peace Pipe":0,"Calling Bell":651,"Strange Spoon":275,"Anchor":279,"CaptainsWheel":505,"HolyWater":670,"Bag of Marbles":628,"Membership Card":275,"PureWater":0,"TungstenRod":182,"FossilizedHelix":474}]},"card_choices":[{"not_picked":["Wireheading","PathToVictory"],"picked":"Consecrate","floor":1.0},{"not_picked":["Conclude","Perseverance"],"picked":"ForeignInfluence","floor":5.0},{"not_picked":["CarveReality","Protect"],"picked":"WreathOfFlame","floor":11.0},{"not_picked":["Crescendo","BowlingBash"],"picked":"Adaptation","floor":12.0},{"not_picked":["Vault","Evaluate"],"picked":"FollowUp","floor":14.0},{"not_picked":["MasterReality","Vault"],"picked":"Ragnarok","floor":16.0},{"not_picked":["FlyingSleeves","LikeWater"],"picked":"InnerPeace","floor":18.0},{"not_picked":["JustLucky","Perseverance","Evaluate+1"],"picked":"SKIP","floor":19.0},{"not_picked":["WaveOfTheHand+1","JustLucky"],"picked":"CutThroughFate","floor":20.0},{"not_picked":["Wireheading","DeceiveReality"],"picked":"CrushJoints+1","floor":21.0},{"not_picked":["Alpha","SandsOfTime"],"picked":"BowlingBash+1","floor":23.0},{"not_picked":["Perseverance+1","Halt","CrushJoints"],"picked":"SKIP","floor":24.0},{"not_picked":["Halt","Indignation"],"picked":"Swivel","floor":29.0},{"not_picked":["EmptyBody+1","CrushJoints+1"],"picked":"FollowUp","floor":31.0},{"not_picked":["Establishment","MasterReality"],"picked":"Ragnarok","floor":33.0},{"not_picked":["Prostrate","Vengeance"],"picked":"MentalFortress+1","floor":35.0},{"not_picked":["EmptyMind","Nirvana","EmptyFist+1"],"picked":"SKIP","floor":37.0},{"not_picked":["EmptyMind","Nirvana","EmptyFist+1"],"picked":"SKIP","floor":37.0},{"not_picked":["Vengeance","EmptyMind+1"],"picked":"Meditate","floor":39.0},{"not_picked":["InnerPeace+1","SandsOfTime+1","Conclude"],"picked":"SKIP","floor":41},{"not_picked":["Weave+1","EmptyFist+1"],"picked":"WreathOfFlame+1","floor":45},{"not_picked":["Weave","ThirdEye+1"],"picked":"Protect","floor":48}],"player_experience":3837049,"relics_obtained":[{"floor":9.0,"key":"Lantern"},{"floor":23.0,"key":"Blue Candle"},{"floor":26.0,"key":"MealTicket"},{"floor":29.0,"key":"Eternal Feather"},{"floor":41,"key":"Yang"},{"floor":43,"key":"White Beast Statue"}],"event_choices":[{"damage_healed":0.0,"max_hp_gain":0.0,"max_hp_loss":0.0,"gold_gain":0.0,"event_name":"Living Wall","player_choice":"Grow","floor":4.0,"gold_loss":0.0,"damage_taken":0.0,"cards_upgraded":["Eruption"]},{"damage_healed":0.0,"max_hp_gain":0.0,"max_hp_loss":0.0,"gold_gain":100.0,"event_name":"Golden Shrine","player_choice":"Pray","floor":8.0,"gold_loss":0.0,"damage_taken":0.0},{"damage_healed":0.0,"max_hp_gain":0.0,"max_hp_loss":0.0,"gold_gain":0.0,"event_name":"The Woman in Blue","player_choice":"Bought 0 Potions","floor":25.0,"gold_loss":0.0,"damage_taken":0.0},{"damage_healed":0.0,"max_hp_gain":0.0,"max_hp_loss":0.0,"gold_gain":0.0,"event_name":"Duplicator","player_choice":"Copied","floor":27.0,"gold_loss":0.0,"damage_taken":0.0,"cards_obtained":["WreathOfFlame"]},{"cards_removed":["Doubt"],"damage_healed":0.0,"max_hp_gain":0.0,"max_hp_loss":0.0,"gold_gain":0.0,"event_name":"betterNote:BetterNote","player_choice":"Give","floor":30.0,"gold_loss":0.0,"damage_taken":0.0,"cards_obtained":["Strike_P"]},{"damage_healed":0.0,"max_hp_gain":0.0,"max_hp_loss":0.0,"gold_gain":0.0,"event_name":"Upgrade Shrine","player_choice":"Upgraded","floor":36.0,"gold_loss":0.0,"damage_taken":0.0,"cards_upgraded":["Ragnarok"]},{"damage_healed":0,"gold_gain":0,"player_choice":"Forge","damage_taken":0,"max_hp_gain":0,"max_hp_loss":0,"event_name":"Accursed Blacksmith","floor":47,"gold_loss":0,"cards_upgraded":["MentalFortress"]}],"is_beta":false,"boss_relics":[{"not_picked":["Coffee Dripper","Cursed Key"],"picked":"HolyWater"},{"not_picked":["Philosopher\u0027s Stone","Velvet Choker"],"picked":"SacredBark"}],"items_purged_floors":[0,38],"is_endless":false,"potions_floor_spawned":[14,16,19,21,29,31,41,45,48],"killed_by":"Awakened One","ascension_level":0}}