{"host":"2l5k2wp87eek7qja","time":1614285000,"event":{"mods":["BaseMod","Colored Map","Minty Spire (QoL Compilation)","Relic Stats"],"gold_per_floor":[119,119,130,130,147,147,172,183,206,216,236,262,262,290,290,368,368,379,379,99,112,129,129,155,155,155,155,155,171,186,198,198,276,276,288,1287,1306,719,738,738,738],"floor_reached":40,"language":"ENG","playtime":1968,"items_purged":["Strike_G","Normality"],"score":1010,"play_id":"26837d70-dbb8-442f-b2c4-9e3a752f4d8f","local_time":"20210225223000","is_ascension_mode":true,"campfire_choices":[{"data":"Dagger Spray","floor":6,"key":"SMITH"},{"data":"Deadly Poison","floor":15,"key":"SMITH"},{"data":"Blade Dance","floor":23,"key":"SMITH"},{"data":"Noxious Fumes","floor":25,"key":"SMITH"},{"data":"Catalyst","floor":27,"key":"SMITH"},{"floor":32,"key":"RECALL"}],"circlet_count":0,"master_deck":["AscendersBane","Strike_G","Strike_G","Strike_G","Defend_G","Defend_G","Defend_G","Defend_G","Defend_G","Survivor","Neutralize","Adrenaline","Dagger Spray+1","PiercingWail","Dash","Poisoned Stab","Deadly Poison+1","Dagger Throw","Cloak And Dagger+1","After Image","Backflip","Catalyst+1","After Image","Blade Dance+1","Cloak And Dagger+1","Noxious Fumes+1","Catalyst+1","Footwork+1","Envenom","Tactician","Normality","PiercingWail","Noxious Fumes","Leg Sweep+1","Prepared+1","Catalyst+1"],"relics":["Ring of the Snake","NeowsBlessing","Lantern","Bag of Preparation","Snake Skull","Smiling Mask","Coffee Dripper","TungstenRod","InkBottle","Strawberry","Runic Pyramid","Oddly Smooth Stone","Orrery","Akabeko"],"acts_visited":["Exordium","TheCity","TheBeyond"],"potions_floor_usage":[7,7,12,14,33,33,37],"damage_taken":[{"damage":0,"enemies":"Small Slimes","floor":1,"turns":1},{"damage":0,"enemies":"Cultist","floor":3,"turns":1},{"damage":0,"enemies":"2 Louse","floor":5,"turns":1},{"damage":38,"enemies":"Lagavulin","floor":7,"turns":8},{"damage":0,"enemies":"Red Slaver","floor":8,"turns":4},{"damage":0,"enemies":"3 Louse","floor":10,"turns":2},{"damage":0,"enemies":"Large Slime","floor":11,"turns":4},{"damage":8,"enemies":"Gremlin Nob","floor":12,"turns":3},{"damage":0,"enemies":"3 Sentries","floor":14,"turns":1},{"damage":6,"enemies":"Hexaghost","floor":16,"turns":8},{"damage":7,"enemies":"Shell Parasite","floor":18,"turns":4},{"damage":0,"enemies":"3 Byrds","floor":21,"turns":5},{"damage":0,"enemies":"Centurion and Healer","floor":22,"turns":5},{"damage":5,"enemies":"Slavers","floor":24,"turns":7},{"damage":0,"enemies":"Snake Plant","floor":29,"turns":3},{"damage":0,"enemies":"3 Cultists","floor":30,"turns":5},{"damage":0,"enemies":"Centurion and Healer","floor":31,"turns":5},{"damage":20,"enemies":"Collector","floor":33,"turns":8},{"damage":0,"enemies":"Orb Walker","floor":35,"turns":3},{"damage":9,"enemies":"3 Darklings","floor":37,"turns":9},{"damage":13,"enemies":"Spire Growth","floor":39,"turns":4},{"damage":42,"enemies":"Reptomancer","floor":40,"turns":3}],"seed_played":"5193569010099722411","potions_obtained":[{"floor":3,"key":"Poison Potion"},{"floor":5,"key":"Fire Potion"},{"floor":7,"key":"CunningPotion"},{"floor":12,"key":"SteroidPotion"},{"floor":22,"key":"Block Potion"},{"floor":24,"key":"SteroidPotion"},{"floor":33,"key":"FearPotion"},{"floor":35,"key":"Block Potion"},{"floor":39,"key":"Strength Potion"}],"is_trial":false,"path_per_floor":["M","?","M","?","M","R","E","M","T","M","M","E","?","E","R","B",null,"M","?","$","M","M","R","E","R","T","R","T","M","M","M","R","B",null,"M","?","M","$","M","E"],"character_chosen":"THE_SILENT","items_purchased":["After Image","Blade Dance","Oddly Smooth Stone","Noxious Fumes","Orrery","Akabeko"],"campfire_rested":0,"item_purchase_floors":[20,20,38,38,38,38],"current_hp_per_floor":[59,59,59,59,59,59,21,21,21,21,21,13,13,13,13,7,51,44,44,44,44,44,44,39,39,39,39,46,46,46,46,46,26,61,61,61,52,52,39,0,0],"gold":738,"neow_bonus":"THREE_ENEMY_KILL","is_daily":false,"chose_seed":false,"campfire_upgraded":5,"win_rate":0.0,"timestamp":1614285000,"path_taken":["M","?","?","?","M","R","E","M","T","?","M","E","?","E","R","BOSS","M","?","$","M","M","R","E","R","T","R","?","?","M","M","R","BOSS","M","?","M","$","M","E"],"items_purchased_type":["Card","Card","Relic","Card","Relic","Relic"],"build_version":"2020-12-22","purchased_purges":2,"victory":false,"max_hp_per_floor":[66,66,66,66,66,66,66,66,66,66,66,66,66,66,66,66,66,66,66,66,66,66,66,66,66,66,66,73,73,73,73,73,73,73,73,73,73,73,73,73,73],"relic_stats":{"counters":[22,94],"Snake Skull":[84],"Bag of Preparation":[34],"Smiling Mask":75,"obtain_stats":[{"Lantern":7,"NeowsBlessing":0,"Oddly Smooth Stone":38,"Snake Skull":12,"Bag of Preparation":9,"Smiling Mask":14,"Akabeko":38,"Strawberry":28,"Orrery":38,"Coffee Dripper":17,"TungstenRod":24,"InkBottle":26,"Ring of the Snake":0,"Runic Pyramid":34},{"Lantern":4,"NeowsBlessing":0,"Oddly Smooth Stone":20,"Snake Skull":8,"Bag of Preparation":5,"Smiling Mask":9,"Akabeko":20,"Strawberry":14,"Orrery":20,"Coffee Dripper":10,"TungstenRod":14,"InkBottle":14,"Ring of the Snake":0,"Runic Pyramid":18},{"Lantern":11,"NeowsBlessing":0,"Oddly Smooth Stone":87,"Snake Skull":24,"Bag of Preparation":15,"Smiling Mask":25,"Akabeko":87,"Strawberry":54,"Orrery":87,"Coffee Dripper":33,"TungstenRod":54,"InkBottle":54,"Ring of the Snake":0,"Runic Pyramid":75}],"TungstenRod":11,"InkBottle":[24],"Ring of the Snake":[44]},"card_choices":[{"not_picked":["Deflect","Prepared","Heel Hook"],"picked":"SKIP","floor":1},{"not_picked":["Leg Sweep","Terror"],"picked":"Dagger Spray","floor":3},{"not_picked":["Outmaneuver","Underhanded Strike"],"picked":"Dash","floor":5},{"not_picked":["Tactician","Bullet Time"],"picked":"Poisoned Stab","floor":7},{"not_picked":["Terror","Underhanded Strike"],"picked":"Deadly Poison","floor":8},{"not_picked":["Distraction","Quick Slash"],"picked":"Dagger Throw","floor":10},{"not_picked":["Outmaneuver","Backstab"],"picked":"Cloak And Dagger","floor":11},{"not_picked":["Riddle With Holes","Prepared","Slice"],"picked":"SKIP","floor":12},{"not_picked":["Doppelganger","Poisoned Stab","Dagger Throw"],"picked":"SKIP","floor":14},{"not_picked":["A Thousand Cuts","Night Terror"],"picked":"After Image","floor":16},{"not_picked":["Prepared","Slice"],"picked":"Backflip","floor":18},{"not_picked":["Endless Agony","Bane"],"picked":"Cloak And Dagger+1","floor":21},{"not_picked":["Sucker Punch","Dodge and Roll","Backflip"],"picked":"SKIP","floor":22},{"not_picked":["Sucker Punch","Dodge and Roll","Backflip"],"picked":"SKIP","floor":22},{"not_picked":["All Out Attack","Blade Dance"],"picked":"Noxious Fumes","floor":24},{"not_picked":["Dodge and Roll","Flying Knee+1","Backstab"],"picked":"SKIP","floor":29},{"not_picked":["Poisoned Stab","Prepared"],"picked":"Catalyst+1","floor":30},{"not_picked":["Infinite Blades","PiercingWail"],"picked":"Footwork+1","floor":31},{"not_picked":["Unload","Storm of Steel"],"picked":"Envenom","floor":33},{"not_picked":["Bane","Sucker Punch"],"picked":"Tactician","floor":35},{"not_picked":["Flying Knee","Well Laid Plans"],"picked":"PiercingWail","floor":37},{"not_picked":["Backflip","Flying Knee"],"picked":"Leg Sweep+1","floor":38},{"not_picked":["Flying Knee","Glass Knife"],"picked":"Prepared+1","floor":38},{"not_picked":["Escape Plan","Slice"],"picked":"Catalyst+1","floor":39}],"player_experience":905357,"relics_obtained":[{"floor":7,"key":"Lantern"},{"floor":9,"key":"Bag of Preparation"},{"floor":12,"key":"Snake Skull"},{"floor":14,"key":"Smiling Mask"},{"floor":24,"key":"TungstenRod"},{"floor":26,"key":"InkBottle"},{"floor":28,"key":"Strawberry"}],"event_choices":[{"damage_healed":0,"gold_gain":0,"player_choice":"1 cards matched","damage_taken":0,"max_hp_gain":0,"max_hp_loss":0,"event_name":"Match and Keep!","floor":2,"gold_loss":0,"cards_obtained":["Adrenaline"]},{"damage_healed":0,"gold_gain":0,"cards_transformed":["Strike_G"],"player_choice":"Transformed","damage_taken":0,"max_hp_gain":0,"max_hp_loss":0,"event_name":"Transmorgrifier","floor":4,"gold_loss":0,"cards_obtained":["PiercingWail"]},{"damage_healed":0,"gold_gain":0,"player_choice":"Grow","damage_taken":0,"max_hp_gain":0,"max_hp_loss":0,"event_name":"Living Wall","floor":13,"gold_loss":0,"cards_upgraded":["Cloak And Dagger"]},{"damage_healed":0,"gold_gain":0,"player_choice":"Read","damage_taken":0,"max_hp_gain":0,"max_hp_loss":0,"event_name":"The Library","floor":19,"gold_loss":0,"cards_obtained":["Catalyst"]},{"damage_healed":0,"gold_gain":999,"player_choice":"Gold","damage_taken":0,"max_hp_gain":0,"max_hp_loss":0,"event_name":"MindBloom","floor":36,"gold_loss":0,"cards_obtained":["Normality","Normality"]}],"is_beta":false,"boss_relics":[{"not_picked":["Ectoplasm","Snecko Eye"],"picked":"Coffee Dripper"},{"not_picked":["HoveringKite","Philosopher\u0027s Stone"],"picked":"Runic Pyramid"}],"items_purged_floors":[20,38],"is_endless":false,"potions_floor_spawned":[3,5,7,12,22,24,33,35,39],"killed_by":"Reptomancer","ascension_level":20}}