{"host":"0fd22hpf43j6tvvm","time":1614267036,"event":{"mods":["AchievementEnabler","BaseMod","Colored Map","Minty Spire (QoL Compilation)","Relic Stats"],"gold_per_floor":[109,122,47,61,86,113,113,63,63,138,138,156,156,187,187,283,283,293,313,29,46,46,46],"floor_reached":22,"language":"ENG","playtime":904,"items_purged":["Strike_R","Regret"],"score":281,"play_id":"e9e4f961-0b75-446c-89d0-a0dddbbc819c","local_time":"20210225103036","is_ascension_mode":true,"campfire_choices":[{"data":"Rampage","floor":7.0,"key":"SMITH"},{"data":"Spot Weakness","floor":11.0,"key":"SMITH"},{"data":"Heavy Blade","floor":15.0,"key":"SMITH"}],"circlet_count":0,"master_deck":["Strike_R","Strike_R","Strike_R","Strike_R","Defend_R","Defend_R","Defend_R","Bash","Spot Weakness+1","Heavy Blade+1","Rampage+1","Warcry","Seeing Red","Corruption","Headbutt+1","Ghostly Armor","Metallicize","Armaments+1"],"relics":["Burning Blood","NeowsBlessing","Regal Pillow","Anchor","Bag of Marbles","Centennial Puzzle","Smiling Mask","Black Star","OrangePellets"],"acts_visited":["Exordium","TheCity"],"potions_floor_usage":[16,18,21],"damage_taken":[{"damage":0.0,"enemies":"Cultist","floor":1.0,"turns":1.0},{"damage":0.0,"enemies":"Small Slimes","floor":2.0,"turns":1.0},{"damage":0.0,"enemies":"2 Louse","floor":4.0,"turns":1.0},{"damage":28.0,"enemies":"Gremlin Nob","floor":6.0,"turns":4.0},{"damage":0.0,"enemies":"Exordium Wildlife","floor":12.0,"turns":2.0},{"damage":29.0,"enemies":"3 Sentries","floor":14.0,"turns":6.0},{"damage":26,"enemies":"The Guardian","floor":16,"turns":10},{"damage":29,"enemies":"2 Thieves","floor":18,"turns":4},{"damage":3,"enemies":"Chosen","floor":19,"turns":4},{"damage":25,"enemies":"Sentry and Sphere","floor":21,"turns":5},{"damage":32,"enemies":"Masked Bandits","floor":22,"turns":3}],"seed_played":"1871970225367291758","potions_obtained":[{"floor":2.0,"key":"SpeedPotion"},{"floor":6.0,"key":"FearPotion"},{"floor":12.0,"key":"Block Potion"},{"floor":18,"key":"GamblersBrew"}],"is_trial":false,"path_per_floor":["M","M","$","M","T","E","R","?","T","?","R","M","?","E","R","B",null,"M","M","$","M","?"],"character_chosen":"IRONCLAD","items_purchased":["OrangePellets","Metallicize"],"campfire_rested":0,"item_purchase_floors":[20,20],"current_hp_per_floor":[78,80,80,80,80,58,58,58,58,47,47,53,53,30,30,10,63,40,43,43,24,0,0],"gold":46,"neow_bonus":"THREE_ENEMY_KILL","is_daily":false,"chose_seed":false,"campfire_upgraded":3,"win_rate":0.0,"timestamp":1614267036,"path_taken":["M","M","$","?","?","E","R","?","T","?","R","?","?","E","R","BOSS","M","M","$","M","?"],"items_purchased_type":["Relic","Card"],"build_version":"2020-12-22","purchased_purges":2,"victory":false,"max_hp_per_floor":[80,80,80,80,80,80,80,80,80,80,80,80,80,80,80,80,80,80,80,80,80,80,80],"relic_stats":{"OrangePellets":[1],"Regal Pillow":0,"Centennial Puzzle":[18],"counters":[11,41],"Black Star":0,"Smiling Mask":50,"obtain_stats":[{"OrangePellets":20,"Regal Pillow":5,"Anchor":6,"Centennial Puzzle":13,"NeowsBlessing":0,"Bag of Marbles":9,"Black Star":17,"Smiling Mask":14,"Burning Blood":0},{"OrangePellets":9,"Regal Pillow":3,"Anchor":4,"Centennial Puzzle":5,"NeowsBlessing":0,"Bag of Marbles":4,"Black Star":7,"Smiling Mask":6,"Burning Blood":0},{"OrangePellets":33,"Regal Pillow":3,"Anchor":7,"Centennial Puzzle":9,"NeowsBlessing":0,"Bag of Marbles":7,"Black Star":25,"Smiling Mask":15,"Burning Blood":0}],"Burning Blood":50},"card_choices":[{"not_picked":["Armaments","Blood for Blood"],"picked":"Spot Weakness","floor":1.0},{"not_picked":["Havoc","Armaments"],"picked":"Heavy Blade","floor":2.0},{"not_picked":["Dark Embrace","Sentinel"],"picked":"Rampage","floor":4.0},{"not_picked":["Armaments","Body Slam"],"picked":"Warcry","floor":6.0},{"not_picked":["Body Slam","Wild Strike","Perfected Strike"],"picked":"SKIP","floor":12.0},{"not_picked":["Perfected Strike","Heavy Blade"],"picked":"Seeing Red","floor":14.0},{"not_picked":["Berserk","Fiend Fire"],"picked":"Corruption","floor":16},{"not_picked":["Iron Wave","Heavy Blade"],"picked":"Headbutt+1","floor":18},{"not_picked":["Heavy Blade","Metallicize"],"picked":"Ghostly Armor","floor":19},{"not_picked":["Clothesline","Heavy Blade"],"picked":"Armaments+1","floor":21}],"player_experience":586996,"relics_obtained":[{"floor":5.0,"key":"Regal Pillow"},{"floor":6.0,"key":"Anchor"},{"floor":9.0,"key":"Bag of Marbles"},{"floor":14.0,"key":"Smiling Mask"}],"event_choices":[{"cards_removed":["Defend_R"],"damage_healed":0.0,"max_hp_gain":0.0,"max_hp_loss":0.0,"gold_gain":0.0,"event_name":"The Cleric","player_choice":"Card Removal","floor":8.0,"gold_loss":50.0,"damage_taken":0.0},{"damage_healed":0.0,"max_hp_gain":0.0,"max_hp_loss":0.0,"gold_gain":75.0,"event_name":"World of Goop","player_choice":"Gather Gold","floor":10.0,"gold_loss":0.0,"damage_taken":11.0},{"damage_healed":0.0,"max_hp_gain":0.0,"max_hp_loss":0.0,"gold_gain":0.0,"event_name":"Big Fish","player_choice":"Box","floor":13.0,"gold_loss":0.0,"damage_taken":0.0,"relics_obtained":["Centennial Puzzle"],"cards_obtained":["Regret"]},{"damage_healed":0,"gold_gain":0,"player_choice":"Fought Bandits","damage_taken":0,"max_hp_gain":0,"max_hp_loss":0,"event_name":"Masked Bandits","floor":22,"gold_loss":0}],"is_beta":false,"boss_relics":[{"not_picked":["Pandora\u0027s Box","Busted Crown"],"picked":"Black Star"}],"items_purged_floors":[3,20],"is_endless":false,"potions_floor_spawned":[2,6,12,18],"killed_by":"Masked Bandits","ascension_level":9}}