{"host":"2hz3p8f82lqex3pd","time":1614283157,"event":{"mods":["AchievementEnabler","BaseMod","Better Third Choice","Colored Powertips","Minty Spire (QoL Compilation)","StSLib"],"gold_per_floor":[116,136,311,329,349,349,79,79,156,178,78,93,121,133,133,230,230,242,254,254,269,269,269,279,279,279,76,76,88,38,54,54,155,155,165,16,16,0,50,50,85,85,85,85,101,114,134,134,134,134],"floor_reached":51,"language":"ENG","playtime":2157,"items_purged":["Doubt","Bash","Bite","Bite"],"score":944,"play_id":"99cee30a-d5d0-44cc-bb52-40b5de9c1f55","local_time":"20210225145917","is_ascension_mode":true,"campfire_choices":[{"data":"Barricade","floor":6,"key":"SMITH"},{"data":"Body Slam","floor":8,"key":"SMITH"},{"data":"Iron Wave","floor":15,"key":"SMITH"},{"data":"Inflame","floor":23,"key":"SMITH"},{"data":"Metallicize","floor":32,"key":"SMITH"},{"data":"Impervious","floor":40,"key":"SMITH"},{"data":"Blind","floor":42,"key":"SMITH"},{"data":"Defend_R","floor":44,"key":"SMITH"},{"data":"Bite","floor":49,"key":"SMITH"}],"circlet_count":0,"master_deck":["Defend_R+1","Defend_R","Defend_R","Inflame+1","Barricade+1","Body Slam+1","Iron Wave+1","Iron Wave+1","Bite+1","Metallicize+1","Impervious+1","Blind+1","Body Slam+1"],"relics":["Burning Blood","Anchor","Odd Mushroom","Smiling Mask","Runic Pyramid","Pen Nib","TheAbacus","Empty Cage","Orichalcum","Red Mask","Charon\u0027s Ashes","Vajra","StoneCalendar"],"acts_visited":["Exordium","TheCity","TheBeyond"],"potions_floor_usage":[10,13,13,21,24,29,41,50],"damage_taken":[{"damage":6,"enemies":"Cultist","floor":1,"turns":3},{"damage":12,"enemies":"Jaw Worm","floor":2,"turns":3},{"damage":0,"enemies":"Small Slimes","floor":4,"turns":4},{"damage":6,"enemies":"Exordium Wildlife","floor":5,"turns":3},{"damage":20,"enemies":"The Mushroom Lair","floor":10,"turns":4},{"damage":2,"enemies":"Blue Slaver","floor":12,"turns":6},{"damage":0,"enemies":"Lagavulin","floor":13,"turns":5},{"damage":0,"enemies":"Large Slime","floor":14,"turns":6},{"damage":39,"enemies":"The Guardian","floor":16,"turns":15},{"damage":23,"enemies":"Shell Parasite","floor":18,"turns":7},{"damage":27,"enemies":"3 Byrds","floor":19,"turns":6},{"damage":23,"enemies":"Sentry and Sphere","floor":21,"turns":6},{"damage":30,"enemies":"Snake Plant","floor":24,"turns":6},{"damage":0,"enemies":"Shelled Parasite and Fungi","floor":29,"turns":5},{"damage":0,"enemies":"Cultist and Chosen","floor":31,"turns":4},{"damage":0,"enemies":"Champ","floor":33,"turns":8},{"damage":30,"enemies":"3 Darklings","floor":35,"turns":13},{"damage":0,"enemies":"Mind Bloom Boss Battle","floor":39,"turns":5},{"damage":35,"enemies":"Reptomancer","floor":41,"turns":6},{"damage":6,"enemies":"3 Shapes","floor":45,"turns":5},{"damage":1,"enemies":"3 Darklings","floor":46,"turns":6},{"damage":0,"enemies":"Spire Growth","floor":47,"turns":3},{"damage":0,"enemies":"Time Eater","floor":50,"turns":5}],"seed_played":"7514640041086618295","potions_obtained":[{"floor":4,"key":"DistilledChaos"},{"floor":5,"key":"SteroidPotion"},{"floor":10,"key":"Strength Potion"},{"floor":16,"key":"SteroidPotion"},{"floor":18,"key":"ColorlessPotion"},{"floor":24,"key":"Block Potion"},{"floor":39,"key":"Dexterity Potion"},{"floor":45,"key":"Ancient Potion"},{"floor":47,"key":"FairyPotion"}],"is_trial":false,"path_per_floor":["M","M","?","M","M","R","$","R","T","?","$","M","E","M","R","B",null,"M","M","?","M","?","R","M","?","T","$","?","M","$","M","R","B",null,"M","$","?","?","?","R","E","R","T","R","M","M","M","?","R","B",null],"character_chosen":"IRONCLAD","items_purchased":["Anchor","Body Slam","TheAbacus","Orichalcum"],"campfire_rested":0,"item_purchase_floors":[7,7,27,36],"current_hp_per_floor":[88,82,82,88,88,88,88,88,88,74,74,78,84,88,88,55,88,71,50,79,62,45,45,21,21,21,21,21,35,35,49,49,61,65,65,65,65,65,65,65,48,48,48,48,52,65,65,65,65,65],"gold":134,"neow_bonus":"TEN_PERCENT_HP_BONUS","is_daily":false,"chose_seed":false,"campfire_upgraded":9,"win_rate":0.0,"timestamp":1614283157,"path_taken":["M","?","?","M","M","R","$","R","T","?","?","M","E","M","R","BOSS","M","M","?","M","?","R","M","?","T","$","?","M","$","M","R","BOSS","M","$","?","?","?","R","E","R","T","R","M","M","M","?","R","BOSS"],"items_purchased_type":["Relic","Card","Relic","Relic"],"build_version":"2020-12-22","purchased_purges":4,"victory":true,"max_hp_per_floor":[88,88,88,88,88,88,88,88,88,88,88,88,88,88,88,88,88,88,88,88,88,93,93,93,65,65,65,65,65,65,65,65,65,65,65,65,65,65,65,65,65,65,65,65,65,65,65,65,65,65],"card_choices":[{"not_picked":["Headbutt","Perfected Strike","Havoc"],"picked":"SKIP","floor":1},{"not_picked":["Armaments","Flex"],"picked":"Inflame","floor":2},{"not_picked":["Wild Strike","Shrug It Off","Anger"],"picked":"SKIP","floor":4},{"not_picked":["Thunderclap","Rampage"],"picked":"Barricade","floor":5},{"not_picked":["Sentinel","Dark Embrace","Headbutt"],"picked":"SKIP","floor":12},{"not_picked":["Flex","Headbutt"],"picked":"Iron Wave","floor":13},{"not_picked":["Warcry","Infernal Blade","Power Through"],"picked":"SKIP","floor":14},{"not_picked":["Anger+1","Battle Trance","Twin Strike+1"],"picked":"SKIP","floor":18},{"not_picked":["Clothesline","Carnage"],"picked":"Iron Wave+1","floor":19},{"not_picked":["Shrug It Off","Evolve","Headbutt"],"picked":"SKIP","floor":21},{"not_picked":["Battle Trance","Anger+1","Pommel Strike+1"],"picked":"SKIP","floor":24},{"not_picked":["Flex","Sword Boomerang+1","Clash"],"picked":"SKIP","floor":29},{"not_picked":["Offering","Perfected Strike"],"picked":"Metallicize","floor":31},{"not_picked":["Double Tap","Corruption"],"picked":"Impervious","floor":33},{"not_picked":["Reckless Charge+1","Combust","Thunderclap"],"picked":"SKIP","floor":35},{"not_picked":["Chrysalis","Mind Blast"],"picked":"Blind","floor":37},{"not_picked":["Pommel Strike+1","Hemokinesis+1","Inflame"],"picked":"SKIP","floor":41},{"not_picked":["Heavy Blade","Clash"],"picked":"Body Slam+1","floor":45},{"not_picked":["Heavy Blade+1","Sword Boomerang+1","Anger"],"picked":"SKIP","floor":46},{"not_picked":["Disarm+1","Thunderclap+1","Perfected Strike+1"],"picked":"SKIP","floor":47}],"player_experience":215738,"relics_obtained":[{"floor":10,"key":"Odd Mushroom"},{"floor":13,"key":"Smiling Mask"},{"floor":26,"key":"Pen Nib"},{"floor":39,"key":"Charon\u0027s Ashes"},{"floor":41,"key":"Vajra"},{"floor":43,"key":"StoneCalendar"}],"event_choices":[{"damage_healed":0,"gold_gain":175,"player_choice":"AGREE","damage_taken":136,"max_hp_gain":0,"max_hp_loss":0,"event_name":"betterThird:BetterSerpent","floor":3,"gold_loss":0},{"damage_healed":0,"gold_gain":0,"player_choice":"Fought Mushrooms","damage_taken":0,"max_hp_gain":0,"max_hp_loss":0,"event_name":"Mushrooms","floor":10,"gold_loss":0},{"damage_healed":29,"gold_gain":0,"player_choice":"Heal","damage_taken":0,"max_hp_gain":0,"max_hp_loss":0,"event_name":"The Library","floor":20,"gold_loss":0},{"damage_healed":0,"gold_gain":0,"player_choice":"Shed Blood","damage_taken":22,"max_hp_gain":5,"max_hp_loss":0,"event_name":"Forgotten Altar","floor":22,"gold_loss":0},{"damage_healed":0,"gold_gain":0,"player_choice":"Became a vampire","damage_taken":0,"max_hp_gain":0,"max_hp_loss":28,"event_name":"Vampires","floor":25,"gold_loss":0,"cards_obtained":["Bite","Bite","Bite","Bite","Bite"]},{"damage_healed":0,"gold_gain":0,"player_choice":"Memory 1","damage_taken":0,"max_hp_gain":0,"max_hp_loss":0,"event_name":"SensoryStone","floor":37,"gold_loss":0},{"damage_healed":0,"gold_gain":0,"player_choice":"Paid","damage_taken":0,"relics_obtained":["Red Mask"],"max_hp_gain":0,"max_hp_loss":0,"event_name":"Tomb of Lord Red Mask","floor":38,"gold_loss":16},{"damage_healed":0,"gold_gain":0,"player_choice":"Fight","damage_taken":0,"max_hp_gain":0,"max_hp_loss":0,"event_name":"MindBloom","floor":39,"gold_loss":0},{"cards_removed":["Bite"],"damage_healed":5,"gold_gain":0,"player_choice":"Offered Special","damage_taken":0,"max_hp_gain":0,"max_hp_loss":0,"event_name":"Bonfire Elementals","floor":48,"gold_loss":0}],"is_beta":false,"boss_relics":[{"not_picked":["Ectoplasm","Cursed Key"],"picked":"Runic Pyramid"},{"not_picked":["Fusion Hammer","Astrolabe"],"picked":"Empty Cage"}],"items_purged_floors":[7,11,27,30],"is_endless":false,"potions_floor_spawned":[4,5,10,16,18,24,39,45,47],"ascension_level":3}}