{"host":"q6l9o5ad25lrm2yj","time":1614246306,"event":{"mods":["BaseMod","BetterRewards","Colored Powertips","Lobotomy","LobotomyExtend","Minty Spire (QoL Compilation)","Quick Restart","Replay The Spire","StSLib","[IsaacMod]ÒÔÈö¼âËþ"],"gold_per_floor":[127,24,24,24,24,24,24,24,106,106,106,106,106,130,130,145,145],"floor_reached":16,"language":"ZHS","playtime":555,"items_purged":[],"score":84,"play_id":"ecfe6607-b82f-43c5-9636-3a2ae6e20d24","local_time":"20210225174506","daily_mods":["Hoarder","Heirloom","Time Dilation","Flight","Elite Swarm"],"is_ascension_mode":false,"campfire_choices":[{"floor":15,"key":"DIG"}],"circlet_count":0,"master_deck":["SpecialBullet","SpecialBullet","SpecialBullet","SpecialBullet","SpecialBullet","SpecialBullet","SpecialBullet","SpecialBullet","BettingIsNotGood","BettingIsNotGood","BettingIsNotGood","ControlCode","ControlCode","ControlCode","InformationCode","InformationCode","InformationCode","CentralCode","CentralCode","CentralCode"],"relics":["CogitoBucket","HushsDoor","MoneyPower","StoneCalendar","LetterFromLob","Golden Idol","Snack Pack","Unceasing Top"],"acts_visited":["Exordium"],"potions_floor_usage":[2],"damage_taken":[{"damage":12,"enemies":"2 Louse","floor":1,"turns":3},{"damage":0,"enemies":"Small Slimes","floor":14,"turns":2},{"damage":85,"enemies":"Fading Forest","floor":16,"turns":9}],"seed_played":"9197533443332145683","potions_obtained":[],"is_trial":true,"path_per_floor":["M","$","?","?","?","R","R","$","T","R","R","R","M","M","R","B"],"character_chosen":"Angela","items_purchased":["Fruit Juice"],"campfire_rested":0,"item_purchase_floors":[2],"current_hp_per_floor":[58,63,63,63,63,63,63,63,63,63,63,63,63,65,65,0,0],"gold":145,"neow_bonus":"","is_daily":false,"chose_seed":false,"campfire_upgraded":0,"win_rate":0.0,"timestamp":1614246306,"path_taken":["M","$","?","?","?","R","R","$","T","R","R","R","M","M","R","BOSS"],"items_purchased_type":["Potion"],"build_version":"2020-12-22","purchased_purges":0,"victory":false,"max_hp_per_floor":[70,75,75,69,69,69,69,69,69,69,69,69,69,69,69,69,69],"card_choices":[{"not_picked":[],"picked":"BettingIsNotGood","floor":0},{"not_picked":["MagicBullet","RedEyes"],"picked":"SKIP","floor":1},{"not_picked":["CUTE","Beak"],"picked":"SKIP","floor":14}],"player_experience":32416,"relics_obtained":[{"floor":1,"key":"LetterFromLob"},{"floor":9,"key":"Snack Pack"},{"floor":15,"key":"Unceasing Top"}],"event_choices":[{"damage_healed":0,"gold_gain":0,"player_choice":"Lose Max HP","damage_taken":0,"relics_obtained":["Golden Idol"],"max_hp_gain":0,"max_hp_loss":6,"event_name":"Golden Idol","floor":4,"gold_loss":0}],"is_beta":false,"boss_relics":[],"items_purged_floors":[],"is_endless":false,"potions_floor_spawned":[],"killed_by":"Fading Forest","ascension_level":0}}