{"host":"ovivighfa421z0zp","time":1614251807,"event":{"mods":["BaseMod","Colored Map","DeckTracker","Keyboard Shortcuts","Minty Spire (QoL Compilation)","Permanent Neow","Quick Restart","Replay The Spire","StSLib","SuperFastMode","The Cursed","The Hierophant"],"gold_per_floor":[115,137,28,28,43,43,72,72,98,114,189,64,83,84,84,185,185,202,230,230,167,194,194,222,240,314,351,450,468,468,494,494,598,598,623,651,427,450,456,456,481,481,481,535,575,575,593,621,621,621],"floor_reached":51,"language":"KOR","playtime":2186,"items_purged":["hierophant:Strike_Hierophant","hierophant:Strike_Hierophant","hierophant:Strike_Hierophant","hierophant:Defend_Hierophant"],"score":1032,"play_id":"27d1a8fd-2ad5-4d9e-8076-3fb699778773","local_time":"20210225201647","is_ascension_mode":true,"campfire_choices":[{"data":"hierophant:LocustPlague","floor":6.0,"key":"SMITH"},{"data":"hierophant:ChurchCoffers","floor":8.0,"key":"SMITH"},{"data":"hierophant:LocustPlague","floor":23.0,"key":"SMITH"},{"floor":30.0,"key":"REST"},{"floor":40.0,"key":"REST"},{"data":"hierophant:ThreeLashes","floor":46,"key":"PURGE"},{"floor":49,"key":"REST"}],"circlet_count":0,"master_deck":["AscendersBane","hierophant:Punish","hierophant:Defend_Hierophant","hierophant:Defend_Hierophant","hierophant:Defend_Hierophant","hierophant:ChurchCoffers+1","hierophant:LocustPlague+1","hierophant:OrnateBuckler+1","hierophant:HammerAndAnvil+1","hierophant:Encroach+1","Violence+1","hierophant:Alms+1","hierophant:Glossolalia+1","hierophant:Exaltation+1","hierophant:Rebuild+1","hierophant:Doubloon+1","hierophant:LocustPlague+1","hierophant:FieryStrike","hierophant:Sermon+1","hierophant:OrnateJavelin","hierophant:Prophecy+1","hierophant:WrathOfGod","hierophant:Invocation+1","hierophant:Encroach+1","hierophant:Levitation+1","ReplayTheSpireMod:Private Reserves+1"],"relics":["hierophant:PropheticMaskRelic","Membership Card","Toxic Egg 2","Frozen Egg 2","Mirror","Replay:Multitool","Strawberry","Painkiller Herb","Replay:Mystery Machine","Pear","Shuriken","Velvet Choker","PreservedInsect","Replay:Bottled Snecko","Ginger","Darkstone Periapt"],"acts_visited":["Exordium","TheCity","TheBeyond"],"potions_floor_usage":[44,50,50],"damage_taken":[{"damage":6.0,"enemies":"Cultist","floor":1.0,"turns":3.0},{"damage":2.0,"enemies":"Jaw Worm","floor":2.0,"turns":4.0},{"damage":0.0,"enemies":"Small Slimes","floor":5.0,"turns":2.0},{"damage":15.0,"enemies":"Lagavulin","floor":7.0,"turns":5.0},{"damage":0.0,"enemies":"Looter","floor":10.0,"turns":2.0},{"damage":0.0,"enemies":"Exordium Wildlife","floor":13.0,"turns":1.0},{"damage":0.0,"enemies":"3 Louse","floor":14.0,"turns":2.0},{"damage":3.0,"enemies":"Slime Boss","floor":16.0,"turns":6.0},{"damage":0.0,"enemies":"Shell Parasite","floor":18.0,"turns":1.0},{"damage":0.0,"enemies":"Spheric Guardian","floor":19.0,"turns":1.0},{"damage":2.0,"enemies":"3 Cultists","floor":22.0,"turns":4.0},{"damage":0.0,"enemies":"Snecko","floor":24.0,"turns":3.0},{"damage":10.0,"enemies":"Book of Stabbing","floor":25.0,"turns":3.0},{"damage":29.0,"enemies":"Slavers","floor":27.0,"turns":2.0},{"damage":8.0,"enemies":"Centurion and Healer","floor":29.0,"turns":3.0},{"damage":7.0,"enemies":"Shelled Parasite and Fungi","floor":31.0,"turns":3.0},{"damage":0.0,"enemies":"Collector","floor":33.0,"turns":3.0},{"damage":35.0,"enemies":"3 Shapes","floor":35.0,"turns":2.0},{"damage":0.0,"enemies":"3 Darklings","floor":36.0,"turns":3.0},{"damage":6.0,"enemies":"Spire Growth","floor":38.0,"turns":3.0},{"damage":4.0,"enemies":"Sphere and 2 Shapes","floor":39.0,"turns":5.0},{"damage":0.0,"enemies":"Jaw Worm Horde","floor":41.0,"turns":1.0},{"damage":0,"enemies":"Mind Bloom Boss Battle","floor":44,"turns":2},{"damage":0,"enemies":"Reptomancer","floor":45,"turns":2},{"damage":16,"enemies":"3 Darklings","floor":47,"turns":2},{"damage":0,"enemies":"Sphere and 2 Shapes","floor":48,"turns":2},{"damage":22,"enemies":"Awakened One","floor":50,"turns":7}],"seed_played":"3862806102188912195","potions_obtained":[{"floor":2.0,"key":"DuplicationPotion"},{"floor":10.0,"key":"Energy Potion"},{"floor":14.0,"key":"Regen Potion"},{"floor":18.0,"key":"EntropicBrew"},{"floor":22.0,"key":"Elixir"},{"floor":31.0,"key":"Strength Potion"},{"floor":33.0,"key":"ColorlessPotion"},{"floor":36.0,"key":"Fire Potion"},{"floor":44,"key":"PowerPotion"},{"floor":47,"key":"FearPotion"},{"floor":48,"key":"Weak Potion"}],"is_trial":false,"path_per_floor":["M","M","$","T","M","R","E","R","T","M","?","$","M","M","R","B",null,"?","?","?","T","?","T","?","E","T","E","?","?","T","?","T","B",null,"?","?","T","?","?","T","?","?","T","?","E","T","?","?","T","B",null],"character_chosen":"HIEROPHANT","items_purchased":["Membership Card","Toxic Egg 2","Frozen Egg 2","hierophant:HammerAndAnvil+1","hierophant:Encroach+1","Violence+1","hierophant:ThreeLashes","hierophant:Glossolalia+1","hierophant:Exaltation+1","PreservedInsect","hierophant:Levitation+1"],"campfire_rested":3,"item_purchase_floors":[3,3,3,3,3,3,3,12,12,37,37],"current_hp_per_floor":[62,60,60,60,60,60,45,45,52,52,41,41,41,41,41,53,70,70,70,70,70,68,68,68,58,68,39,39,31,56,49,74,74,82,47,47,47,41,37,62,62,62,62,62,62,62,46,46,71,49],"gold":621,"neow_bonus":"THREE_RARE_CARDS","is_daily":false,"chose_seed":false,"campfire_upgraded":3,"win_rate":0.0,"timestamp":1614251807,"path_taken":["M","?","$","?","M","R","E","R","T","M","?","$","M","M","R","BOSS","?","?","?","T","?","T","?","E","T","E","?","?","T","?","T","BOSS","?","?","T","?","?","T","?","?","T","?","E","T","?","?","T","BOSS"],"items_purchased_type":["Relic","Relic","Relic","Card","Card","Card","Card","Card","Card","Relic","Card"],"build_version":"2020-12-22","purchased_purges":4,"victory":true,"max_hp_per_floor":[68,68,68,68,68,68,68,68,75,75,75,75,75,75,75,75,75,75,75,75,75,75,75,75,75,85,85,85,85,85,85,85,85,85,85,85,85,85,85,85,85,85,85,85,85,85,85,85,85,85],"card_choices":[{"not_picked":["hierophant:MintersHammer","hierophant:Invocation"],"picked":"hierophant:LocustPlague","floor":0.0},{"not_picked":["hierophant:AuricBeam","hierophant:Endure"],"picked":"hierophant:OrnateBuckler","floor":1.0},{"not_picked":["hierophant:Doomsaying","hierophant:AuricShield","hierophant:Endure"],"picked":"SKIP","floor":2.0},{"not_picked":["hierophant:Mercenaries","hierophant:ConvertCurrency+1","hierophant:Endure+1"],"picked":"SKIP","floor":5.0},{"not_picked":["hierophant:TollTheBells+1","hierophant:ArchangelShield+1","hierophant:Patience+1"],"picked":"SKIP","floor":7.0},{"not_picked":["hierophant:Doubloon+1","hierophant:Patience+1"],"picked":"hierophant:Alms+1","floor":10.0},{"not_picked":["hierophant:OrnateBuckler+1","hierophant:Shelter+1","hierophant:DivineIntervention+1"],"picked":"SKIP","floor":13.0},{"not_picked":["hierophant:HolyVerse+1","hierophant:DisplayOfPower"],"picked":"hierophant:Rebuild+1","floor":14.0},{"not_picked":["hierophant:DivineIntervention+1","hierophant:Cornucopia+1"],"picked":"hierophant:LocustPlague","floor":16.0},{"not_picked":["hierophant:SealAway+1","hierophant:Smite","hierophant:PristineSoul+1"],"picked":"SKIP","floor":18.0},{"not_picked":["hierophant:Upheaval","hierophant:HolyVerse+1"],"picked":"hierophant:FieryStrike","floor":19.0},{"not_picked":["hierophant:Repentance+1","hierophant:SealAway","hierophant:Refuge+1"],"picked":"SKIP","floor":22.0},{"not_picked":["hierophant:SecretStash+1","hierophant:HammerAndAnvil+1"],"picked":"hierophant:Sermon+1","floor":24.0},{"not_picked":["hierophant:Shelter+1","hierophant:DisplayOfPower"],"picked":"hierophant:OrnateJavelin","floor":25.0},{"not_picked":["hierophant:ArchangelShield+1","hierophant:DisplayOfPower"],"picked":"hierophant:Prophecy+1","floor":27.0},{"not_picked":["hierophant:Doubloon+1","hierophant:Refuge+1","hierophant:Remorse"],"picked":"SKIP","floor":29.0},{"not_picked":["hierophant:EyeForCoin+1","hierophant:AuricBeam"],"picked":"hierophant:WrathOfGod","floor":31.0},{"not_picked":["hierophant:WrathOfGod","hierophant:MintersHammer"],"picked":"hierophant:Invocation+1","floor":33.0},{"not_picked":["hierophant:MorningPrayer+1","hierophant:FlamingChariot"],"picked":"hierophant:Encroach+1","floor":35.0},{"not_picked":["hierophant:Doubloon+1","hierophant:MirrorShield+1","hierophant:Smite"],"picked":"SKIP","floor":36.0},{"not_picked":["hierophant:Blessing+1","hierophant:PassingBell+1","hierophant:FieryStrike"],"picked":"SKIP","floor":38.0},{"not_picked":["hierophant:SealAway+1","hierophant:RepressedViolence","hierophant:Batter"],"picked":"SKIP","floor":39.0},{"not_picked":["hierophant:Sermon+1","hierophant:Refuge+1","hierophant:ThreeLashes+1"],"picked":"SKIP","floor":41.0},{"not_picked":["Blind+1","Magnetism+1"],"picked":"ReplayTheSpireMod:Private Reserves+1","floor":42.0},{"not_picked":["hierophant:PristineSoul+1","hierophant:Doubloon+1","hierophant:MirrorShield+1"],"picked":"SKIP","floor":45},{"not_picked":["hierophant:Smite","hierophant:AuricBeam+1","hierophant:HolyVerse+1"],"picked":"SKIP","floor":47},{"not_picked":["hierophant:Doomsaying+1","hierophant:AuricBeam","hierophant:SealAway+1"],"picked":"SKIP","floor":48}],"player_experience":871529,"relics_obtained":[{"floor":4.0,"key":"Mirror"},{"floor":7.0,"key":"Replay:Multitool"},{"floor":9.0,"key":"Strawberry"},{"floor":25.0,"key":"Replay:Mystery Machine"},{"floor":26.0,"key":"Pear"},{"floor":27.0,"key":"Shuriken"},{"floor":43.0,"key":"Replay:Bottled Snecko"},{"floor":44,"key":"Ginger"},{"floor":45,"key":"Darkstone Periapt"}],"event_choices":[{"damage_healed":0.0,"max_hp_gain":0.0,"max_hp_loss":0.0,"gold_gain":75.0,"event_name":"World of Goop","player_choice":"Gather Gold","floor":11.0,"gold_loss":0.0,"damage_taken":11.0},{"damage_healed":0.0,"max_hp_gain":0.0,"max_hp_loss":0.0,"gold_gain":99.0,"event_name":"Nest","player_choice":"Stole From Cult","floor":28.0,"gold_loss":0.0,"damage_taken":0.0},{"damage_healed":0.0,"max_hp_gain":0.0,"max_hp_loss":0.0,"gold_gain":0.0,"event_name":"SensoryStone","player_choice":"Memory 1","floor":42.0,"gold_loss":0.0,"damage_taken":0.0},{"damage_healed":0,"gold_gain":0,"player_choice":"Fight","damage_taken":0,"max_hp_gain":0,"max_hp_loss":0,"event_name":"MindBloom","floor":44,"gold_loss":0}],"is_beta":false,"boss_relics":[{"not_picked":["SacredBark","Kintsugi"],"picked":"Painkiller Herb"},{"not_picked":["Honey Jar","Replay:Bronze Core"],"picked":"Velvet Choker"}],"items_purged_floors":[3,12,21,37],"is_endless":false,"potions_floor_spawned":[2,10,14,18,22,31,33,36,41,44,47,48],"ascension_level":12}}