{"host":"08xvxt5w1s7zc7e5","time":1614229423,"event":{"mods":["AchievementEnabler","BaseMod","DeckTracker","Minty Spire (QoL Compilation)","Quick Restart","StSLib","SuperFastMode"],"gold_per_floor":[114,124,135,19,19,49,49,60,85,141,141,141,155,184,184,294,294,323,332,350,47,76,76,76,76],"floor_reached":24,"language":"KOR","playtime":1203,"items_purged":["Doubt"],"score":304,"play_id":"971585fd-1acf-44b0-9077-898494b4c4cf","local_time":"20210225140343","is_ascension_mode":true,"campfire_choices":[{"data":"Neutralize","floor":7.0,"key":"SMITH"},{"data":"Noxious Fumes","floor":11.0,"key":"SMITH"},{"data":"Bane","floor":15.0,"key":"SMITH"},{"data":"Tactician","floor":23,"key":"SMITH"}],"circlet_count":0,"master_deck":["AscendersBane","Strike_G","Strike_G","Strike_G+1","Strike_G","Defend_G","Defend_G","Defend_G","Defend_G","Survivor","Neutralize+1","Doppelganger","Predator+1","Blade Dance","After Image","Noxious Fumes+1","Backstab","Bane+1","Backstab","After Image","Bouncing Flask","Masterful Stab","Secret Technique","Tactician+1"],"relics":["Ring of the Serpent","Whetstone","Oddly Smooth Stone","CeramicFish"],"acts_visited":["Exordium","TheCity"],"potions_floor_usage":[18,22],"damage_taken":[{"damage":3.0,"enemies":"Jaw Worm","floor":1.0,"turns":5.0},{"damage":0.0,"enemies":"2 Louse","floor":2.0,"turns":3.0},{"damage":0.0,"enemies":"Small Slimes","floor":3.0,"turns":3.0},{"damage":27.0,"enemies":"Lagavulin","floor":6.0,"turns":6.0},{"damage":13.0,"enemies":"Blue Slaver","floor":8.0,"turns":2.0},{"damage":3.0,"enemies":"Lagavulin Event","floor":10.0,"turns":6.0},{"damage":0.0,"enemies":"Large Slime","floor":13.0,"turns":3.0},{"damage":0.0,"enemies":"3 Louse","floor":14.0,"turns":2.0},{"damage":19.0,"enemies":"The Guardian","floor":16.0,"turns":10.0},{"damage":2,"enemies":"Shell Parasite","floor":18,"turns":6},{"damage":26,"enemies":"2 Thieves","floor":22,"turns":4},{"damage":41,"enemies":"Book of Stabbing","floor":24,"turns":5}],"seed_played":"3824152534483702999","potions_obtained":[{"floor":2.0,"key":"EntropicBrew"},{"floor":8.0,"key":"BlessingOfTheForge"},{"floor":13.0,"key":"Explosive Potion"},{"floor":16,"key":"SneckoOil"}],"is_trial":false,"path_per_floor":["M","M","M","$","?","E","R","M","T","?","R","?","M","M","R","B",null,"M","?","?","$","M","R","E"],"character_chosen":"THE_SILENT","items_purchased":["Noxious Fumes","Backstab","Secret Technique","BlessingOfTheForge"],"campfire_rested":0,"item_purchase_floors":[4,4,21,21],"current_hp_per_floor":[60,60,60,60,53,38,38,25,25,22,22,45,45,45,45,26,59,57,57,57,57,31,31,0,0],"gold":76,"neow_bonus":"ONE_RANDOM_RARE_CARD","is_daily":false,"chose_seed":false,"campfire_upgraded":4,"win_rate":0.0,"timestamp":1614229423,"path_taken":["M","M","M","$","?","E","R","M","T","?","R","?","M","M","R","BOSS","BOSS","M","?","?","$","M","R","E"],"items_purchased_type":["Card","Card","Card","Potion"],"build_version":"2020-12-22","purchased_purges":1,"victory":false,"max_hp_per_floor":[70,70,70,70,70,70,70,70,70,70,70,70,70,70,70,70,70,70,70,70,70,70,70,70,70],"card_choices":[{"not_picked":["Cloak And Dagger","PiercingWail"],"picked":"Predator","floor":1.0},{"not_picked":["Bane","Slice"],"picked":"Blade Dance","floor":2.0},{"not_picked":["Underhanded Strike","Bane"],"picked":"After Image","floor":3.0},{"not_picked":["Flying Knee","Underhanded Strike","Infinite Blades"],"picked":"SKIP","floor":6.0},{"not_picked":["Flying Knee","Eviscerate"],"picked":"Bane","floor":8.0},{"not_picked":["Well Laid Plans","Heel Hook","Flechettes"],"picked":"SKIP","floor":13.0},{"not_picked":["Acrobatics","Deflect"],"picked":"Backstab","floor":14.0},{"not_picked":["Wraith Form v2","Glass Knife"],"picked":"After Image","floor":16},{"not_picked":["Outmaneuver","Deadly Poison"],"picked":"Bouncing Flask","floor":18},{"not_picked":["Backstab","All Out Attack"],"picked":"Tactician","floor":22}],"player_experience":425256,"relics_obtained":[{"floor":6.0,"key":"Whetstone"},{"floor":9.0,"key":"Oddly Smooth Stone"}],"event_choices":[{"cards_removed":["Strike_G"],"damage_healed":0.0,"max_hp_gain":0.0,"max_hp_loss":0.0,"gold_gain":0.0,"event_name":"Golden Wing","player_choice":"Card Removal","floor":5.0,"gold_loss":0.0,"damage_taken":7.0},{"damage_healed":0.0,"max_hp_gain":0.0,"max_hp_loss":0.0,"gold_gain":0.0,"event_name":"Dead Adventurer","player_choice":"Searched \u00272\u0027 times","floor":10.0,"gold_loss":0.0,"damage_taken":0.0,"relics_obtained":["CeramicFish"]},{"damage_healed":23.0,"max_hp_gain":0.0,"max_hp_loss":0.0,"gold_gain":0.0,"event_name":"Big Fish","player_choice":"Banana","floor":12.0,"gold_loss":0.0,"damage_taken":0.0},{"damage_healed":0,"gold_gain":0,"player_choice":"Smashed Altar","damage_taken":0,"max_hp_gain":0,"max_hp_loss":0,"event_name":"Forgotten Altar","floor":19,"gold_loss":0,"cards_obtained":["Decay"]},{"damage_healed":0,"gold_gain":0,"cards_transformed":["Decay","Defend_G"],"player_choice":"Became Test Subject","damage_taken":0,"max_hp_gain":0,"max_hp_loss":0,"event_name":"Drug Dealer","floor":20,"gold_loss":0,"cards_obtained":["Doubt","Masterful Stab"]}],"is_beta":false,"boss_relics":[{"not_picked":["SlaversCollar","Black Star"],"picked":"Ring of the Serpent"}],"items_purged_floors":[21],"is_endless":false,"potions_floor_spawned":[2,8,13,16],"killed_by":"Book of Stabbing","ascension_level":11}}