{"host":"jegehu1t82aiec5j","time":1614283130,"event":{"mods":["BaseMod","Colored Map","Minty Spire (QoL Compilation)","Relic Stats","StSLib"],"gold_per_floor":[115,290,115,75,95,125,125,157,157,167,232,262,262,272,272,369,369,387,17,17,29,44,77,110,137,161,188,199,226,226,242,242,340,340,352,352,396,76,76,107,107,147,147,193,258,276,276,319,319,319],"floor_reached":51,"language":"ENG","playtime":3002,"items_purged":["Doubt"],"score":1322,"play_id":"03fe8625-8975-41f2-9e3c-7e6469bf12cd","local_time":"20210225145850","is_ascension_mode":true,"campfire_choices":[{"floor":7,"key":"REST"},{"floor":13,"key":"REST"},{"data":"Omniscience","floor":15,"key":"SMITH"},{"data":"Ragnarok","floor":32,"key":"SMITH"},{"data":"Wish","floor":41,"key":"SMITH"},{"data":"Strike_P","floor":49,"key":"PURGE"}],"circlet_count":0,"master_deck":["Strike_P","Strike_P","Defend_P+1","Defend_P","Defend_P","Defend_P","Eruption","Vigilance+1","Mayhem","Mayhem","Mayhem","Mayhem","Mayhem","Mayhem","Mayhem","Mayhem","Mayhem","Mayhem","Mayhem","Mayhem","Mayhem","Mayhem","Mayhem","Mayhem","Mayhem","Mayhem","Mayhem","Mayhem","Mayhem","Mayhem","Mayhem","Mayhem","Mayhem","WaveOfTheHand","BowlingBash","Worship","SandsOfTime","FlurryOfBlows","Wallop","Protect","Study","Omniscience+1","Ragnarok+1","Wallop+1","Swivel","ReachHeaven","Vault","Consecrate+1","Evaluate","FollowUp+1","FearNoEvil+1","CrushJoints+1","Establishment","Alpha","Evaluate+1","Wish+1","Swivel","Wallop+1","SashWhip+1"],"relics":["PureWater","WarpedTongs","Bird Faced Urn","White Beast Statue","Omamori","Strawberry","Toy Ornithopter","Odd Mushroom","Black Star","Incense Burner","Peace Pipe","WingedGreaves","Bag of Marbles","Molten Egg 2","Akabeko","Pen Nib","Orichalcum","Damaru","Blood Vial","Ornamental Fan","Meat on the Bone","Cursed Key","InkBottle","Smiling Mask","StrikeDummy","Art of War","War Paint","Bottled Flame"],"acts_visited":["Exordium","TheCity","TheBeyond"],"potions_floor_usage":[45,50],"damage_taken":[{"damage":15,"enemies":"Jaw Worm","floor":1,"turns":5},{"damage":33,"enemies":"Cultist","floor":5,"turns":5},{"damage":59,"enemies":"Gremlin Nob","floor":6,"turns":5},{"damage":29,"enemies":"Lagavulin","floor":8,"turns":6},{"damage":14,"enemies":"2 Louse","floor":10,"turns":4},{"damage":18,"enemies":"3 Sentries","floor":11,"turns":7},{"damage":38,"enemies":"The Mushroom Lair","floor":12,"turns":6},{"damage":45,"enemies":"Gremlin Gang","floor":14,"turns":6},{"damage":44,"enemies":"Hexaghost","floor":16,"turns":6},{"damage":51,"enemies":"Shell Parasite","floor":18,"turns":6},{"damage":1,"enemies":"Chosen","floor":21,"turns":7},{"damage":32,"enemies":"Shelled Parasite and Fungi","floor":22,"turns":5},{"damage":46,"enemies":"Book of Stabbing","floor":23,"turns":6},{"damage":53,"enemies":"Gremlin Leader","floor":24,"turns":8},{"damage":40,"enemies":"Book of Stabbing","floor":25,"turns":7},{"damage":46,"enemies":"Gremlin Leader","floor":27,"turns":8},{"damage":29,"enemies":"Snake Plant","floor":28,"turns":6},{"damage":6,"enemies":"Book of Stabbing","floor":29,"turns":6},{"damage":2,"enemies":"Chosen and Byrds","floor":31,"turns":6},{"damage":0,"enemies":"Champ","floor":33,"turns":8},{"damage":30,"enemies":"3 Shapes","floor":35,"turns":6},{"damage":60,"enemies":"3 Darklings","floor":37,"turns":7},{"damage":8,"enemies":"Giant Head","floor":40,"turns":6},{"damage":37,"enemies":"Jaw Worm Horde","floor":42,"turns":5},{"damage":31,"enemies":"Nemesis","floor":45,"turns":8},{"damage":0,"enemies":"Transient","floor":46,"turns":5},{"damage":10,"enemies":"Writhing Mass","floor":48,"turns":6},{"damage":37,"enemies":"Time Eater","floor":50,"turns":8}],"seed_played":"-6054091275573471143","potions_obtained":[{"floor":4,"key":"SmokeBomb"},{"floor":4,"key":"Dexterity Potion"},{"floor":4,"key":"Ambrosia"},{"floor":16,"key":"PowerPotion"},{"floor":45,"key":"DistilledChaos"}],"is_trial":false,"path_per_floor":["M","?","$","?","M","E","R","E","T","M","?","?","R","M","R","B",null,"M","$","?","M","M","E","E","E","T","E","M","E","?","M","R","B",null,"M","?","M","$","?","E","R","M","T","T","E","M","?","M","R","B",null],"character_chosen":"WATCHER","items_purchased":["BowlingBash","Worship","Incense Burner","Swivel","Wallop+1","InkBottle"],"campfire_rested":2,"item_purchase_floors":[3,3,19,19,38,38],"current_hp_per_floor":[79,79,79,79,56,45,68,61,68,68,86,78,86,86,86,86,86,75,75,75,86,86,79,72,64,64,68,83,86,86,86,86,86,86,86,86,64,64,64,86,86,75,75,75,86,86,86,86,86,81],"gold":319,"neow_bonus":"TEN_PERCENT_HP_BONUS","is_daily":false,"chose_seed":false,"campfire_upgraded":3,"win_rate":0.0,"timestamp":1614283130,"path_taken":["M","?","$","?","M","E","R","E","T","?","?","?","R","M","R","BOSS","M","$","?","?","?","E","E","E","T","E","M","E","?","M","R","BOSS","M","?","?","$","?","E","R","M","T","?","E","M","?","?","R","BOSS"],"items_purchased_type":["Card","Card","Relic","Card","Card","Relic"],"build_version":"2020-12-22","purchased_purges":1,"victory":true,"max_hp_per_floor":[79,79,79,79,79,79,79,79,86,86,86,86,86,86,86,86,86,86,86,86,86,86,86,86,86,86,86,86,86,86,86,86,86,86,86,86,86,86,86,86,86,86,86,86,86,86,86,86,86,86],"relic_stats":{"counters":[28,174],"Pen Nib":[20],"Orichalcum":[132],"War Paint":["Defend_P","Vigilance"],"Cursed Key":1,"Smiling Mask":0,"WarpedTongs":[174],"Peace Pipe":1,"Blood Vial":8,"Ornamental Fan":[152],"Bird Faced Urn":[774],"Black Star":7,"Art of War":[5],"obtain_stats":[{"Incense Burner":19,"Cursed Key":34,"Smiling Mask":40,"Blood Vial":27,"Strawberry":9,"WingedGreaves":23,"InkBottle":38,"Damaru":27,"Pen Nib":25,"Omamori":8,"Odd Mushroom":12,"Orichalcum":26,"War Paint":45,"White Beast Statue":6,"Akabeko":25,"WarpedTongs":0,"Peace Pipe":23,"Bottled Flame":45,"Ornamental Fan":29,"Bird Faced Urn":0,"Molten Egg 2":24,"Black Star":17,"Bag of Marbles":24,"Art of War":44,"PureWater":0,"StrikeDummy":40,"Toy Ornithopter":11,"Meat on the Bone":29},{"Incense Burner":10,"Cursed Key":20,"Smiling Mask":23,"Blood Vial":16,"Strawberry":4,"WingedGreaves":13,"InkBottle":22,"Damaru":16,"Pen Nib":15,"Omamori":4,"Odd Mushroom":7,"Orichalcum":15,"War Paint":25,"White Beast Statue":3,"Akabeko":15,"WarpedTongs":0,"Peace Pipe":13,"Bottled Flame":25,"Ornamental Fan":18,"Bird Faced Urn":0,"Molten Egg 2":14,"Black Star":9,"Bag of Marbles":14,"Art of War":24,"PureWater":0,"StrikeDummy":23,"Toy Ornithopter":6,"Meat on the Bone":18},{"Incense Burner":56,"Cursed Key":123,"Smiling Mask":142,"Blood Vial":97,"Strawberry":21,"WingedGreaves":74,"InkBottle":136,"Damaru":97,"Pen Nib":89,"Omamori":21,"Odd Mushroom":38,"Orichalcum":89,"War Paint":155,"White Beast Statue":15,"Akabeko":89,"WarpedTongs":0,"Peace Pipe":74,"Bottled Flame":155,"Ornamental Fan":109,"Bird Faced Urn":0,"Molten Egg 2":82,"Black Star":50,"Bag of Marbles":82,"Art of War":147,"PureWater":0,"StrikeDummy":142,"Toy Ornithopter":32,"Meat on the Bone":109}],"Toy Ornithopter":3,"InkBottle":[32],"Meat on the Bone":0},"card_choices":[{"not_picked":["Prostrate","JustLucky"],"picked":"WaveOfTheHand","floor":1},{"not_picked":["ClearTheMind","Indignation"],"picked":"SandsOfTime","floor":5},{"not_picked":["FlurryOfBlows","WindmillStrike","Prostrate"],"picked":"SKIP","floor":6},{"not_picked":["WindmillStrike","Prostrate"],"picked":"FlurryOfBlows","floor":6},{"not_picked":["SignatureMove","ReachHeaven"],"picked":"Wallop","floor":8},{"not_picked":["CarveReality","Perseverance","Halt"],"picked":"SKIP","floor":10},{"not_picked":["Meditate","FlurryOfBlows"],"picked":"Protect","floor":11},{"not_picked":["BowlingBash","Protect"],"picked":"Study","floor":12},{"not_picked":["Adaptation","Perseverance"],"picked":"Omniscience","floor":14},{"not_picked":["Brilliance","Establishment"],"picked":"Ragnarok","floor":16},{"not_picked":["Prostrate","Consecrate"],"picked":"Wallop+1","floor":18},{"not_picked":["SashWhip","EmptyBody","Indignation"],"picked":"SKIP","floor":21},{"not_picked":["JustLucky","Halt"],"picked":"ReachHeaven","floor":22},{"not_picked":["Crescendo","Conclude"],"picked":"Vault","floor":23},{"not_picked":["EmptyBody+1","MentalFortress"],"picked":"Consecrate+1","floor":24},{"not_picked":["Worship","SignatureMove+1"],"picked":"Evaluate","floor":25},{"not_picked":["FearNoEvil+1","PathToVictory","Perseverance"],"picked":"SKIP","floor":27},{"not_picked":["CutThroughFate+1","Prostrate"],"picked":"FollowUp+1","floor":28},{"not_picked":["Establishment","Adaptation"],"picked":"FearNoEvil+1","floor":29},{"not_picked":["CrushJoints+1","Sanctity","Conclude+1"],"picked":"SKIP","floor":31},{"not_picked":["Judgement","LessonLearned+1"],"picked":"Alpha","floor":33},{"not_picked":["FlurryOfBlows+1","EmptyFist+1"],"picked":"Evaluate+1","floor":35},{"not_picked":["Sanctity","Nirvana+1"],"picked":"Swivel","floor":37},{"not_picked":["BowlingBash+1","Evaluate","CutThroughFate+1"],"picked":"SKIP","floor":40},{"not_picked":["Conclude+1","Crescendo+1","CutThroughFate+1"],"picked":"SKIP","floor":42},{"not_picked":["CrushJoints+1","EmptyMind"],"picked":"SashWhip+1","floor":45},{"not_picked":["SashWhip+1","MasterReality","WindmillStrike+1"],"picked":"SKIP","floor":46},{"not_picked":["WindmillStrike+1","PathToVictory+1","FearNoEvil+1"],"picked":"SKIP","floor":48}],"player_experience":2654298,"relics_obtained":[{"floor":6,"key":"White Beast Statue"},{"floor":8,"key":"Omamori"},{"floor":9,"key":"Strawberry"},{"floor":11,"key":"Toy Ornithopter"},{"floor":12,"key":"Odd Mushroom"},{"floor":23,"key":"Peace Pipe"},{"floor":23,"key":"WingedGreaves"},{"floor":24,"key":"Bag of Marbles"},{"floor":24,"key":"Molten Egg 2"},{"floor":25,"key":"Akabeko"},{"floor":25,"key":"Pen Nib"},{"floor":26,"key":"Orichalcum"},{"floor":27,"key":"Damaru"},{"floor":27,"key":"Blood Vial"},{"floor":29,"key":"Ornamental Fan"},{"floor":29,"key":"Meat on the Bone"},{"floor":40,"key":"Smiling Mask"},{"floor":40,"key":"StrikeDummy"},{"floor":44,"key":"Art of War"},{"floor":45,"key":"War Paint"},{"floor":45,"key":"Bottled Flame"}],"event_choices":[{"damage_healed":0,"gold_gain":175,"player_choice":"AGREE","damage_taken":0,"max_hp_gain":0,"max_hp_loss":0,"event_name":"Liars Game","floor":2,"gold_loss":0,"cards_obtained":["Doubt"]},{"damage_healed":0,"gold_gain":0,"player_choice":"Bought 3 Potions","damage_taken":0,"max_hp_gain":0,"max_hp_loss":0,"event_name":"The Woman in Blue","floor":4,"gold_loss":0},{"damage_healed":0,"gold_gain":30,"player_choice":"Searched \u00272\u0027 times","damage_taken":0,"max_hp_gain":0,"max_hp_loss":0,"event_name":"Dead Adventurer","floor":11,"gold_loss":0},{"damage_healed":0,"gold_gain":0,"player_choice":"Fought Mushrooms","damage_taken":0,"max_hp_gain":0,"max_hp_loss":0,"event_name":"Mushrooms","floor":12,"gold_loss":0},{"cards_removed":["Strike_P"],"damage_healed":0,"gold_gain":0,"player_choice":"Card Removal","damage_taken":0,"max_hp_gain":0,"max_hp_loss":0,"event_name":"Wheel of Change","floor":20,"gold_loss":0},{"damage_healed":0,"gold_gain":0,"player_choice":"2 cards matched","damage_taken":0,"max_hp_gain":0,"max_hp_loss":0,"event_name":"Match and Keep!","floor":30,"gold_loss":0,"cards_obtained":["CrushJoints","Establishment"]},{"damage_healed":0,"gold_gain":0,"player_choice":"1 cards matched","damage_taken":0,"max_hp_gain":0,"max_hp_loss":0,"event_name":"Match and Keep!","floor":36,"gold_loss":0,"cards_obtained":["Wish"]},{"damage_healed":0,"gold_gain":0,"player_choice":"Ignored","damage_taken":0,"max_hp_gain":0,"max_hp_loss":0,"event_name":"Mysterious Sphere","floor":39,"gold_loss":0},{"damage_healed":0,"gold_gain":0,"player_choice":"Memory 1","damage_taken":0,"max_hp_gain":0,"max_hp_loss":0,"event_name":"SensoryStone","floor":47,"gold_loss":0}],"is_beta":false,"boss_relics":[{"not_picked":["SacredBark","VioletLotus"],"picked":"Black Star"},{"not_picked":["HolyWater","Astrolabe"],"picked":"Cursed Key"}],"items_purged_floors":[3],"is_endless":false,"potions_floor_spawned":[5,6,8,10,11,12,14,16,18,21,22,23,24,25,27,28,29,31,33,35,37,40,42,45,46,48],"ascension_level":6}}