{"host":"jgl9m63d23sfproq","time":1614254608,"event":{"mods":["AchievementEnabler","Act Like it!","Aspiration","Bard","BaseMod","Bossed Relics","Colored Map","Colored Powertips","Conspire","Dark Map","DeckTracker","Downfall","Friendly Minions","Gensokyo","Jedi Mod","Marisa¡]Ãú«B¡@Å]²z¨F¡^","Minty Spire (QoL Compilation)","Quick Restart","READ ME - Guardian Mod","Reliquary","Replay The Spire","Shop Mod","Smile Girya","StSLib","The Blackbeard","The Construct","The Jungle","The Mystic","The Runesmith","The Servant 0.9.4","Wide Potions","Yuyuko","[IsaacMod]¥H¼»¦y¶ð"],"gold_per_floor":[112,112,112,122,141,154,174,174,174,206,171,171,48,83,83,179,179,209,234,234,234,234,234],"floor_reached":22,"language":"ZHS","playtime":621,"items_purged":["Strike_G"],"score":230,"play_id":"4e648b95-be58-4a9f-9e1a-3a6c5ab99bc3","local_time":"20210225200328","is_ascension_mode":false,"campfire_choices":[{"data":"DoctorFetus","floor":12,"key":"SMITH"},{"floor":15,"key":"REST"}],"circlet_count":0,"master_deck":["Strike_G","Strike_G","Strike_G","Defend_G","Defend_G","Defend_G","Defend_G","Survivor","Neutralize","DoctorFetus+1","Hidden Blade","Endless Agony","Blade Dance","Envenom","Blade Dance","Blade Dance","Venomology","Deflect","Infinite Blades+1"],"relics":["Ring of the Snake","HushsDoor","KeepersGift","NeowsBlessing","jedi:archwizardhat","Iron Hammer","Frozen Egg 2","ChampionBelt","reliquary:SharkskinSheath","aspiration:Lifesprig","sneckomod:BabySnecko"],"acts_visited":["Exordium","TheCity"],"potions_floor_usage":[7,10,10,16,19,19,22],"damage_taken":[{"damage":0,"enemies":"Jaw Worm","floor":1,"turns":1},{"damage":0,"enemies":"2 Louse","floor":4,"turns":1},{"damage":0,"enemies":"Cultist","floor":5,"turns":1},{"damage":3,"enemies":"Exordium Wildlife","floor":6,"turns":4},{"damage":0,"enemies":"3 Louse","floor":7,"turns":3},{"damage":36,"enemies":"Gremlin Nob","floor":10,"turns":4},{"damage":31,"enemies":"Lagavulin","floor":14,"turns":4},{"damage":3,"enemies":"Slime Boss","floor":16,"turns":5},{"damage":16,"enemies":"conspire:SneckoGhost","floor":18,"turns":5},{"damage":10,"enemies":"Gremlin Leader","floor":19,"turns":2},{"damage":39,"enemies":"Slavers","floor":22,"turns":3}],"seed_played":"8526832106344072375","potions_obtained":[{"floor":4,"key":"jedi:StrikingPotion"},{"floor":5,"key":"Fire Potion"},{"floor":7,"key":"BlessingOfTheForge"},{"floor":14,"key":"AttackPotion"},{"floor":16,"key":"SpeedPotion"}],"is_trial":false,"path_per_floor":["M","?","?","M","M","M","M","T","T","E","?","R","$","E","R","B",null,"M","M","?","?","M"],"character_chosen":"THE_SILENT","items_purchased":["Blade Dance"],"campfire_rested":1,"item_purchase_floors":[13],"current_hp_per_floor":[70,70,63,63,63,60,60,60,60,24,41,41,41,10,31,28,60,44,34,34,34,0,0],"gold":234,"neow_bonus":"THREE_ENEMY_KILL","is_daily":false,"chose_seed":false,"campfire_upgraded":1,"win_rate":0.0,"timestamp":1614254608,"path_taken":["M","?","?","?","M","M","?","?","T","E","?","R","$","E","R","BOSS","M","M","?","?","?"],"items_purchased_type":["Card"],"build_version":"2020-12-22","purchased_purges":1,"victory":false,"max_hp_per_floor":[70,70,70,70,70,70,70,70,70,70,70,70,70,70,70,70,70,70,70,70,70,70,70],"card_choices":[{"not_picked":[],"picked":"DoctorFetus","floor":0},{"not_picked":["Catalyst","Cloak And Dagger"],"picked":"Hidden Blade","floor":1},{"not_picked":["Leg Sweep","Underhanded Strike"],"picked":"Endless Agony","floor":4},{"not_picked":["Underhanded Strike","Cloak And Dagger"],"picked":"Blade Dance","floor":5},{"not_picked":["Setup","Deadly Poison","Acrobatics"],"picked":"SKIP","floor":6},{"not_picked":["Replay:Poison Smokescreen","Quick Slash","Poisoned Stab"],"picked":"SKIP","floor":7},{"not_picked":["Terror","Bane"],"picked":"Envenom","floor":10},{"not_picked":["Quick Slash","Bane"],"picked":"Blade Dance","floor":14},{"not_picked":["ReplayTheSpireMod:Necrosis","Atom Bomb"],"picked":"Venomology","floor":16},{"not_picked":["Flying Knee","Fluid Movement+1"],"picked":"Deflect","floor":18},{"not_picked":["PiercingWail","Prepared"],"picked":"Infinite Blades+1","floor":19}],"player_experience":69367,"relics_obtained":[{"floor":9,"key":"jedi:archwizardhat"},{"floor":10,"key":"Iron Hammer"},{"floor":14,"key":"Frozen Egg 2"},{"floor":18,"key":"reliquary:SharkskinSheath"},{"floor":19,"key":"aspiration:Lifesprig"}],"event_choices":[{"cards_removed":["Strike_G"],"damage_healed":0,"gold_gain":0,"player_choice":"Card Removal","damage_taken":7,"max_hp_gain":0,"max_hp_loss":0,"event_name":"Golden Wing","floor":3,"gold_loss":0},{"damage_healed":17,"gold_gain":0,"player_choice":"Healed","damage_taken":0,"max_hp_gain":0,"max_hp_loss":0,"event_name":"The Cleric","floor":11,"gold_loss":35},{"cards_removed":["downfall:Bewildered"],"damage_healed":0,"gold_gain":0,"player_choice":"Elegance","damage_taken":0,"max_hp_gain":0,"max_hp_loss":0,"event_name":"Back to Basics","floor":21,"gold_loss":0}],"is_beta":false,"boss_relics":[{"not_picked":["Painkiller Herb","reliquary:RedCape"],"picked":"ChampionBelt"},{"not_picked":[]}],"items_purged_floors":[13],"is_endless":false,"potions_floor_spawned":[4,5,7,14,16,18],"killed_by":"Slavers","ascension_level":20}}