{"host":"bg0cyinkrjnqf173","time":1614230325,"event":{"mods":["BaseMod","Colored Map","Minty Spire (QoL Compilation)","Replay The Spire","StSLib","Together in Spire"],"gold_per_floor":[118,118,137,137,154,187,199,199,226,254,267,267,109,125,125,224,224,244,263,282,184,138,164,183,183,183,183,201,201,77,104,104,199,199,214,214,57,75,90,90,103,131,131,81,115,165,165,184,184,184,184,184,184,210,210],"floor_reached":56,"language":"ENG","playtime":4331,"items_purged":["Defend_P","Defend_P"],"score":832,"play_id":"0145fa10-2e7f-4bc6-99e6-443702c5fe53","local_time":"20210225001845","is_ascension_mode":false,"campfire_choices":[{"data":"Devotion","floor":8.0,"key":"SMITH"},{"data":"BattleHymn","floor":15.0,"key":"SMITH"},{"data":"Omniscience","floor":25,"key":"SMITH"},{"data":"Eruption","floor":27,"key":"SMITH"},{"data":"Prostrate","floor":40,"key":"SMITH"},{"floor":47,"key":"RECALL"},{"floor":49,"key":"REST"},{"data":"Omniscience","floor":52,"key":"SMITH"}],"circlet_count":0,"master_deck":["Strike_P","Strike_P","Strike_P","Defend_P","Defend_P","Eruption+1","Vigilance+1","Prostrate","Prostrate+1","Replay:Battleflow","FlurryOfBlows","Devotion+1","CutThroughFate","Halt","TalkToTheHand","BattleHymn+1","EmptyBody","Omniscience+1","CurseOfTheBell","Crescendo+1","Consecrate","Prostrate+1","Replay:Bootleg Shield Generator","Evaluate","FlurryOfBlows","Prostrate+1","Prostrate+1","Indignation","Prostrate+1","DeusExMachina","Halt","Consecrate+1","Parasite","FlurryOfBlows","EmptyFist","TalkToTheHand+1","Omniscience+1","TalkToTheHand"],"relics":["PureWater","Centennial Puzzle","Akabeko","Boot","Calling Bell","Smiling Mask","Divine Protection","Replay:Towering Pillar of Hats","MealTicket","Replay:Bottled Flurry","Lizard Tail","Sozu","Sling","Pen Nib","Pet Ghost","Ginger","Shovel"],"acts_visited":["TheBeyond","TheEnding"],"potions_floor_usage":[33,50,54],"damage_taken":[{"damage":0.0,"enemies":"Small Slimes","floor":1.0,"turns":2.0},{"damage":0.0,"enemies":"Jaw Worm","floor":3.0,"turns":2.0},{"damage":0.0,"enemies":"Cultist","floor":5.0,"turns":2.0},{"damage":22.0,"enemies":"Gremlin Nob","floor":6.0,"turns":3.0},{"damage":0.0,"enemies":"Large Slime","floor":7.0,"turns":3.0},{"damage":13.0,"enemies":"3 Sentries","floor":10.0,"turns":5.0},{"damage":0.0,"enemies":"Lots of Slimes","floor":11.0,"turns":2.0},{"damage":0.0,"enemies":"Gremlin Gang","floor":14.0,"turns":2.0},{"damage":10.0,"enemies":"Hexaghost","floor":16.0,"turns":4.0},{"damage":0.0,"enemies":"2 Thieves","floor":18.0,"turns":3.0},{"damage":0.0,"enemies":"3 Byrds","floor":19.0,"turns":3.0},{"damage":0.0,"enemies":"3 Cultists","floor":20.0,"turns":3.0},{"damage":10.0,"enemies":"Gremlin Leader","floor":23.0,"turns":4.0},{"damage":4,"enemies":"Shelled Parasite and Fungi","floor":24,"turns":3},{"damage":0,"enemies":"Snecko","floor":28,"turns":3},{"damage":5,"enemies":"Slavers","floor":31,"turns":4},{"damage":5,"enemies":"Pondfish","floor":33,"turns":4},{"damage":0,"enemies":"Orb Walker","floor":35,"turns":3},{"damage":9,"enemies":"3 Shapes","floor":38,"turns":3},{"damage":0,"enemies":"Writhing Mass","floor":39,"turns":3},{"damage":7,"enemies":"Jaw Worm Horde","floor":41,"turns":2},{"damage":0,"enemies":"Giant Head","floor":42,"turns":5},{"damage":19,"enemies":"Nemesis","floor":45,"turns":4},{"damage":3,"enemies":"Mind Bloom Boss Battle","floor":46,"turns":4},{"damage":22,"enemies":"4 Shapes","floor":48,"turns":3},{"damage":19,"enemies":"Replay:Hell Engine","floor":50,"turns":5},{"damage":36,"enemies":"Shield and Spear","floor":54,"turns":4},{"damage":61,"enemies":"The Heart","floor":55,"turns":6}],"seed_played":"6022244667848379038","potions_obtained":[{"floor":3.0,"key":"Fruit Juice"},{"floor":5.0,"key":"BottledMiracle"},{"floor":10.0,"key":"PowerPotion"},{"floor":11.0,"key":"Weak Potion"},{"floor":12.0,"key":"LiquidMemories"},{"floor":19.0,"key":"Ambrosia"},{"floor":33,"key":"Weak Potion"}],"is_trial":false,"path_per_floor":["M","?","M","?","M","E","M","R","T","E","M","?","$","M","R","B",null,"M","M","M","$","$","E","M","R","T","R","M","?","$","E","R_BF","B",null,"M","?","$","M","M","R","M","E","T","$","E","?","R","M","R","B",null,"R","$","E","B",null],"character_chosen":"WATCHER","items_purchased":["TalkToTheHand","BattleHymn","Replay:Bootleg Shield Generator","Evaluate","Indignation","Sling"],"campfire_rested":1,"item_purchase_floors":[13,13,21,22,30,37],"current_hp_per_floor":[79,79,79,79,79,62,62,62,62,49,49,49,49,49,49,39,84,84,84,84,84,84,74,70,70,70,70,70,70,84,79,84,79,84,84,84,84,75,75,75,68,68,68,83,64,61,61,39,64,45,84,84,84,69,8],"gold":210,"neow_bonus":"TEN_PERCENT_HP_BONUS","is_daily":false,"chose_seed":false,"campfire_upgraded":6,"win_rate":0.0,"timestamp":1614230325,"path_taken":["M","?","M","?","?","E","M","R","T","E","M","?","$","M","R","BOSS","M","M","M","?","$","E","?","R","T","R","M","?","$","E","R_BF","BOSS","M","?","$","?","M","R","M","E","T","$","E","?","R","M","R","BOSS","R","$","E","BOSS"],"items_purchased_type":["Card","Card","Card","Card","Card","Relic"],"build_version":"2020-12-22","purchased_purges":2,"victory":true,"max_hp_per_floor":[79,79,79,79,79,84,84,84,84,84,84,84,84,84,84,84,84,84,84,84,84,84,84,84,84,84,84,84,84,84,84,84,84,84,84,84,84,84,84,84,84,84,84,84,84,84,84,84,84,84,84,84,84,84,84],"card_choices":[{"not_picked":["Replay:BluntJabs","CutThroughFate"],"picked":"Prostrate","floor":1.0},{"not_picked":["FollowUp","FlyingSleeves"],"picked":"Prostrate","floor":3.0},{"not_picked":["MentalFortress","WreathOfFlame"],"picked":"Replay:Battleflow","floor":5.0},{"not_picked":["CutThroughFate","JustLucky"],"picked":"FlurryOfBlows","floor":6.0},{"not_picked":["Consecrate","Replay:ManipulateFuture"],"picked":"Devotion","floor":7.0},{"not_picked":["WheelKick","Replay:Anticipation"],"picked":"CutThroughFate","floor":10.0},{"not_picked":["Collect","BowlingBash"],"picked":"Halt","floor":11.0},{"not_picked":["EmptyMind","ClearTheMind"],"picked":"EmptyBody","floor":14.0},{"not_picked":["ConjureBlade","Scrawl"],"picked":"Omniscience","floor":16.0},{"not_picked":["Halt","WaveOfTheHand+1"],"picked":"Crescendo","floor":18.0},{"not_picked":["Conclude","FlyingSleeves"],"picked":"Consecrate","floor":19.0},{"not_picked":["Study","FlurryOfBlows"],"picked":"Prostrate+1","floor":20.0},{"not_picked":["Replay:AtTheReady","Fasting2"],"picked":"FlurryOfBlows","floor":23.0},{"not_picked":["Replay:BluntJabs","Replay:Cycle"],"picked":"Prostrate+1","floor":24},{"not_picked":["FollowUp+1","FlyingSleeves+1"],"picked":"Prostrate+1","floor":28},{"not_picked":["ThirdEye","Meditate"],"picked":"Prostrate+1","floor":31},{"not_picked":["Replay:LoomingThreat","MasterReality"],"picked":"DeusExMachina","floor":33},{"not_picked":["Crescendo","WaveOfTheHand+1"],"picked":"Halt","floor":35},{"not_picked":["Crescendo","Wireheading+1"],"picked":"Consecrate+1","floor":38},{"not_picked":["Conclude","ThirdEye","ClearTheMind"],"picked":"SKIP","floor":39},{"not_picked":["Evaluate","Replay:ManipulateFuture"],"picked":"FlurryOfBlows","floor":41},{"not_picked":["SashWhip","Study"],"picked":"EmptyFist","floor":42},{"not_picked":["WreathOfFlame+1","Replay:DivineShield+1","EmptyFist+1"],"picked":"SKIP","floor":45},{"not_picked":["ThirdEye+1","BowlingBash+1"],"picked":"TalkToTheHand+1","floor":46},{"not_picked":["Tantrum+1","Evaluate"],"picked":"Omniscience","floor":48},{"not_picked":["Replay:Vibes","Perseverance+1"],"picked":"TalkToTheHand","floor":54}],"player_experience":627378,"relics_obtained":[{"floor":6.0,"key":"Centennial Puzzle"},{"floor":9.0,"key":"Akabeko"},{"floor":10.0,"key":"Boot"},{"floor":17.0,"key":"Smiling Mask"},{"floor":17.0,"key":"Divine Protection"},{"floor":17.0,"key":"Replay:Towering Pillar of Hats"},{"floor":23.0,"key":"MealTicket"},{"floor":26,"key":"Replay:Bottled Flurry"},{"floor":31,"key":"Lizard Tail"},{"floor":42,"key":"Pen Nib"},{"floor":43,"key":"Pet Ghost"},{"floor":45,"key":"Ginger"},{"floor":46,"key":"Shovel"}],"event_choices":[{"cards_removed":["Strike_P"],"damage_healed":0.0,"max_hp_gain":0.0,"max_hp_loss":0.0,"gold_gain":0.0,"event_name":"Purifier","player_choice":"Purged","floor":4.0,"gold_loss":0.0,"damage_taken":0.0},{"damage_healed":0.0,"max_hp_gain":0.0,"max_hp_loss":0.0,"gold_gain":0.0,"event_name":"Lab","player_choice":"Got Potions","floor":12.0,"gold_loss":0.0,"damage_taken":0.0},{"damage_healed":0,"gold_gain":0,"player_choice":"0 cards matched","damage_taken":0,"max_hp_gain":0,"max_hp_loss":0,"event_name":"Match and Keep!","floor":36,"gold_loss":0,"cards_obtained":[]},{"damage_healed":0,"gold_gain":0,"player_choice":"Fight","damage_taken":0,"max_hp_gain":0,"max_hp_loss":0,"event_name":"MindBloom","floor":46,"gold_loss":0}],"is_beta":false,"boss_relics":[{"not_picked":["Black Star","SacredBark"],"picked":"Calling Bell"},{"not_picked":["Replay:Grab Bag","Runic Dome"],"picked":"Sozu"}],"items_purged_floors":[30,44],"is_endless":false,"potions_floor_spawned":[3,5,7,10,11,19,20,28,31,33,42,48],"ascension_level":0}}