{"host":"i9wanet4r0ff4t9y","time":1614275288,"event":{"mods":["2.2 Compatiblity","Act Like it!","BaseMod","Bestiary","Better Altar","Better Match","Better Note","Better Sensory Stone","Better Skull","Better Third Choice","Better Vampires","BetterRewards","CapriCore","Colored Map","Conspire","Curses Come First","Downfall","Energized Spire","Hubris","Minty Spire (QoL Compilation)","Quick Restart","READ ME - Guardian Mod","READ ME - Snecko Mod","Relic Stats","Reliquary","Ruina","Say the Spire","Spicy Shops","StSLib","The Gatherer","Transform Curses","Waifu the Spire"],"gold_per_floor":[109,9,9,20,17,17,40,95,150,166,0,0,16,72,72,177,177,195,235,235,235,235,265,22,54,79,132,132,155,177,209,209,229,229],"floor_reached":33,"language":"POL","playtime":1159,"items_purged":[],"score":391,"play_id":"0b08e08b-9077-4d7b-95cd-3633077aac35","local_time":"20210225184808","is_ascension_mode":false,"campfire_choices":[{"floor":6.0,"key":"REST"},{"floor":12.0,"key":"REST"},{"data":"Noxious Fumes","floor":15.0,"key":"SMITH"},{"floor":28,"key":"REST"},{"floor":32,"key":"REST"}],"circlet_count":0,"master_deck":["Strike_G","Strike_G","Strike_G","Strike_G","Strike_G","Defend_G","Defend_G","Defend_G","Defend_G","Defend_G","Survivor","Neutralize","Noxious Fumes+1","Malaise","Clumsy","Enlightenment","Dagger Spray","Bouncing Flask","conspire:SpireCoStock","conspire:SpireCoStock","Noxious Fumes","Catalyst","Slice","conspire:PoisonWeapons","Blade Dance","Enlightenment","A Thousand Cuts","Well Laid Plans","Blade Dance","Flying Knee+1","Metamorphosis+1","A Thousand Cuts","hubris:EnhanceAbility","Backstab","Dash+1","PiercingWail+1","Flying Knee+1","Flying Knee"],"relics":["Regal Pillow","HandDrill","hubris:MedicalManual","hubris:Zylophone","Odd Mushroom","hubris:OldNail","energizedSpire:SpiderWeb","Nloth\u0027s Gift","hexamod:BolsterEngine","reliquary:FerryPass"],"acts_visited":["Exordium","TheCity"],"potions_floor_usage":[31],"damage_taken":[{"damage":4.0,"enemies":"Jaw Worm","floor":1.0,"turns":4.0},{"damage":0.0,"enemies":"2 Louse","floor":4.0,"turns":3.0},{"damage":22.0,"enemies":"The Mushroom Lair","floor":7.0,"turns":4.0},{"damage":0.0,"enemies":"Small Slimes","floor":8.0,"turns":3.0},{"damage":10.0,"enemies":"Looter","floor":10.0,"turns":3.0},{"damage":7.0,"enemies":"2 Fungi Beasts","floor":13.0,"turns":2.0},{"damage":19.0,"enemies":"Large Slime","floor":14.0,"turns":7.0},{"damage":22.0,"enemies":"Hexaghost","floor":16.0,"turns":7.0},{"damage":30.0,"enemies":"2 Thieves","floor":18.0,"turns":5.0},{"damage":37.0,"enemies":"3 Byrds","floor":19.0,"turns":6.0},{"damage":16,"enemies":"Snecko","floor":23,"turns":6},{"damage":22,"enemies":"Centurion and Healer","floor":25,"turns":6},{"damage":17,"enemies":"conspire:HollyBat","floor":29,"turns":9},{"damage":16,"enemies":"Shelled Parasite and Fungi","floor":30,"turns":4},{"damage":20,"enemies":"Snake Plant","floor":31,"turns":5},{"damage":86,"enemies":"Collector","floor":33,"turns":8}],"seed_played":"-3036804672692809677","potions_obtained":[{"floor":8.0,"key":"Poison Potion"},{"floor":10.0,"key":"ColorlessPotion"},{"floor":16.0,"key":"Dexterity Potion"},{"floor":19.0,"key":"CunningPotion"}],"is_trial":false,"path_per_floor":["M","?","?","M","$","R","?","M","T","M","?","R","M","M","R","B",null,"M","M","?","?","?","M","$","M","T","T","R","M","M","M","R","B"],"character_chosen":"THE_SILENT","items_purchased":["Noxious Fumes","Malaise","Regal Pillow","HandDrill","Enlightenment","Dagger Spray","hubris:Zylophone","Catalyst","hubris:EnhanceAbility","Backstab"],"campfire_rested":4,"item_purchase_floors":[0,0,0,0,0,0,0,5,24,24],"current_hp_per_floor":[32,32,32,32,32,68,46,46,46,36,42,76,69,50,50,28,76,46,9,86,86,86,70,70,48,48,48,86,69,53,33,73,0,0],"gold":229,"neow_bonus":"","is_daily":false,"chose_seed":false,"campfire_upgraded":1,"win_rate":0.0,"timestamp":1614275288,"path_taken":["M","?","?","M","?","R","?","M","T","M","?","R","M","M","R","BOSS","M","M","?","?","?","M","?","M","T","?","R","M","M","?","R","BOSS"],"items_purchased_type":["Card","Card","Relic","Relic","Card","Card","Relic","Card","Card","Card"],"build_version":"2020-12-22","purchased_purges":0,"victory":false,"max_hp_per_floor":[70,70,70,70,70,70,70,70,70,70,76,76,76,76,76,76,76,76,76,86,86,86,86,86,86,86,86,86,86,86,86,86,86,86],"relic_stats":{"Regal Pillow":55,"counters":[41,153],"HandDrill":[14],"Nloth\u0027s Gift":1,"obtain_stats":[{"hubris:Metronome":0,"Regal Pillow":0,"reliquary:Boomerang":11,"conspire:TopHat":41,"ClockworkSouvenir":0,"reliquary:FerryPass":27,"hubris:Icosahedron":7,"Matryoshka":24,"Ninja Scroll":26,"conspire:DecoderRing":39,"Philosopher\u0027s Stone":34,"HandDrill":0,"reliquary:RadioactivePellet":19,"reliquary:FingerTrap":20,"Kunai":26,"downfall:ExtraCursedBell":39,"Ring of the Snake":0,"Potion Belt":30,"Girya":5,"The Specimen":39,"reliquary:Sideboard":0,"Oddly Smooth Stone":0,"reliquary:TatteredRug":19,"hubris:MedicalManual":0,"energizedSpire:StickyHand":17,"reliquary:RosewoodLute":27,"hubris:Towel":38,"Odd Mushroom":7,"energizedSpire:SpiderWeb":17,"Question Card":43,"hubris:Zylophone":0,"CaptainsWheel":47,"betterThird:SlimedRelic":3,"hubris:TenFootPole":43,"Nloth\u0027s Gift":21,"reliquary:Knoch":9,"hexamod:BolsterEngine":26,"TungstenRod":37,"Toy Ornithopter":39,"hubris:OldNail":9},{"hubris:Metronome":0,"Regal Pillow":25,"reliquary:Boomerang":5,"conspire:TopHat":21,"ClockworkSouvenir":0,"reliquary:FerryPass":37,"hubris:Icosahedron":3,"Matryoshka":12,"Ninja Scroll":12,"conspire:DecoderRing":20,"Philosopher\u0027s Stone":18,"HandDrill":25,"reliquary:RadioactivePellet":9,"reliquary:FingerTrap":9,"Kunai":12,"downfall:ExtraCursedBell":20,"Ring of the Snake":0,"Potion Belt":16,"Girya":3,"The Specimen":20,"reliquary:Sideboard":0,"Oddly Smooth Stone":0,"reliquary:TatteredRug":9,"hubris:MedicalManual":25,"energizedSpire:StickyHand":8,"reliquary:RosewoodLute":13,"hubris:Towel":20,"Odd Mushroom":28,"energizedSpire:SpiderWeb":33,"Question Card":21,"hubris:Zylophone":25,"CaptainsWheel":23,"betterThird:SlimedRelic":2,"hubris:TenFootPole":21,"Nloth\u0027s Gift":35,"reliquary:Knoch":3,"hexamod:BolsterEngine":37,"TungstenRod":20,"Toy Ornithopter":20,"hubris:OldNail":29},{"hubris:Metronome":0,"Regal Pillow":71,"reliquary:Boomerang":12,"conspire:TopHat":57,"ClockworkSouvenir":0,"reliquary:FerryPass":127,"hubris:Icosahedron":7,"Matryoshka":36,"Ninja Scroll":36,"conspire:DecoderRing":51,"Philosopher\u0027s Stone":45,"HandDrill":71,"reliquary:RadioactivePellet":29,"reliquary:FingerTrap":29,"Kunai":36,"downfall:ExtraCursedBell":51,"Ring of the Snake":0,"Potion Belt":42,"Girya":7,"The Specimen":51,"reliquary:Sideboard":0,"Oddly Smooth Stone":0,"reliquary:TatteredRug":29,"hubris:MedicalManual":71,"energizedSpire:StickyHand":26,"reliquary:RosewoodLute":38,"hubris:Towel":51,"Odd Mushroom":82,"energizedSpire:SpiderWeb":104,"Question Card":57,"hubris:Zylophone":71,"CaptainsWheel":62,"betterThird:SlimedRelic":4,"hubris:TenFootPole":57,"Nloth\u0027s Gift":115,"reliquary:Knoch":7,"hexamod:BolsterEngine":127,"TungstenRod":51,"Toy Ornithopter":51,"hubris:OldNail":85}]},"card_choices":[{"not_picked":["Flying Knee","Underhanded Strike"],"picked":"Bouncing Flask","floor":1.0},{"not_picked":["Dagger Spray","Terror"],"picked":"Noxious Fumes","floor":4.0},{"not_picked":["PiercingWail","Prepared"],"picked":"Slice","floor":7.0},{"not_picked":["Dagger Spray","Poisoned Stab"],"picked":"conspire:PoisonWeapons","floor":8.0},{"not_picked":["Deadly Poison","Poisoned Stab"],"picked":"Blade Dance","floor":10.0},{"not_picked":["Flying Knee","Deflect"],"picked":"A Thousand Cuts","floor":13.0},{"not_picked":["Bane","hubris:SlightOfHand"],"picked":"Well Laid Plans","floor":14.0},{"not_picked":["Wraith Form v2","Grand Finale"],"picked":"Tools of the Trade","floor":16.0},{"not_picked":["Finisher","Flying Knee+1"],"picked":"Blade Dance","floor":18.0},{"not_picked":["Expertise","PiercingWail"],"picked":"Flying Knee+1","floor":19.0},{"not_picked":["Riddle With Holes","Quick Slash"],"picked":"A Thousand Cuts","floor":23},{"not_picked":["Backflip+1","Quick Slash"],"picked":"Dash+1","floor":25},{"not_picked":["Reflex","Setup+1"],"picked":"PiercingWail+1","floor":29},{"not_picked":["Outmaneuver","Heel Hook+1"],"picked":"Flying Knee+1","floor":30},{"not_picked":["Eviscerate","Calculated Gamble"],"picked":"Flying Knee","floor":31}],"player_experience":493690,"relics_obtained":[{"floor":7.0,"key":"Odd Mushroom"},{"floor":9.0,"key":"hubris:OldNail"},{"floor":26,"key":"hexamod:BolsterEngine"},{"floor":27,"key":"reliquary:FerryPass"}],"event_choices":[{"damage_healed":0.0,"max_hp_gain":0.0,"max_hp_loss":0.0,"gold_gain":0.0,"event_name":"conspire:Investor","player_choice":"Invest 2","floor":2.0,"gold_loss":0.0,"damage_taken":0.0},{"damage_healed":0.0,"max_hp_gain":0.0,"max_hp_loss":0.0,"gold_gain":0.0,"event_name":"Golden Wing","player_choice":"Ignored","floor":3.0,"gold_loss":0.0,"damage_taken":0.0},{"damage_healed":0.0,"max_hp_gain":0.0,"max_hp_loss":0.0,"gold_gain":0.0,"event_name":"Mushrooms","player_choice":"Fought Mushrooms","floor":7.0,"gold_loss":0.0,"damage_taken":0.0},{"damage_healed":0.0,"max_hp_gain":0.0,"max_hp_loss":0.0,"gold_gain":0.0,"event_name":"betterThird:BetterSerpent","player_choice":"RENOUNCE","floor":11.0,"gold_loss":166.0,"damage_taken":166.0,"cards_obtained":["Enlightenment"]},{"cards_removed":["Tools of the Trade"],"damage_healed":67.0,"max_hp_gain":10.0,"max_hp_loss":0.0,"gold_gain":0.0,"event_name":"Bonfire Elementals","player_choice":"Offered Rare","floor":20.0,"gold_loss":0.0,"damage_taken":0.0},{"damage_healed":0,"gold_gain":0,"player_choice":"Traded Relic","damage_taken":0,"relics_obtained":["Nloth\u0027s Gift"],"max_hp_gain":0,"max_hp_loss":0,"event_name":"N\u0027loth","floor":21,"relics_lost":["Ring of the Snake"],"gold_loss":0},{"cards_removed":["Malaise"],"damage_healed":0,"gold_gain":0,"player_choice":"Take \u0026 Give","damage_taken":0,"max_hp_gain":0,"max_hp_loss":0,"event_name":"betterNote:BetterNote","floor":22,"gold_loss":0,"cards_obtained":["Metamorphosis"]}],"is_beta":false,"boss_relics":[{"not_picked":["energizedSpire:StickyHand","Astrolabe"],"picked":"energizedSpire:SpiderWeb"}],"items_purged_floors":[],"is_endless":false,"potions_floor_spawned":[8,10,16,19,25],"killed_by":"Collector","ascension_level":0}}