{"host":"qwp6882a7gaon7u5","time":1614269898,"event":{"mods":["ATMod(阿瑾Mod)","Act Like it!","BaseMod","BetterRewards","CapriCore","Library of Ruina","Library of Ruina Extra","Minty Spire (QoL Compilation)","Red Circlet Mod","Relic Filter Mod","Replay The Spire","RumiaBox-露米娅的神秘盒子","Spicy Shops","StSLib","【功能Mod】混沌之环修复补丁","【遗物卡牌】REMEMod","篝火指南"],"gold_per_floor":[111,286,300,316,326,356,356,388,388,388,419,119,133,148,148,246,246,261,276,296,314,254,285,299,326,373,223,315,346,362,377,377,481,481,500,91,141,156,0,28,28,78,101,157,5,40,51,68,68,68,68,68,68,68,95,95],"floor_reached":57,"language":"ZHS","playtime":2519,"items_purged":["LightDefense","LightDefense","LightAttack","LightAttack","LightAttack"],"score":1920,"play_id":"15f9da2c-ebde-4a85-bcc8-1d7235e379e4","local_time":"20210226001818","is_ascension_mode":true,"campfire_choices":[{"data":"AT_IchimonjiDouble","floor":10.0,"key":"SMITH"},{"data":"TieShanKao","floor":15.0,"key":"SMITH"},{"data":"ChargeUp","floor":32.0,"key":"SMITH"},{"floor":41.0,"key":"RECALL"},{"floor":49.0,"key":"REST"},{"floor":53.0,"key":"REST"}],"circlet_count":1,"master_deck":["Dodge","LightDefense","LightDefense","ChargeAndCover","FocusedStrikes","Metallicize","AT_IchimonjiDouble+1","Dark Shackles+1","Doubt","RagingStormLove","AGoldenOpportunity+1","Endure+1","TieShanKao+1","PuppetBlockade+1","FleetFootsteps+1","MultiBlock+1","ChargeUp+1","Unlock1","BladeWhirl+1","Faith+1","Diversion","SnakesPrey+1","GatherIntel+1","Faith+1","QuickAttack","AsThePrescriptOrders+1","DesperateStruggle+1","CumulusWall+1","SenseQuarry+1","Riposte+1","Unlock1","Wallop_lor+1","SinglePointStab+1","Tailoring+1"],"relics":["PageOfLibrarian","REME_ComplimentaryCards","AT_ATBox","PlanX","LastBattle","ClockworkSouvenir","HornCleat","Toolbox","PageOfLumberjack","Replay:Wax Seal","PageOfPunishingBird","Akabeko","REME_PuzzleBoxRelic","Toxic Egg 2","Garlic","Pantograph","PageOfJudgementBird","SSSystem","Omamori","AT_EbonyIvory","Black Star","Happy Flower","Meat on the Bone","PageOfTodaysShyLook","SecretRecord","Blood Vial","Toy Ornithopter","Mummified Hand","Bag of Preparation","Fusion Hammer","PreservedInsect","Strange Spoon","Bird Faced Urn","Red Mask","GodSword1","Mango","AT_BladeRuinedKing","Orichalcum","Replay:Arrowhead","Sling","Frozen Egg 2","AT_SunfireAegis","Circlet","StrikeDummy","PageOfSingingMachine"],"acts_visited":["Exordium","TheCity","TheBeyond","TheEnding"],"potions_floor_usage":[],"damage_taken":[{"damage":0.0,"enemies":"Small Slimes","floor":1.0,"turns":2.0},{"damage":0.0,"enemies":"Jaw Worm","floor":3.0,"turns":3.0},{"damage":0.0,"enemies":"Cultist","floor":4.0,"turns":1.0},{"damage":9.0,"enemies":"Gremlin Gang","floor":5.0,"turns":3.0},{"damage":0.0,"enemies":"3 Sentries","floor":6.0,"turns":6.0},{"damage":0.0,"enemies":"Gremlin Nob","floor":8.0,"turns":3.0},{"damage":0.0,"enemies":"3 Sentries","floor":11.0,"turns":1.0},{"damage":0.0,"enemies":"Blue Slaver","floor":13.0,"turns":1.0},{"damage":0.0,"enemies":"3 Louse","floor":14.0,"turns":2.0},{"damage":0.0,"enemies":"Slime Boss","floor":16.0,"turns":6.0},{"damage":0.0,"enemies":"Spheric Guardian","floor":18.0,"turns":1.0},{"damage":1.0,"enemies":"2 Thieves","floor":19.0,"turns":3.0},{"damage":0.0,"enemies":"Snake Plant","floor":20.0,"turns":3.0},{"damage":0.0,"enemies":"Snecko","floor":21.0,"turns":2.0},{"damage":15.0,"enemies":"REME_1_Revenger","floor":23.0,"turns":4.0},{"damage":0.0,"enemies":"3 Cultists","floor":24.0,"turns":4.0},{"damage":0.0,"enemies":"Book of Stabbing","floor":25.0,"turns":3.0},{"damage":0.0,"enemies":"Slavers","floor":29.0,"turns":3.0},{"damage":0.0,"enemies":"Snake Plant","floor":30.0,"turns":2.0},{"damage":0.0,"enemies":"Centurion and Healer","floor":31.0,"turns":2.0},{"damage":0.0,"enemies":"Collector","floor":33.0,"turns":3.0},{"damage":3.0,"enemies":"3 Shapes","floor":35.0,"turns":1.0},{"damage":6.0,"enemies":"2 Orb Walkers","floor":37.0,"turns":2.0},{"damage":2.0,"enemies":"Orb Walker","floor":38.0,"turns":2.0},{"damage":2.0,"enemies":"Nemesis","floor":40.0,"turns":2.0},{"damage":5.0,"enemies":"Mind Bloom Boss Battle","floor":42.0,"turns":3.0},{"damage":2.0,"enemies":"R_Hoarder","floor":44.0,"turns":3.0},{"damage":0.0,"enemies":"Giant Head","floor":46.0,"turns":4.0},{"damage":0.0,"enemies":"Maw","floor":47.0,"turns":2.0},{"damage":2.0,"enemies":"Spire Growth","floor":48.0,"turns":2.0},{"damage":0.0,"enemies":"Time Eater","floor":50.0,"turns":4.0},{"damage":17.0,"enemies":"Time Eater","floor":51.0,"turns":5.0},{"damage":0.0,"enemies":"Shield and Spear","floor":55.0,"turns":1.0},{"damage":7,"enemies":"The Heart","floor":56,"turns":3}],"seed_played":"834263054984112627","potions_obtained":[{"floor":4.0,"key":"Adrenaline Potion"},{"floor":8.0,"key":"FairyPotion"},{"floor":11.0,"key":"Adrenaline Potion"},{"floor":13.0,"key":"Dexterity Potion"},{"floor":35.0,"key":"Adrenaline Potion"}],"is_trial":false,"path_per_floor":["M","?","M","M","M","E","T","E","T","R","E","$","M","M","R","B",null,"M","M","M","M","?","E","M","E","T","$","?","E","M","M","R","B",null,"M","$","?","M","?","E","R","?","T","E","$","E","M","M","R","B",null,null,"R","$","E","B",null],"character_chosen":"Librarian","items_purchased":["PlanX","LastBattle","ClockworkSouvenir","HornCleat","Toolbox","PageOfLumberjack","Replay:Wax Seal","PageOfPunishingBird","Akabeko","REME_PuzzleBoxRelic","Toxic Egg 2","Swift Potion","Omamori","AT_EbonyIvory","PreservedInsect","Strange Spoon","Sling"],"campfire_rested":2,"item_purchase_floors":[0,0,0,0,0,0,0,0,0,0,0,0,12,12,36,36,45],"current_hp_per_floor":[60,60,60,60,51,51,51,51,51,51,51,51,51,51,51,63,63,63,62,62,65,65,50,55,60,60,60,32,39,46,53,53,85,86,81,81,63,62,62,76,76,79,79,86,86,90,90,90,91,91,82,91,91,91,91,88],"gold":95,"neow_bonus":"","is_daily":false,"chose_seed":false,"campfire_upgraded":3,"win_rate":0.0,"timestamp":1614269898,"path_taken":["M","?","M","M","M","E","?","E","T","R","E","$","M","M","R","BOSS","M","M","?","?","?","E","M","E","T","$","?","E","M","M","R","BOSS","M","?","?","M","?","E","R","?","T","E","$","E","?","?","R","BOSS","R","$","E","BOSS"],"items_purchased_type":["Relic","Relic","Relic","Relic","Relic","Relic","Relic","Relic","Relic","Relic","Relic","Potion","Relic","Relic","Relic","Relic","Relic"],"build_version":"2020-12-22","purchased_purges":5,"victory":true,"max_hp_per_floor":[62,62,68,62,70,219,219,70,70,219,63,63,62,71,71,63,63,77,62,70,65,65,63,84,71,71,71,71,65,78,85,85,86,86,81,81,63,62,62,84,84,90,90,90,90,90,90,92,91,91,91,91,91,91,91,91],"card_choices":[{"not_picked":["Wallop_lor","StrikeDown","QuickAttack","StrongStrike","EmotionalTurbulence","GreatSerpentsImpact","ForcefulGesture","Eliminate","FendThisOffIfYouCan"],"picked":"SKIP","floor":1.0},{"not_picked":["Thrust","SilentMist","UnavoidableGaze+1","MindWhip","Reload+1","NightInTheBackstreets","BattleCommand+1","GaleKick"],"picked":"RagingStormLove","floor":3.0},{"not_picked":["SharpSwipe","BackAttack+1","Disposal","UnavoidableGaze+1","ProselytesBlade","Juggling+1","Mutilate","IronWall+1"],"picked":"AGoldenOpportunity+1","floor":4.0},{"not_picked":["JiaoTu","SuppressingShot","BattleCommand+1","BackstreetsDash","NightInTheBackstreets","GreatSerpentsImpact","ViolentFlame","CookingPrep+1"],"picked":"Endure+1","floor":5.0},{"not_picked":["UpbeatPerformance","TimeForALittleTest","TendonChords","Parry","BattleCommand+1","SerpentSwordTechnique+1","ScratchThat","Diversion"],"picked":"TieShanKao","floor":6.0},{"not_picked":["HighKick","DarkCloud","Eradication","BurningFlash","Juggling+1","HandlingWork","DesperateStruggle","FeelinGood"],"picked":"PuppetBlockade+1","floor":8.0},{"not_picked":["SmokingPipe+1","FierceCharge+1","AlloutWar+1","FieryDragonSlash","EnergyCycle","EnergyShield+1","StructuralAnalysis+1","PuppetBlockade+1","HiddenBlade"],"picked":"SKIP","floor":11.0},{"not_picked":["AsThePrescriptOrders+1","PinpointShot","TrimTheIngredients","SerpentSwordTechnique+1","StructuralAnalysis+1","DefenseOrder+1","UpbeatPerformance","UnavoidableGaze+1"],"picked":"FleetFootsteps+1","floor":13.0},{"not_picked":["Gamble","Thirst","Parry","ExtremeEdge","Reload+1","NightInTheBackstreets","LoosenUp","SummaryJudgment"],"picked":"MultiBlock+1","floor":14.0},{"not_picked":["FleshFillet","RepressedFlesh"],"picked":"ChargeUp","floor":16.0},{"not_picked":["TasteMyFlamingBat","StrongStrike+1","Gigigig+1","SetFire","HandleRequest","BulkyImpact","TendonChords+1","CutIn"],"picked":"Unlock1","floor":18.0},{"not_picked":["SmokingPipe+1","Rampage_lor","Ripple","DefenseOrder+1","SuppressingShot","StartinOutLightly+1","WillOfThePrescript+1","PreemptiveStrike"],"picked":"BladeWhirl+1","floor":19.0},{"not_picked":["QuickAttack","Quickness+1","EnergyStrike","BiAn+1","ViolentFlame","Bvapour+1","Pound","YouOnlyLiveOnce+1"],"picked":"Faith+1","floor":20.0},{"not_picked":["StrikeDown","GutHarvesting","Eliminate","RatsGuideToSurvival+1","MultiBlock+1","Multislash+1","FierceCharge+1","SparkingSpear"],"picked":"Diversion","floor":21.0},{"not_picked":["EnergyShield+1","Rampage_lor","ClassAndRespect+1","PinpointShot+1","LoosenUp","Preparation+1","FleetEdge","Wallop_lor"],"picked":"SnakesPrey+1","floor":23.0},{"not_picked":["PreemptiveStrike","Diversion","LawAndOrder","QuickAttack","CoordinatedAssault+1","BlowItUp","Parry","ExtractFuel+1"],"picked":"GatherIntel+1","floor":24.0},{"not_picked":["UndertakePrescript+1","BayonetCombat","BladeWhirl+1","DriedUp+1","SharpSwipe","BlazingStrike","UnavoidableGaze+1","Parry+1"],"picked":"Faith+1","floor":25.0},{"not_picked":["WillOfThePrescript+1","ScatteringSlash","DarkCloud","LawAndOrder+1","Rewind+1","GreatSerpentsImpact","InkOver","UpbeatPerformance+1"],"picked":"QuickAttack","floor":28.0},{"not_picked":["Concentration+1","FleetFootsteps+1","Gamble+1","MultiHit+1","WrathOfTorment","SnakesPrey","Track","SpearedSweep+1"],"picked":"AsThePrescriptOrders+1","floor":28.0},{"not_picked":["Quickness+1","FierceCharge+1","StrikeDown","WillOfThePrescript+1","Standoff","Clone+1","TraceOfFumes","MultiHit"],"picked":"DesperateStruggle+1","floor":29.0},{"not_picked":["EndlessBattle","WillOfThePrescript+1","TasteMyFlamingBat","Marionette+1","Riposte","ProselytesBlade+1","BizarreAttack","ButterflySlash","DesperateStruggle"],"picked":"SKIP","floor":30.0},{"not_picked":["StructuralAnalysis+1","EndlessBattle","ExtractFuel+1","HiddenBlade","UnavoidableGaze+1","FierceOnslaught","TieShanKao","Mutilate"],"picked":"CumulusWall+1","floor":31.0},{"not_picked":["CrackOfDawn","Observe+1"],"picked":"SenseQuarry+1","floor":33.0},{"not_picked":["HandleRequest+1","VenomousFangs","SinglePointStab","Leap_lor","FlyingSword+1","Rewind+1","MultiHit","EnergyStrike+1"],"picked":"Riposte+1","floor":35.0},{"not_picked":["Faith+1","AbsorbImpact+1","YourShield+1","SuppressingShot","Wallop_lor+1","ShockRound+1","SmokingPipe+1","GrazeTheGrass+1","SerpentSwordTechnique+1"],"picked":"SKIP","floor":38.0},{"not_picked":["CrackOfDawn","IllEndYou+1","Reload+1","DeepDrag","Outburst+1","Parry2","WildCard+1","WaitUp+1"],"picked":"Unlock1","floor":40.0},{"not_picked":["SparkingSpear","Multislash","Faith+1","RhinoRam","HiddenBlade+1","QuickSuppression","Parry2+1","BiteOff"],"picked":"Wallop_lor+1","floor":42.0},{"not_picked":["LawAndOrder+1","Endure+1","HandleRequest","FlashingStrike","DesperateStruggle+1","Creak+1","Pound","HighKick","Guardian_lor+1"],"picked":"SKIP","floor":44.0},{"not_picked":["Pound+1","AsThePrescriptOrders+1","FleetEdge","FlowOfTheSword+1","HeavyPeaks+1","AutonomousRush","BattleCommand+1","ToOvercomeCrisis+1"],"picked":"SinglePointStab+1","floor":46.0},{"not_picked":["PinpointShot+1","StrongStrike+1","SerpentSwordTechnique+1","Multislash+1","Clone+1","FleetEdge+1","ToOvercomeCrisis+1","YoureAHindrance+1","MultiHit"],"picked":"SKIP","floor":47.0},{"not_picked":["RapidGashes","ScatteringSlash+1","AsThePrescriptOrders+1","GreatSerpentsImpact+1","EnergyStrike","ClassAndRespect+1","StartinOutLightly+1","AutomatedMovement+1","EndlessBattle+1"],"picked":"SKIP","floor":48.0},{"not_picked":["SetFire+1","ScratchThat","BulkyImpact","LawAndOrder","YoureAHindrance+1","QuickSuppression+1","TendonChords","StrongStrike+1"],"picked":"Tailoring+1","floor":55.0}],"player_experience":192494,"relics_obtained":[{"floor":6.0,"key":"Garlic"},{"floor":7.0,"key":"Pantograph"},{"floor":8.0,"key":"PageOfJudgementBird"},{"floor":11.0,"key":"SSSystem"},{"floor":23.0,"key":"Happy Flower"},{"floor":23.0,"key":"Meat on the Bone"},{"floor":25.0,"key":"PageOfTodaysShyLook"},{"floor":25.0,"key":"SecretRecord"},{"floor":26.0,"key":"Blood Vial"},{"floor":28.0,"key":"Toy Ornithopter"},{"floor":29.0,"key":"Mummified Hand"},{"floor":29.0,"key":"Bag of Preparation"},{"floor":37.0,"key":"Bird Faced Urn"},{"floor":40.0,"key":"GodSword1"},{"floor":40.0,"key":"Mango"},{"floor":42.0,"key":"Dead Branch"},{"floor":43.0,"key":"AT_BladeRuinedKing"},{"floor":44.0,"key":"Orichalcum"},{"floor":44.0,"key":"Replay:Arrowhead"},{"floor":46.0,"key":"Frozen Egg 2"},{"floor":46.0,"key":"AT_SunfireAegis"},{"floor":55.0,"key":"StrikeDummy"},{"floor":55.0,"key":"PageOfSingingMachine"}],"event_choices":[{"damage_healed":0.0,"max_hp_gain":0.0,"max_hp_loss":0.0,"gold_gain":175.0,"event_name":"Liars Game","player_choice":"AGREE","floor":2.0,"gold_loss":0.0,"damage_taken":0.0,"cards_obtained":["Doubt"]},{"damage_healed":0.0,"max_hp_gain":0.0,"max_hp_loss":0.0,"gold_gain":0.0,"event_name":"Mysterious Sphere","player_choice":"Fight","floor":37.0,"gold_loss":0.0,"damage_taken":0.0},{"damage_healed":0.0,"max_hp_gain":0.0,"max_hp_loss":0.0,"gold_gain":0.0,"event_name":"Tomb of Lord Red Mask","player_choice":"Paid","floor":39.0,"gold_loss":156.0,"damage_taken":0.0,"relics_obtained":["Red Mask"]},{"damage_healed":0.0,"max_hp_gain":0.0,"max_hp_loss":0.0,"gold_gain":0.0,"event_name":"MindBloom","player_choice":"Fight","floor":42.0,"gold_loss":0.0,"damage_taken":0.0}],"is_beta":false,"boss_relics":[{"not_picked":["Coffee Dripper","ChewingGum"],"picked":"Black Star"},{"not_picked":["Painkiller Herb","Replay:Wanted Poster"],"picked":"Fusion Hammer"}],"items_purged_floors":[0,0,0,27,36],"is_endless":false,"potions_floor_spawned":[4,8,11,13,16,18,21,23,24,33,35,38,42,44,48,55],"ascension_level":1}}