{"host":"fhwr1fuluf6086fh","time":1614226687,"event":{"mods":["2.2 Compatiblity","Act Like it!","BaseMod","Colored Map","Elementarium","Minty Spire (QoL Compilation)","StSLib"],"gold_per_floor":[11,46,84,34,51,51,82,82,129,164,164,204,204,251,251,385,385,400,419,192,212,66,66,56,90,166,166,178,178,203,247,247,344,644,686,697,717,717,149,149,164,193,193,212,14,24,55,67,67,67,67],"floor_reached":50,"language":"ENG","playtime":8441,"items_purged":["Strike_P","Defend_P","Defend_P"],"score":877,"play_id":"a52678ff-8a86-4a83-90f9-0daa80a22751","local_time":"20210224231807","is_ascension_mode":true,"campfire_choices":[{"data":"Wish","floor":6.0,"key":"SMITH"},{"floor":8.0,"key":"REST"},{"floor":13.0,"key":"REST"},{"data":"Wireheading","floor":15.0,"key":"SMITH"},{"data":"Vigilance","floor":23.0,"key":"SMITH"},{"floor":29.0,"key":"REST"},{"floor":32.0,"key":"REST"},{"data":"Devotion","floor":40,"key":"SMITH"},{"floor":49,"key":"REST"}],"circlet_count":0,"master_deck":["Defend_P","Defend_P","Eruption+1","Vigilance+1","Wish+1","BowlingBash","Prostrate","Wireheading+1","Prostrate","JustLucky","FearNoEvil","FlurryOfBlows","FlurryOfBlows","Devotion+1","EmptyMind+1","FlurryOfBlows","FlurryOfBlows","ThirdEye","Evaluate","Swivel+1","Elementarium:GildedEssence","EmptyBody+1","Prostrate+1","Crescendo+1","MentalFortress+1","DeusExMachina","CurseOfTheBell","ClearTheMind+1","LikeWater+1","FlurryOfBlows+1","Nirvana+1","Crescendo+1","Magnetism","JustLucky","Nirvana+1","CarveReality+1","Wireheading+1","Sanctity+1","Parasite","BattleHymn+1","MasterReality+1","FlyingSleeves+1"],"relics":["PureWater","Singing Bowl","Boot","Orichalcum","Empty Cage","Lee\u0027s Waffle","Bottled Tornado","Elementarium:HatchlingPhoenix","MealTicket","Elementarium:ElementariumTrophy","Calling Bell","Potion Belt","White Beast Statue","Old Coin","Whetstone","Meat on the Bone","Darkstone Periapt","HornCleat"],"acts_visited":["Exordium","Elementarium:Elementarium","TheBeyond"],"potions_floor_usage":[44,44,44,44,47,47,48,50],"damage_taken":[{"damage":8.0,"enemies":"Jaw Worm","floor":1.0,"turns":7.0},{"damage":0.0,"enemies":"2 Louse","floor":2.0,"turns":5.0},{"damage":11.0,"enemies":"Cultist","floor":3.0,"turns":5.0},{"damage":1.0,"enemies":"Looter","floor":5.0,"turns":4.0},{"damage":15.0,"enemies":"3 Sentries","floor":7.0,"turns":10.0},{"damage":27.0,"enemies":"Gremlin Nob","floor":10.0,"turns":6.0},{"damage":6.0,"enemies":"2 Fungi Beasts","floor":12.0,"turns":3.0},{"damage":12.0,"enemies":"Red Slaver","floor":14.0,"turns":4.0},{"damage":0.0,"enemies":"Slime Boss","floor":16.0,"turns":5.0},{"damage":4.0,"enemies":"Elementarium:2_ELEMENTALS","floor":18.0,"turns":6.0},{"damage":18.0,"enemies":"Elementarium:MUD_AND_TAR_GOLEMS","floor":19.0,"turns":5.0},{"damage":35.0,"enemies":"Elementarium:VOID_CORRUPTION_AND_ORB_OF_FIRE","floor":21.0,"turns":5.0},{"damage":43.0,"enemies":"Elementarium:ElementalPortal","floor":25.0,"turns":19.0},{"damage":2.0,"enemies":"Elementarium:Hydrostalker","floor":28.0,"turns":7.0},{"damage":43.0,"enemies":"Elementarium:FIRE_NOBILITY","floor":30.0,"turns":6.0},{"damage":6.0,"enemies":"Elementarium:VOID_CORRUPTION_AND_TAR_GOLEM","floor":31.0,"turns":8.0},{"damage":0.0,"enemies":"Elementarium:GoldenDragon","floor":33.0,"turns":10.0},{"damage":0.0,"enemies":"3 Shapes","floor":35.0,"turns":7.0},{"damage":22.0,"enemies":"Orb Walker","floor":36.0,"turns":5.0},{"damage":20.0,"enemies":"Maw","floor":37.0,"turns":8.0},{"damage":17,"enemies":"Spire Growth","floor":41,"turns":5},{"damage":20,"enemies":"Giant Head","floor":42,"turns":10},{"damage":10,"enemies":"Transient","floor":44,"turns":5},{"damage":26,"enemies":"Writhing Mass","floor":46,"turns":10},{"damage":23,"enemies":"Reptomancer","floor":47,"turns":4},{"damage":13,"enemies":"4 Shapes","floor":48,"turns":6},{"damage":48,"enemies":"Time Eater","floor":50,"turns":4}],"seed_played":"3444106627790789290","potions_obtained":[{"floor":1.0,"key":"BlessingOfTheForge"},{"floor":5.0,"key":"Weak Potion"},{"floor":14.0,"key":"PowerPotion"},{"floor":16.0,"key":"Dexterity Potion"},{"floor":19.0,"key":"SteroidPotion"},{"floor":33.0,"key":"Explosive Potion"},{"floor":35.0,"key":"Fruit Juice"},{"floor":36.0,"key":"Block Potion"},{"floor":37.0,"key":"FearPotion"},{"floor":41,"key":"FearPotion"},{"floor":42,"key":"BlessingOfTheForge"},{"floor":44,"key":"BottledMiracle"},{"floor":46,"key":"LiquidMemories"},{"floor":47,"key":"Weak Potion"},{"floor":48,"key":"Strength Potion"}],"is_trial":false,"path_per_floor":["M","M","M","?","M","R","E","R","T","E","?","M","R","M","R","B",null,"M","M","$","M","$","R","?","E","T","?","M","R","E","M","R","B",null,"M","M","M","?","$","R","M","E","T","M","$","M","E","M","R","B"],"character_chosen":"WATCHER","items_purchased":["FlurryOfBlows","ThirdEye","Evaluate","Lee\u0027s Waffle","Nirvana+1","Whetstone","Crescendo+1","Magnetism","JustLucky","Sanctity+1"],"campfire_rested":5,"item_purchase_floors":[20,20,20,22,39,39,39,39,39,45],"current_hp_per_floor":[64,64,53,53,52,52,37,58,58,31,31,25,46,34,34,34,72,68,50,50,15,79,79,79,36,36,36,34,57,14,8,31,31,79,84,62,42,42,57,57,40,20,20,22,37,29,18,17,44,0,0],"gold":67,"neow_bonus":"THREE_RARE_CARDS","is_daily":false,"chose_seed":false,"campfire_upgraded":4,"win_rate":0.0,"timestamp":1614226687,"path_taken":["M","M","M","?","M","R","E","R","T","E","?","M","R","M","R","BOSS","M","M","$","M","$","R","?","E","T","?","M","R","E","?","R","BOSS","M","M","M","?","$","R","M","E","T","M","$","M","E","M","R","BOSS"],"items_purchased_type":["Card","Card","Card","Relic","Card","Relic","Card","Card","Card","Card"],"build_version":"2020-12-22","purchased_purges":3,"victory":false,"max_hp_per_floor":[72,72,72,72,72,72,72,72,72,72,72,72,72,72,72,72,72,72,72,72,72,79,79,79,79,79,79,79,79,79,79,79,79,79,84,84,84,84,84,84,84,84,84,84,84,90,90,90,90,90,90],"card_choices":[{"not_picked":["Omniscience","DeusExMachina"],"picked":"Wish","floor":0.0},{"not_picked":["Study","Adaptation"],"picked":"BowlingBash","floor":1.0},{"not_picked":["CutThroughFate","Crescendo"],"picked":"Prostrate","floor":2.0},{"not_picked":["ThirdEye","ClearTheMind"],"picked":"Wireheading","floor":3.0},{"not_picked":["Sanctity","Perseverance"],"picked":"Prostrate","floor":5.0},{"not_picked":["Wallop","PathToVictory"],"picked":"JustLucky","floor":7.0},{"not_picked":["FollowUp","EmptyBody"],"picked":"FearNoEvil","floor":10.0},{"not_picked":["PathToVictory","ClearTheMind"],"picked":"FlurryOfBlows","floor":12.0},{"not_picked":["Consecrate","Halt"],"picked":"FlurryOfBlows","floor":14.0},{"not_picked":["DeusExMachina","LessonLearned"],"picked":"Devotion","floor":16.0},{"not_picked":["EmptyBody","SashWhip"],"picked":"EmptyMind+1","floor":18.0},{"not_picked":["Consecrate","EmptyMind"],"picked":"FlurryOfBlows","floor":19.0},{"not_picked":["EmptyFist","FollowUp"],"picked":"Swivel+1","floor":21.0},{"not_picked":["Indignation+1","EmptyFist"],"picked":"EmptyBody+1","floor":25.0},{"not_picked":["Crescendo+1","WheelKick"],"picked":"Prostrate+1","floor":28.0},{"not_picked":["Blasphemy+1","Fasting2"],"picked":"Crescendo+1","floor":30.0},{"not_picked":["JustLucky","Study"],"picked":"MentalFortress+1","floor":31.0},{"not_picked":["Establishment+1","Blasphemy+1"],"picked":"DeusExMachina","floor":33.0},{"not_picked":["Perseverance+1","Evaluate+1"],"picked":"ClearTheMind+1","floor":35.0},{"not_picked":["Crescendo+1","CrushJoints+1"],"picked":"LikeWater+1","floor":36.0},{"not_picked":["InnerPeace+1","JustLucky+1"],"picked":"FlurryOfBlows","floor":37.0},{"not_picked":["Perseverance+1","EmptyBody+1"],"picked":"Nirvana+1","floor":41},{"not_picked":["Conclude+1","Protect+1"],"picked":"CarveReality+1","floor":42},{"not_picked":["Prostrate+1","Meditate+1"],"picked":"Wireheading+1","floor":44},{"not_picked":["Crescendo+1","CrushJoints+1"],"picked":"BattleHymn+1","floor":46},{"not_picked":["Tantrum+1","EmptyBody+1"],"picked":"MasterReality+1","floor":47},{"not_picked":["JustLucky+1","EmptyMind+1"],"picked":"FlyingSleeves+1","floor":48}],"player_experience":874666,"relics_obtained":[{"floor":7.0,"key":"Singing Bowl"},{"floor":9.0,"key":"Boot"},{"floor":10.0,"key":"Orichalcum"},{"floor":25.0,"key":"Toxic Egg 2"},{"floor":26.0,"key":"Bottled Tornado"},{"floor":30.0,"key":"MealTicket"},{"floor":34.0,"key":"Potion Belt"},{"floor":34.0,"key":"White Beast Statue"},{"floor":34.0,"key":"Old Coin"},{"floor":42,"key":"Meat on the Bone"},{"floor":43,"key":"Darkstone Periapt"},{"floor":47,"key":"HornCleat"}],"event_choices":[{"cards_removed":["Strike_P"],"damage_healed":0.0,"max_hp_gain":0.0,"max_hp_loss":0.0,"gold_gain":0.0,"event_name":"The Cleric","player_choice":"Card Removal","floor":4.0,"gold_loss":50.0,"damage_taken":0.0},{"damage_healed":0.0,"max_hp_gain":0.0,"max_hp_loss":0.0,"gold_gain":0.0,"event_name":"Liars Game","player_choice":"Ignored","floor":11.0,"gold_loss":0.0,"damage_taken":0.0},{"damage_healed":0.0,"max_hp_gain":0.0,"max_hp_loss":0.0,"gold_gain":0.0,"event_name":"Elementarium:OnrushingOffering","player_choice":"Toss","floor":24.0,"gold_loss":10.0,"damage_taken":0.0,"cards_obtained":["Elementarium:GildedEssence"]},{"damage_healed":0.0,"max_hp_gain":0.0,"max_hp_loss":0.0,"gold_gain":0.0,"event_name":"Elementarium:IncubationChamber","player_choice":"Egg","floor":27.0,"relics_lost":["Toxic Egg 2"],"gold_loss":0.0,"damage_taken":0.0,"relics_obtained":["Elementarium:HatchlingPhoenix"]},{"damage_healed":0.0,"max_hp_gain":0.0,"max_hp_loss":0.0,"gold_gain":0.0,"event_name":"The Moai Head","player_choice":"Ignored","floor":38.0,"gold_loss":0.0,"damage_taken":0.0}],"is_beta":false,"boss_relics":[{"not_picked":["Snecko Eye","Runic Dome"],"picked":"Empty Cage"},{"not_picked":["SlaversCollar","Tiny House"],"picked":"Calling Bell"}],"items_purged_floors":[20,39,45],"is_endless":false,"potions_floor_spawned":[1,5,14,16,19,33,35,36,37,41,42,44,46,47,48],"killed_by":"Time Eater","ascension_level":3}}