{"host":"ndpbn7fqb3wjbd7p","time":1614224870,"event":{"mods":["AchievementEnabler","Act Like it!","AlwaysNeverKeys","BaseMod","Better Vampires","Block Reminder","Colored Powertips","DeckTracker","Defuse TimeMaze Blight","Friendly Minions","Highlight Path","MarisaÅiñ∂âJÅ@ñÇóùçπÅj","Minty Spire (QoL Compilation)","Permanent Neow","StSLib","SuperFastMode","Synergy Search","Unceasing Turn Reminder","Wandering Minibosses"],"gold_per_floor":[113,127,202,222,222,249,249,57,80,91,124,74,24,24,24,24,24],"floor_reached":16,"language":"ENG","playtime":644,"items_purged":["Eruption","Strike_P"],"score":180,"play_id":"44b9763d-c83f-4bc0-9d1e-f7b160fa9fc4","local_time":"20210225044750","is_ascension_mode":true,"campfire_choices":[{"data":"Consecrate","floor":7,"key":"SMITH"},{"floor":15,"key":"REST"}],"circlet_count":0,"master_deck":["Strike_P","Strike_P","Strike_P","Defend_P","Defend_P+1","Defend_P","Vigilance+1","Weave","Consecrate+1","Blasphemy","Consecrate","LikeWater"],"relics":["PureWater","Unceasing Top","Dream Catcher","Membership Card","Anchor","Pear"],"acts_visited":["Exordium"],"potions_floor_usage":[11,16],"damage_taken":[{"damage":4,"enemies":"Jaw Worm","floor":1,"turns":5},{"damage":7,"enemies":"Cultist","floor":2,"turns":3},{"damage":6,"enemies":"2 Louse","floor":4,"turns":2},{"damage":42,"enemies":"3 Sentries","floor":6,"turns":8},{"damage":1,"enemies":"Looter","floor":10,"turns":4},{"damage":0,"enemies":"Gremlin Nob","floor":11,"turns":1},{"damage":37,"enemies":"Slime Boss","floor":16,"turns":12}],"seed_played":"-7121504346715201638","potions_obtained":[{"floor":6,"key":"AttackPotion"},{"floor":11,"key":"AttackPotion"}],"is_trial":false,"path_per_floor":["M","M","?","M","?","E","R","$","T","M","E","$","?","?","R","B"],"character_chosen":"WATCHER","items_purchased":["Membership Card"],"campfire_rested":1,"item_purchase_floors":[8],"current_hp_per_floor":[61,54,48,42,63,21,21,21,21,20,30,30,30,15,37,0,0],"gold":24,"neow_bonus":"ONE_RARE_RELIC","is_daily":false,"chose_seed":false,"campfire_upgraded":1,"win_rate":0.0,"timestamp":1614224870,"path_taken":["M","M","?","?","?","E","R","$","T","M","E","$","?","?","R","BOSS"],"items_purchased_type":["Relic"],"build_version":"2020-12-22","purchased_purges":2,"victory":false,"max_hp_per_floor":[65,65,65,65,65,65,65,65,65,65,75,75,75,75,75,75,75],"card_choices":[{"not_picked":["ClearTheMind","EmptyBody"],"picked":"Weave","floor":1},{"not_picked":["CrushJoints","Evaluate","EmptyBody"],"picked":"SKIP","floor":2},{"not_picked":["BowlingBash","Crescendo"],"picked":"Consecrate","floor":4},{"not_picked":["WindmillStrike","SandsOfTime"],"picked":"Blasphemy","floor":6},{"not_picked":["PathToVictory","ThirdEye"],"picked":"Consecrate","floor":10},{"not_picked":["WindmillStrike","DeceiveReality","Omniscience"],"picked":"SKIP","floor":11},{"not_picked":["Conclude","Swivel"],"picked":"LikeWater","floor":15}],"player_experience":1217971,"relics_obtained":[{"floor":6,"key":"Dream Catcher"},{"floor":9,"key":"Anchor"},{"floor":11,"key":"Pear"}],"event_choices":[{"damage_healed":0,"gold_gain":75,"player_choice":"Touch","damage_taken":6,"max_hp_gain":0,"max_hp_loss":0,"event_name":"FaceTrader","floor":3,"gold_loss":0},{"damage_healed":21,"gold_gain":0,"player_choice":"Banana","damage_taken":0,"max_hp_gain":0,"max_hp_loss":0,"event_name":"Big Fish","floor":5,"gold_loss":0},{"cards_removed":["Defend_P"],"damage_healed":0,"gold_gain":0,"player_choice":"Card Removal","damage_taken":0,"max_hp_gain":0,"max_hp_loss":0,"event_name":"The Cleric","floor":13,"gold_loss":50},{"damage_healed":0,"gold_gain":0,"player_choice":"Entered Light","damage_taken":15,"max_hp_gain":0,"max_hp_loss":0,"event_name":"Shining Light","floor":14,"gold_loss":0,"cards_upgraded":["Vigilance","Defend_P"]}],"is_beta":false,"boss_relics":[],"items_purged_floors":[8,12],"is_endless":false,"potions_floor_spawned":[6,11],"killed_by":"Slime Boss","ascension_level":7}}