{"host":"m8y8nvvez5gwh4s7","time":1614223377,"event":{"mods":["AchievementEnabler","BaseMod","Bestiary","Colored Map","Colored Powertips","Minty Spire (QoL Compilation)","Rare Cards Sparkle","Relic Stats","Replay The Spire","StSLib","Together in Spire"],"gold_per_floor":[113,125,136,136,152,179,179,196,196,196,210,220,240,268,268,366,366,377,392,412,412,423,458,478,494,546,557,102,136,156,156,156,251,251,266,280,294,305,325,354,354,364,364,389,409,409,423,443,443,443],"floor_reached":51,"language":"ENG","playtime":3818,"items_purged":[],"score":775,"play_id":"a57da8e6-7bbc-45b1-a82a-b09f14dee5a9","local_time":"20210224212257","is_ascension_mode":false,"campfire_choices":[{"floor":10.0,"key":"REST"},{"data":"Corruption","floor":15.0,"key":"SMITH"},{"floor":32.0,"key":"REST"},{"floor":41.0,"key":"REST"},{"floor":49.0,"key":"REST"}],"circlet_count":1,"master_deck":["Strike_R+1","Strike_R+1","Strike_R+1","Strike_R","Strike_R","Defend_R","Defend_R","Defend_R","Defend_R","Bash","Defend_P","Strike_P","Violence","Flex+1","Power Through","Clash","ReplayTheSpireMod:Stacked","Carnage+1","Ghostly Armor+1","Flex","Run Through","Rage","Flame Barrier+1","Corruption+1","Flex","Carnage+1","Pommel Strike","ReplayTheSpireMod:LeadingStrike","Demon Form","Havoc+1","Wild Strike","Shrug It Off","Bludgeon","Pommel Strike+1","Perfected Strike+1","Feed","Carnage+1","Uppercut+1","Sever Soul","Twin Strike+1","Clothesline","Dual Wield+1","Brutality","ReplayTheSpireMod:Corrosion Curse+1","Metallicize+1","Iron Wave","Pain","Dropkick+1","Carnage+1","Flex"],"relics":["Burning Blood","Shuriken","Vajra","Dream Catcher","ReplayTheSpireMod:Ninjato","Ooze Armor","Replay:Arrowhead","War Paint","Gremlin Food","Calipers","Bird Faced Urn","Philosopher\u0027s Stone","Happy Flower","ReplayTheSpireMod:TigerMarble","WarpedTongs","Circlet"],"acts_visited":[],"potions_floor_usage":[],"damage_taken":[{"damage":12.0,"enemies":"2 Louse","floor":1.0,"turns":2.0},{"damage":5.0,"enemies":"Small Slimes","floor":2.0,"turns":2.0},{"damage":6.0,"enemies":"Jaw Worm","floor":3.0,"turns":2.0},{"damage":8.0,"enemies":"Exordium Thugs","floor":5.0,"turns":3.0},{"damage":0.0,"enemies":"Lagavulin","floor":6.0,"turns":4.0},{"damage":0.0,"enemies":"Looter","floor":8.0,"turns":1.0},{"damage":0.0,"enemies":"Exordium Wildlife","floor":11.0,"turns":3.0},{"damage":3.0,"enemies":"Gremlin Gang","floor":12.0,"turns":3.0},{"damage":0.0,"enemies":"Large Slime","floor":13.0,"turns":3.0},{"damage":6.0,"enemies":"3 Sentries","floor":14.0,"turns":3.0},{"damage":0.0,"enemies":"Slime Boss","floor":16.0,"turns":6.0},{"damage":0.0,"enemies":"Spheric Guardian","floor":18.0,"turns":3.0},{"damage":0.0,"enemies":"2 Thieves","floor":19.0,"turns":2.0},{"damage":0.0,"enemies":"Cultist and Chosen","floor":20.0,"turns":3.0},{"damage":0.0,"enemies":"Centurion and Healer","floor":22.0,"turns":2.0},{"damage":0.0,"enemies":"Gremlin Leader","floor":23.0,"turns":3.0},{"damage":19.0,"enemies":"Snake Plant","floor":24.0,"turns":3.0},{"damage":35.0,"enemies":"Cultist and Chosen","floor":25.0,"turns":4.0},{"damage":0.0,"enemies":"Centurion and Healer","floor":27.0,"turns":3.0},{"damage":8.0,"enemies":"Book of Stabbing","floor":29.0,"turns":4.0},{"damage":0.0,"enemies":"3 Cultists","floor":30.0,"turns":3.0},{"damage":0.0,"enemies":"Pondfish","floor":33.0,"turns":5.0},{"damage":9.0,"enemies":"3 Darklings","floor":35.0,"turns":3.0},{"damage":5.0,"enemies":"3 Shapes","floor":36.0,"turns":2.0},{"damage":30.0,"enemies":"Maw","floor":37.0,"turns":3.0},{"damage":6.0,"enemies":"Jaw Worm Horde","floor":38.0,"turns":3.0},{"damage":0.0,"enemies":"Transient","floor":39.0,"turns":1.0},{"damage":0.0,"enemies":"Reptomancer","floor":40.0,"turns":4.0},{"damage":0.0,"enemies":"Sphere and 2 Shapes","floor":42.0,"turns":1.0},{"damage":0.0,"enemies":"Giant Head","floor":44.0,"turns":2.0},{"damage":15.0,"enemies":"Maw","floor":45.0,"turns":2.0},{"damage":38.0,"enemies":"Spire Growth","floor":47.0,"turns":4.0},{"damage":6.0,"enemies":"Jaw Worm Horde","floor":48.0,"turns":2.0},{"damage":53,"enemies":"Awakened One","floor":50,"turns":4}],"seed_played":"-4453356821830620679","potions_obtained":[{"floor":3.0,"key":"LiquidBronze"},{"floor":5.0,"key":"EssenceOfSteel"},{"floor":8.0,"key":"SkillPotion"},{"floor":13.0,"key":"AttackPotion"},{"floor":16.0,"key":"Adrenaline Potion"},{"floor":19.0,"key":"CultistPotion"},{"floor":23.0,"key":"Block Potion"},{"floor":25.0,"key":"EntropicBrew"},{"floor":27.0,"key":"Milkshake"},{"floor":30.0,"key":"Block Potion"},{"floor":33.0,"key":"GamblersBrew"},{"floor":37.0,"key":"SneckoOil"},{"floor":40.0,"key":"Dexterity Potion"},{"floor":42.0,"key":"SpeedPotion"},{"floor":44.0,"key":"Death Potion"},{"floor":48.0,"key":"Adrenaline Potion"}],"is_trial":false,"path_per_floor":["M","M","M","?","M","E","?","M","T","R","M","M","M","E","R","B",null,"M","M","M","?","M","E","M","M","T","M","$","E","M","?","R","B",null,"M","M","M","M","M","E","R","M","T","E","M","?","M","M","R","B",null],"character_chosen":"IRONCLAD","items_purchased":["Gremlin Food","Calipers"],"campfire_rested":4,"item_purchase_floors":[28,28],"current_hp_per_floor":[74,75,75,68,66,72,56,62,62,80,80,80,80,80,80,80,80,80,80,80,90,90,90,77,48,48,54,54,52,60,90,90,90,90,87,88,66,71,77,85,93,93,93,93,84,84,56,69,96,53],"gold":443,"neow_bonus":"RANDOM_COLORLESS_2","is_daily":false,"chose_seed":false,"campfire_upgraded":1,"win_rate":0.0,"timestamp":1614223377,"path_taken":["M","M","M","?","M","E","?","M","T","R","M","M","M","E","R","BOSS","M","M","M","?","M","E","M","M","T","M","?","E","M","?","R","BOSS","M","M","M","M","M","E","R","M","T","E","M","?","M","M","R","BOSS"],"items_purchased_type":["Relic","Relic"],"build_version":"2020-12-22","purchased_purges":0,"victory":true,"max_hp_per_floor":[80,80,80,80,80,80,80,80,80,80,80,80,80,80,80,80,80,80,80,80,90,90,90,90,90,90,90,90,90,90,90,90,90,90,90,90,90,93,93,93,93,93,93,93,93,93,93,96,96,96],"relic_stats":{"Dream Catcher":0,"Happy Flower":[2],"counters":[1,4],"Shuriken":[2],"Bird Faced Urn":[4],"War Paint":[],"obtain_stats":[{"Gremlin Food":0,"ReplayTheSpireMod:Ninjato":0,"Calipers":0,"Happy Flower":0,"Vajra":0,"Circlet":0,"War Paint":0,"Burning Blood":0,"Replay:Arrowhead":0,"WarpedTongs":0,"Dream Catcher":0,"Shuriken":0,"Ooze Armor":0,"Bird Faced Urn":0,"Philosopher\u0027s Stone":0,"ReplayTheSpireMod:TigerMarble":0},{"Gremlin Food":0,"ReplayTheSpireMod:Ninjato":0,"Calipers":0,"Happy Flower":0,"Vajra":0,"Circlet":0,"War Paint":0,"Burning Blood":0,"Replay:Arrowhead":0,"WarpedTongs":0,"Dream Catcher":0,"Shuriken":0,"Ooze Armor":0,"Bird Faced Urn":0,"Philosopher\u0027s Stone":0,"ReplayTheSpireMod:TigerMarble":0},{"Gremlin Food":0,"ReplayTheSpireMod:Ninjato":0,"Calipers":0,"Happy Flower":0,"Vajra":0,"Circlet":0,"War Paint":0,"Burning Blood":0,"Replay:Arrowhead":0,"WarpedTongs":0,"Dream Catcher":0,"Shuriken":0,"Ooze Armor":0,"Bird Faced Urn":0,"Philosopher\u0027s Stone":0,"ReplayTheSpireMod:TigerMarble":0}],"Burning Blood":6,"WarpedTongs":[4]},"card_choices":[{"not_picked":["Sadistic Nature","HandOfGreed"],"picked":"Violence","floor":0.0},{"not_picked":["Heavy Blade","Armaments"],"picked":"Flex","floor":1.0},{"not_picked":["Blood for Blood","Twin Strike"],"picked":"Power Through","floor":2.0},{"not_picked":["Sword Boomerang","Rampage"],"picked":"Clash","floor":3.0},{"not_picked":["ReplayTheSpireMod:Strike From Hell","True Grit"],"picked":"ReplayTheSpireMod:Stacked","floor":5.0},{"not_picked":["Cleave","Warcry"],"picked":"Carnage","floor":6.0},{"not_picked":["Clash","Anger"],"picked":"Ghostly Armor","floor":8.0},{"not_picked":["Evolve","Sword Boomerang"],"picked":"Flex","floor":10.0},{"not_picked":["Blood for Blood","Pommel Strike"],"picked":"Run Through","floor":11.0},{"not_picked":["Iron Wave","Burning Pact"],"picked":"Rage","floor":12.0},{"not_picked":["Havoc","Twin Strike"],"picked":"Flame Barrier","floor":13.0},{"not_picked":["Life Link","Armaments"],"picked":"Corruption","floor":14.0},{"not_picked":["Barricade","Feed"],"picked":"Reaper","floor":16.0},{"not_picked":["Wild Strike","Searing Blow"],"picked":"Flex","floor":18.0},{"not_picked":["Flex","Second Wind"],"picked":"Carnage+1","floor":19.0},{"not_picked":["Run Through","Body Slam"],"picked":"Pommel Strike","floor":20.0},{"not_picked":["Evolve","Massacre"],"picked":"ReplayTheSpireMod:LeadingStrike","floor":22.0},{"not_picked":["Intimidate","Clothesline"],"picked":"Demon Form","floor":23.0},{"not_picked":["True Grit+1","Heavy Blade"],"picked":"Havoc+1","floor":24.0},{"not_picked":["Second Wind","Rupture"],"picked":"Wild Strike","floor":25.0},{"not_picked":["ReplayTheSpireMod:Strike From Hell","Run Through"],"picked":"Shrug It Off","floor":27.0},{"not_picked":["Perfected Strike","Ghostly Armor+1"],"picked":"Bludgeon","floor":29.0},{"not_picked":["True Grit+1","Blood for Blood"],"picked":"Pommel Strike+1","floor":30.0},{"not_picked":["Heavy Blade","Wild Strike"],"picked":"Perfected Strike+1","floor":32.0},{"not_picked":["Juggernaut","Double Tap"],"picked":"Feed","floor":33.0},{"not_picked":["Heavy Blade","Wild Strike"],"picked":"Carnage+1","floor":35.0},{"not_picked":["Flex","ReplayReversal+1"],"picked":"Uppercut+1","floor":36.0},{"not_picked":["ReplayTheSpireMod:Strike From Hell","Dropkick"],"picked":"Sever Soul","floor":37.0},{"not_picked":["Armaments","Sword Boomerang"],"picked":"Twin Strike+1","floor":38.0},{"not_picked":["Feel No Pain","Blood for Blood"],"picked":"Clothesline","floor":39.0},{"not_picked":["Body Slam+1","True Grit"],"picked":"Dual Wield+1","floor":40.0},{"not_picked":["True Grit+1","Metallicize"],"picked":"Brutality","floor":41.0},{"not_picked":["Warcry","Heavy Blade"],"picked":"ReplayTheSpireMod:Corrosion Curse+1","floor":42.0},{"not_picked":["Anger+1","Iron Wave+1"],"picked":"Metallicize+1","floor":44.0},{"not_picked":["Hemokinesis","Replay:Undeath\u0027s Touch"],"picked":"Iron Wave","floor":45.0},{"not_picked":["Dual Wield","Life Link"],"picked":"Dropkick+1","floor":47.0},{"not_picked":["Abandon+1","Body Slam+1"],"picked":"Carnage+1","floor":48.0},{"not_picked":["Thunderclap+1","Combust"],"picked":"Flex","floor":49.0}],"player_experience":35206,"relics_obtained":[{"floor":6.0,"key":"Vajra"},{"floor":9.0,"key":"Dream Catcher"},{"floor":14.0,"key":"ReplayTheSpireMod:Ninjato"},{"floor":23.0,"key":"Replay:Arrowhead"},{"floor":26.0,"key":"War Paint"},{"floor":29.0,"key":"Bird Faced Urn"},{"floor":40.0,"key":"Happy Flower"},{"floor":43.0,"key":"Dead Branch"},{"floor":44.0,"key":"ReplayTheSpireMod:TigerMarble"}],"event_choices":[{"damage_healed":0.0,"max_hp_gain":0.0,"max_hp_loss":0.0,"gold_gain":0.0,"event_name":"Scrap Ooze","player_choice":"Success","floor":4.0,"gold_loss":0.0,"damage_taken":7.0,"relics_obtained":["Shuriken"]},{"damage_healed":0.0,"max_hp_gain":0.0,"max_hp_loss":0.0,"gold_gain":0.0,"event_name":"Shining Light","player_choice":"Entered Light","floor":7.0,"gold_loss":0.0,"damage_taken":16.0,"cards_upgraded":["Carnage","Flex"]},{"cards_removed":["Reaper"],"damage_healed":0.0,"max_hp_gain":10.0,"max_hp_loss":0.0,"gold_gain":0.0,"event_name":"Bonfire Elementals","player_choice":"Offered Rare","floor":21.0,"gold_loss":0.0,"damage_taken":0.0},{"damage_healed":30.0,"max_hp_gain":0.0,"max_hp_loss":0.0,"gold_gain":0.0,"event_name":"The Library","player_choice":"Heal","floor":31.0,"gold_loss":0.0,"damage_taken":0.0},{"damage_healed":0.0,"max_hp_gain":0.0,"max_hp_loss":0.0,"gold_gain":0.0,"event_name":"Accursed Blacksmith","player_choice":"Rummage","floor":46.0,"gold_loss":0.0,"damage_taken":0.0,"relics_obtained":["WarpedTongs"],"cards_obtained":["Pain"]}],"is_beta":false,"boss_relics":[{"not_picked":["Replay:Drink Me","SlaversCollar"],"picked":"Ooze Armor"},{"not_picked":["Electric Blood","Empty Cage"],"picked":"Philosopher\u0027s Stone"}],"items_purged_floors":[],"is_endless":false,"potions_floor_spawned":[3,5,8,12,13,16,19,23,25,27,30,33,35,37,40,42,44,45,48],"ascension_level":0}}