{"host":"t0bo9kmlst92gdfh","time":1614226144,"event":{"mods":["BaseMod","Block Reminder","Colored Powertips","DeckTracker","Jorbs\u0027s Wanderer Trilogy","Minty Spire (QoL Compilation)","Relic Stats","StSLib"],"gold_per_floor":[115,115,40,40,10,10,44,44,69,69,92,115,153,177,177,177,177],"floor_reached":16,"language":"ENG","playtime":928,"items_purged":["Regret"],"score":108,"play_id":"e5ba810f-078a-453c-9f19-9f005ba44863","local_time":"20210224200904","is_ascension_mode":false,"campfire_choices":[{"data":"Gash","floor":6,"key":"SMITH"},{"floor":8,"key":"REST"},{"floor":15,"key":"REST"}],"circlet_count":0,"master_deck":["Strike_B","Strike_B","Strike_B","Defend_B","Defend_B","Defend_B","Defend_B","Zap","Dualcast","Gash+1","Streamline","Genetic Algorithm"],"relics":["Cracked Core","Lantern","Golden Idol","Ornamental Fan","Bag of Preparation","Omamori"],"acts_visited":["Exordium"],"potions_floor_usage":[13,13],"damage_taken":[{"damage":6,"enemies":"Jaw Worm","floor":1,"turns":2},{"damage":36,"enemies":"Lagavulin","floor":7,"turns":7},{"damage":0,"enemies":"Small Slimes","floor":11,"turns":2},{"damage":1,"enemies":"Cultist","floor":12,"turns":3},{"damage":16,"enemies":"Gremlin Nob","floor":13,"turns":4},{"damage":22,"enemies":"Lots of Slimes","floor":14,"turns":4},{"damage":35,"enemies":"Hexaghost","floor":16,"turns":7}],"seed_played":"-6676633652907346356","potions_obtained":[{"floor":1,"key":"Weak Potion"},{"floor":12,"key":"Regen Potion"}],"is_trial":false,"path_per_floor":["M","?","$","?","?","R","E","R","T","$","M","M","E","M","R","B"],"character_chosen":"DEFECT","items_purchased":[],"campfire_rested":2,"item_purchase_floors":[],"current_hp_per_floor":[69,69,69,51,51,51,15,37,37,37,37,36,29,7,29,0,0],"gold":177,"neow_bonus":"REMOVE_CARD","is_daily":false,"chose_seed":false,"campfire_upgraded":1,"win_rate":0.0,"timestamp":1614226144,"path_taken":["M","?","$","?","?","R","E","R","T","?","?","M","E","M","R","BOSS"],"items_purchased_type":[],"build_version":"2020-12-22","purchased_purges":1,"victory":false,"max_hp_per_floor":[75,75,75,75,75,75,75,75,75,75,75,75,75,75,75,75,75],"relic_stats":{"counters":[7,29],"Golden Idol":30,"Ornamental Fan":[28],"Bag of Preparation":[10],"obtain_stats":[{"Lantern":2,"Golden Idol":4,"Ornamental Fan":7,"Bag of Preparation":9,"Omamori":13,"Cracked Core":0},{"Lantern":1,"Golden Idol":1,"Ornamental Fan":2,"Bag of Preparation":2,"Omamori":5,"Cracked Core":0},{"Lantern":2,"Golden Idol":2,"Ornamental Fan":9,"Bag of Preparation":9,"Omamori":18,"Cracked Core":0}]},"card_choices":[{"not_picked":["Double Energy","Glacier"],"picked":"Gash","floor":1},{"not_picked":["Steam","Turbo","Redo"],"picked":"SKIP","floor":7},{"not_picked":["Turbo","Barrage"],"picked":"Streamline","floor":11},{"not_picked":["Beam Cell","Scrape","Compile Driver"],"picked":"SKIP","floor":12},{"not_picked":["Force Field","Amplify"],"picked":"Genetic Algorithm","floor":13},{"not_picked":["Compile Driver","Stack","Barrage"],"picked":"SKIP","floor":14}],"player_experience":70989,"relics_obtained":[{"floor":7,"key":"Ornamental Fan"},{"floor":9,"key":"Bag of Preparation"},{"floor":13,"key":"Omamori"}],"event_choices":[{"damage_healed":0,"gold_gain":0,"player_choice":"Box","damage_taken":0,"relics_obtained":["Lantern"],"max_hp_gain":0,"max_hp_loss":0,"event_name":"Big Fish","floor":2,"gold_loss":0,"cards_obtained":["Regret"]},{"damage_healed":0,"gold_gain":0,"player_choice":"Take Damage","damage_taken":18,"relics_obtained":["Golden Idol"],"max_hp_gain":0,"max_hp_loss":0,"event_name":"Golden Idol","floor":4,"gold_loss":0},{"damage_healed":0,"gold_gain":0,"player_choice":"Left Gold","damage_taken":0,"max_hp_gain":0,"max_hp_loss":0,"event_name":"World of Goop","floor":5,"gold_loss":30}],"is_beta":false,"boss_relics":[],"items_purged_floors":[3],"is_endless":false,"potions_floor_spawned":[1,12],"killed_by":"Hexaghost","ascension_level":0}}