{"host":"1hw3ks68c0zl1mxv","time":1614254079,"event":{"mods":["2.2 Compatiblity","Act Like it!","Aspiration","BaseMod","Beaked The Cultist","BetterRewards","Colored Map","Colored Powertips","Conspire","Downfall","Energized Spire","GungeonMod","Halation","Hallownest","Hubris","Infinite Spire","Marisa????????","Mimic Mod","Minty Spire (QoL Compilation)","Quick Restart","Replay The Spire","Shop Mod","StSLib","The Bug Knight","The Construct","The Elementalist","The Necromancer","The Saiyan","The Servant 0.9.4","TheHero"],"gold_per_floor":[113,113,113,131,131,159,171,171,209,226,226,329,329,357,357,461,461,472,461,461,474,474,474,501,501,539,550,550,550,51,66,66,173,173,202,202,132,153,183,183,83,107,139,167,167,167,193,224,224,224],"floor_reached":51,"language":"ENG","playtime":2897,"items_purged":["ReplayTheSpireMod:Splinters","Injury","Strike_W"],"score":1027,"play_id":"a23f9e84-abd7-494b-a3de-bd9bdf433abe","local_time":"20210225045439","is_ascension_mode":false,"campfire_choices":[{"data":"Summon_Undead","floor":8,"key":"SMITH"},{"data":"Summon_Undead","floor":11,"key":"SMITH"},{"data":"Scare","floor":15,"key":"SMITH"},{"data":"Bone_Prison","floor":23,"key":"SMITH"},{"data":"Requiem","floor":25,"key":"SMITH"},{"data":"Uncharnel","floor":28,"key":"SMITH"},{"data":"infinitespire:Collect","floor":32,"key":"SMITH"},{"data":"Bone_Wall","floor":32,"key":"SMITH"},{"data":"Violent_Necrosis","floor":40,"key":"SMITH"},{"data":"Stop_Heart","floor":40,"key":"SMITH"},{"data":"infinitespire:Punishment","floor":49,"key":"SMITH"},{"data":"Spectral_Armor","floor":49,"key":"SMITH"}],"circlet_count":0,"master_deck":["Strike_W+1","Strike_W+1","Strike_W","Defend_W","Defend_W+1","Defend_W+1","Defend_W","Negative_Energy_Arrows","Bone_Wall+1","Summon_Lich+1","Scare+1","Summon_Undead+1","Bone_Prison+1","Stop_Heart+1","Summon_Undead+1","Strike_from_Beyond+1","Bone_Armory+1","Grasp_Heart+1","Whirlwind_of_Bones","Hellfire+1","Pot Of Greed","Pot Of Greed+1","Requiem+1","Pot Of Greed+1","Uncharnel+1","Stop_Heart+1","infinitespire:Collect+1","Summon_Vampire_Lady+1","Summon_Death_Knight+1","Violent_Necrosis+1","Summon_Undead_Army+1","Summon_Undead_Army+1","Spectral_Walk","Spectral_Armor+1","infinitespire:Punishment+1","Bone_Armory+1","Pot Of Greed+1"],"relics":["Vampire_Amulet","Prayer Wheel","Durian","Oddly Smooth Stone","DemoMod:DecoyRelic","Frozen Egg 2","Akabeko","Replay:Bottled Steam","DemoMod:PartiallyEatenCheese","infinitespire:Joker Card","infinitespire:Cupcake","halation:PinkSoulGem","Grinning Jar","hubris:MedicalManual","Replay:Arrowhead","infinitespire:EvilPickle","halation:HeavySnake","Strawberry","conspire:Boomerang","hubris:RunicObelisk","DemoMod:Orange"],"acts_visited":["Exordium","TheCity","TheBeyond"],"potions_floor_usage":[24,35,38,50,50,50],"damage_taken":[{"damage":2.0,"enemies":"Small Slimes","floor":1.0,"turns":3.0},{"damage":3.0,"enemies":"2 Louse","floor":4.0,"turns":3.0},{"damage":15.0,"enemies":"3 Sentries","floor":6.0,"turns":7.0},{"damage":0,"enemies":"Cultist","floor":7,"turns":3},{"damage":2,"enemies":"Blue Slaver","floor":9,"turns":6},{"damage":0,"enemies":"Blue Slaver","floor":10,"turns":4},{"damage":0,"enemies":"Gremlin Nob","floor":14,"turns":2},{"damage":4,"enemies":"Slime Boss","floor":16,"turns":7},{"damage":2,"enemies":"Chosen","floor":18,"turns":4},{"damage":20,"enemies":"2 Thieves","floor":19,"turns":4},{"damage":0,"enemies":"Snecko","floor":21,"turns":3},{"damage":1,"enemies":"Gremlin Leader","floor":24,"turns":8},{"damage":30,"enemies":"Snake Plant","floor":26,"turns":11},{"damage":6,"enemies":"Snake Plant","floor":27,"turns":3},{"damage":0,"enemies":"Centurion and Healer","floor":31,"turns":4},{"damage":24,"enemies":"Pondfish","floor":33,"turns":8},{"damage":0,"enemies":"3 Darklings","floor":35,"turns":7},{"damage":2,"enemies":"Orb Walker","floor":38,"turns":4},{"damage":4,"enemies":"Maw","floor":39,"turns":6},{"damage":0,"enemies":"Transient","floor":42,"turns":5},{"damage":0,"enemies":"3 Darklings","floor":43,"turns":6},{"damage":17,"enemies":"3 Darklings","floor":44,"turns":6},{"damage":0,"enemies":"Maw","floor":47,"turns":4},{"damage":3,"enemies":"Transient","floor":48,"turns":5},{"damage":0,"enemies":"conspire:OrnateMirror","floor":50,"turns":2}],"seed_played":"-4449454317147965919","potions_obtained":[{"floor":1.0,"key":"Dexterity Potion"},{"floor":6.0,"key":"champ:CounterPotion"},{"floor":10,"key":"Dexterity Potion"},{"floor":21,"key":"Fire Potion"},{"floor":24,"key":"AttackPotion"},{"floor":31,"key":"DemoMod:LeadSkinPotion"},{"floor":35,"key":"Block Potion"},{"floor":39,"key":"ColorlessPotion"},{"floor":42,"key":"SmokeBomb"},{"floor":48,"key":"champ:CounterPotion"}],"is_trial":false,"path_per_floor":["M","?","?","M","?","E","M","R","MIM","M","R","?","T","E","R","B",null,"M","M","?","M","?","R","E","R","MIM","M","R","?","$","M","R","B",null,"M","?","?","M","M","R","$","M","MIM","M","?","AVR","M","M","R","B",null],"character_chosen":"NECROMANCER","items_purchased":["Prayer Wheel","Summon_Lich","Durian","Oddly Smooth Stone","Replay:Arrowhead","Summon_Vampire_Lady+1"],"campfire_rested":0,"item_purchase_floors":[0,0,0,0,30,30],"current_hp_per_floor":[80,68,73,74,74,67,69,69,69,74,74,74,74,76,76,78,85,85,67,67,72,72,72,85,85,57,53,53,32,32,57,57,52,85,85,85,92,92,92,92,92,92,92,85,85,97,104,103,103,104],"gold":224,"neow_bonus":"","is_daily":false,"chose_seed":false,"campfire_upgraded":12,"win_rate":0.0,"timestamp":1614254079,"path_taken":["M","?","?","M","?","E","M","R","MIM","?","R","?","?","E","R","BOSS","M","M","?","M","?","R","E","R","MIM","M","R","?","?","M","R","BOSS","M","?","?","?","M","R","$","M","MIM","M","?","AVR","M","M","R","BOSS"],"items_purchased_type":["Relic","Card","Relic","Relic","Relic","Card"],"build_version":"2020-12-22","purchased_purges":3,"victory":true,"max_hp_per_floor":[80,80,85,85,85,85,85,85,85,85,85,85,85,85,85,85,85,85,85,85,85,85,85,85,85,85,85,85,85,85,85,85,85,85,85,85,92,92,92,92,92,92,92,92,92,104,104,104,104,104],"card_choices":[{"not_picked":["Flesh_Made_Foul","Bones_to_Steel"],"picked":"Scare","floor":1.0},{"not_picked":["Exploit","Shackles_Of_Pain","Finger_Of_Death"],"picked":"SKIP","floor":1.0},{"not_picked":["Toxic_Smoke_Screen","Negative_Energy_Sphere"],"picked":"Summon_Undead","floor":4.0},{"not_picked":["Whirlwind_of_Bones","Shackles_Of_Pain"],"picked":"Bone_Prison","floor":4.0},{"not_picked":["Flesh_Made_Foul","Scare","Shade_Step"],"picked":"SKIP","floor":6.0},{"not_picked":["Bone_Spikes","Life_Tap"],"picked":"Stop_Heart","floor":7},{"not_picked":["Negative_Energy_Sphere","Negative_Energy_Shield","Plague_Bolt"],"picked":"SKIP","floor":7},{"not_picked":["Bones_to_Steel","Negative_Energy_Shield"],"picked":"Summon_Undead","floor":9},{"not_picked":["Finger_Of_Death","Negative_Energy_Bomb","Scare"],"picked":"SKIP","floor":10},{"not_picked":["Finger_Of_Death","Flesh_Made_Foul","Pandemic"],"picked":"SKIP","floor":10},{"not_picked":["Bone_Bullets","Death_Coil"],"picked":"Strike_from_Beyond","floor":12},{"not_picked":["Toxic_Smoke_Screen","Blood_Curse"],"picked":"Bone_Armory+1","floor":12},{"not_picked":["Chill_Blood","Death_March_Dance","Negative_Energy_Shield"],"picked":"SKIP","floor":14},{"not_picked":["Blood_Wake","Cloudkill"],"picked":"Grasp_Heart","floor":16},{"not_picked":["Bone_Bullets","Negative_Energy_Bomb"],"picked":"Whirlwind_of_Bones","floor":18},{"not_picked":["Bone_Shift","Death_March_Dance","Necrotic_Claws+1"],"picked":"SKIP","floor":18},{"not_picked":["Blood_Is_Power+1","Shackles_Of_Pain","Scare+1"],"picked":"SKIP","floor":19},{"not_picked":["Consume_Illness+1","Chill_Blood","Vampiric_Strike"],"picked":"SKIP","floor":19},{"not_picked":["Blood_Shield+1","Death_Coil+1","Shade_Step+1"],"picked":"SKIP","floor":21},{"not_picked":["Blood_Shield","Blood_for_Blood+1","Negative_Energy_Javelin+1"],"picked":"SKIP","floor":21},{"not_picked":["Negative_Energy_Javelin","Chill_Blood"],"picked":"Requiem","floor":24},{"not_picked":["Chill_Blood","Negative_Energy_Javelin"],"picked":"Uncharnel","floor":27},{"not_picked":["Death_Knell","Epidemic+1"],"picked":"Stop_Heart","floor":27},{"not_picked":["infinitespire:SevenWalls","ReplayTheSpireMod:Black Plague"],"picked":"infinitespire:Collect","floor":29},{"not_picked":["Negative_Energy_Javelin","Chill_Blood","Scare+1"],"picked":"SKIP","floor":31},{"not_picked":["Negative_Energy_Mist","Toxic_Smoke_Screen","Negative_Energy_Bomb"],"picked":"SKIP","floor":31},{"not_picked":["Blood_Magic+1","Detonate_Bones"],"picked":"Summon_Death_Knight+1","floor":33},{"not_picked":["Death_March_Dance","Bone_Shift+1"],"picked":"Violent_Necrosis","floor":35},{"not_picked":["Exploit","Blood_Whip","Scare"],"picked":"SKIP","floor":35},{"not_picked":["Negative_Energy_Sphere+1","Death_March_Dance"],"picked":"Summon_Undead_Army+1","floor":38},{"not_picked":["Necromantic_Selection","Chill_Blood","Finger_Of_Death+1"],"picked":"SKIP","floor":38},{"not_picked":["Finger_Of_Death+1","Shade_Step"],"picked":"Summon_Undead_Army+1","floor":39},{"not_picked":["Consume_Illness","Negative_Energy_Mist+1","Bones_to_Steel"],"picked":"SKIP","floor":39},{"not_picked":["Flesh_Made_Foul","Shade_Step+1"],"picked":"Spectral_Walk","floor":42},{"not_picked":["Blood_Wake","Bone_Bullets","Vampiric_Strike"],"picked":"SKIP","floor":42},{"not_picked":["Summon_Undead_Army+1","Flesh_Made_Foul"],"picked":"Spectral_Armor","floor":44},{"not_picked":["Shackles_Of_Pain+1","Bone_Shift+1","Negative_Energy_Shield+1"],"picked":"SKIP","floor":44},{"not_picked":["Shackles_Of_Pain+1","Bone_Shift+1","Negative_Energy_Shield+1"],"picked":"SKIP","floor":44},{"not_picked":["Finger_Of_Death","Reap_The_Weak"],"picked":"Bone_Armory+1","floor":47},{"not_picked":["Death_March_Dance+1","Whirlwind_of_Bones+1","Shackles_Of_Pain"],"picked":"SKIP","floor":47},{"not_picked":["Necrotic_Claws","Death_March_Dance","Negative_Energy_Sphere"],"picked":"SKIP","floor":48},{"not_picked":["Bone_Shift","Death_March_Dance","Negative_Energy_Sphere"],"picked":"SKIP","floor":48}],"player_experience":1626267,"relics_obtained":[{"floor":6.0,"key":"Akabeko"},{"floor":9,"key":"Replay:Bottled Steam"},{"floor":13,"key":"DemoMod:PartiallyEatenCheese"},{"floor":14,"key":"infinitespire:Joker Card"},{"floor":24,"key":"Grinning Jar"},{"floor":26,"key":"hubris:MedicalManual"},{"floor":43,"key":"conspire:Boomerang"}],"event_choices":[{"damage_healed":0.0,"max_hp_gain":0.0,"max_hp_loss":0.0,"gold_gain":0.0,"event_name":"Scrap Ooze","player_choice":"Success","floor":2.0,"gold_loss":0.0,"damage_taken":12.0,"relics_obtained":["DemoMod:DecoyRelic"]},{"damage_healed":0.0,"max_hp_gain":5.0,"max_hp_loss":0.0,"gold_gain":0.0,"event_name":"Big Fish","player_choice":"Donut","floor":3.0,"gold_loss":0.0,"damage_taken":0.0},{"damage_healed":0,"gold_gain":0,"player_choice":"Read","damage_taken":0,"max_hp_gain":0,"max_hp_loss":0,"event_name":"The Library","floor":22,"gold_loss":0,"cards_obtained":["Hellfire"]},{"damage_healed":0,"gold_gain":0,"player_choice":"Leave","damage_taken":0,"max_hp_gain":0,"max_hp_loss":0,"event_name":"conspire:Investor","floor":36,"gold_loss":0},{"damage_healed":0,"gold_gain":0,"player_choice":"Paid Gold","damage_taken":0,"relics_obtained":["Strawberry"],"max_hp_gain":0,"max_hp_loss":0,"event_name":"WeMeetAgain","floor":37,"gold_loss":70},{"damage_healed":0,"gold_gain":0,"player_choice":"0 cards matched","damage_taken":0,"max_hp_gain":0,"max_hp_loss":0,"event_name":"Match and Keep!","floor":45,"gold_loss":0,"cards_obtained":[]}],"is_beta":false,"boss_relics":[{"not_picked":["aspiration:WatcherSkillbook","conspire:SeveredTorchhead"],"picked":"infinitespire:Cupcake"},{"not_picked":["Replay:Bronze Core","Philosopher\u0027s Stone"],"picked":"halation:HeavySnake"}],"items_purged_floors":[30,41,46],"is_endless":false,"potions_floor_spawned":[1,6,10,14,21,24,31,33,35,39,42,44,48],"ascension_level":0}}