{"host":"lxu17chzujqn8whl","time":1614278168,"event":{"mods":["BaseMod","Minty Spire (QoL Compilation)","Relic Stats","StSLib"],"gold_per_floor":[366,366,383,393,33,62,82,82,109,127,141,157,176,204,204,306,306,318,337,317,337,40,75,94,22,22,22,46,70,96,121,121,234,234,256,273,28,41,50,50,50],"floor_reached":40,"language":"ENG","playtime":1327,"items_purged":["Defend_B"],"score":521,"play_id":"9a2f8182-eb94-4e7a-8941-dae4b33d455b","local_time":"20210225103608","is_ascension_mode":false,"campfire_choices":[{"data":"Dramatic Entrance","floor":8.0,"key":"SMITH"},{"floor":15.0,"key":"REST"},{"data":"Electrodynamics","floor":27.0,"key":"SMITH"},{"data":"Defragment","floor":32.0,"key":"SMITH"}],"circlet_count":0,"master_deck":["Strike_B","Strike_B","Strike_B","Strike_B","Defend_B","Defend_B","Defend_B","Zap","Dualcast","Conserve Battery","Sweeping Beam","Beam Cell","Dramatic Entrance+1","Chill+1","Tempest+1","Sweeping Beam","Leap+1","Streamline","Electrodynamics+1","Doom and Gloom","Defragment+1","Cold Snap","Conserve Battery+1","Turbo+1","Auto Shields+1","Force Field+1","Blind+1","Fusion+1","Chill+1","Glacier+1","Meteor Strike","Stack+1","Apotheosis+1","White Noise+1","Bandage Up+1"],"relics":["Cracked Core","Toxic Egg 2","Ancient Tea Set","Omamori","Vajra","Velvet Choker","MealTicket","CeramicFish","HornCleat","InkBottle","Black Star"],"acts_visited":["Exordium","TheCity","TheBeyond"],"potions_floor_usage":[38],"damage_taken":[{"damage":5.0,"enemies":"Small Slimes","floor":1.0,"turns":3.0},{"damage":0.0,"enemies":"Jaw Worm","floor":3.0,"turns":3.0},{"damage":1.0,"enemies":"Cultist","floor":4.0,"turns":3.0},{"damage":0.0,"enemies":"Gremlin Nob","floor":6.0,"turns":2.0},{"damage":6.0,"enemies":"Red Slaver","floor":7.0,"turns":3.0},{"damage":0.0,"enemies":"2 Fungi Beasts","floor":10.0,"turns":2.0},{"damage":3.0,"enemies":"Looter","floor":11.0,"turns":2.0},{"damage":3.0,"enemies":"Exordium Thugs","floor":12.0,"turns":3.0},{"damage":0.0,"enemies":"3 Louse","floor":13.0,"turns":1.0},{"damage":16.0,"enemies":"Lagavulin","floor":14.0,"turns":6.0},{"damage":16.0,"enemies":"Slime Boss","floor":16.0,"turns":9.0},{"damage":0.0,"enemies":"3 Byrds","floor":18.0,"turns":3.0},{"damage":3.0,"enemies":"Chosen","floor":19.0,"turns":4.0},{"damage":19.0,"enemies":"Shelled Parasite and Fungi","floor":21.0,"turns":5.0},{"damage":0.0,"enemies":"Gremlin Leader","floor":23.0,"turns":5.0},{"damage":1.0,"enemies":"Snake Plant","floor":24.0,"turns":3.0},{"damage":4.0,"enemies":"Chosen and Byrds","floor":28.0,"turns":5.0},{"damage":0.0,"enemies":"Snecko","floor":29.0,"turns":4.0},{"damage":1.0,"enemies":"Centurion and Healer","floor":30.0,"turns":4.0},{"damage":10.0,"enemies":"Book of Stabbing","floor":31.0,"turns":6.0},{"damage":21.0,"enemies":"Collector","floor":33.0,"turns":8.0},{"damage":2.0,"enemies":"Orb Walker","floor":35.0,"turns":4.0},{"damage":0.0,"enemies":"3 Shapes","floor":36.0,"turns":2.0},{"damage":39,"enemies":"Writhing Mass","floor":38,"turns":6},{"damage":26,"enemies":"Reptomancer","floor":40,"turns":6}],"seed_played":"5040444631579654282","potions_obtained":[{"floor":1.0,"key":"EntropicBrew"},{"floor":3.0,"key":"Swift Potion"},{"floor":7.0,"key":"Weak Potion"},{"floor":14.0,"key":"PowerPotion"},{"floor":20.0,"key":"BlessingOfTheForge"},{"floor":24.0,"key":"Fruit Juice"},{"floor":28.0,"key":"FocusPotion"},{"floor":31.0,"key":"Energy Potion"},{"floor":33.0,"key":"SpeedPotion"},{"floor":35.0,"key":"ColorlessPotion"}],"is_trial":false,"path_per_floor":["M","?","M","M","$","E","M","R","T","M","M","M","M","E","R","B",null,"M","M","?","M","$","E","M","$","T","R","M","M","M","E","R","B",null,"M","M","$","M","?","E"],"character_chosen":"DEFECT","items_purchased":["Toxic Egg 2","Dramatic Entrance","Conserve Battery+1","MealTicket","Turbo+1","Blind+1","Apotheosis+1","White Noise+1"],"campfire_rested":1,"item_purchase_floors":[5,5,22,22,22,25,37,37],"current_hp_per_floor":[70,63,63,62,62,62,56,56,56,56,53,50,50,34,56,40,75,75,72,72,53,53,53,57,72,72,72,68,68,67,57,57,36,80,78,78,80,41,41,21,21],"gold":50,"neow_bonus":"TWO_FIFTY_GOLD","is_daily":false,"chose_seed":false,"campfire_upgraded":3,"win_rate":0.0,"timestamp":1614278168,"path_taken":["M","?","M","M","?","E","M","R","T","M","M","M","M","E","R","BOSS","M","M","?","M","$","E","?","?","T","R","M","M","M","E","R","BOSS","M","M","$","M","?","E"],"items_purchased_type":["Relic","Card","Card","Relic","Card","Card","Card","Card"],"build_version":"2020-12-22","purchased_purges":1,"victory":false,"max_hp_per_floor":[75,75,75,75,75,75,75,75,75,75,75,75,75,75,75,75,75,75,75,75,75,75,75,80,80,80,80,80,80,80,80,80,80,80,80,80,80,80,80,80,80],"relic_stats":{"counters":[25,102],"CeramicFish":99,"MealTicket":17,"Black Star":0,"obtain_stats":[{"HornCleat":26,"CeramicFish":23,"Vajra":14,"Velvet Choker":17,"MealTicket":22,"Omamori":9,"Black Star":34,"Toxic Egg 2":5,"Cracked Core":0,"Ancient Tea Set":6,"InkBottle":31},{"HornCleat":16,"CeramicFish":15,"Vajra":10,"Velvet Choker":11,"MealTicket":14,"Omamori":5,"Black Star":21,"Toxic Egg 2":3,"Cracked Core":0,"Ancient Tea Set":4,"InkBottle":20},{"HornCleat":57,"CeramicFish":54,"Vajra":28,"Velvet Choker":37,"MealTicket":49,"Omamori":14,"Black Star":84,"Toxic Egg 2":9,"Cracked Core":0,"Ancient Tea Set":11,"InkBottle":76}],"InkBottle":[10]},"card_choices":[{"not_picked":["Steam","Darkness"],"picked":"Conserve Battery","floor":1.0},{"not_picked":["Lockon","Auto Shields"],"picked":"Sweeping Beam","floor":3.0},{"not_picked":["Go for the Eyes","White Noise"],"picked":"Beam Cell","floor":4.0},{"not_picked":["Hologram+1","Coolheaded+1"],"picked":"Chill+1","floor":6.0},{"not_picked":["Leap+1","Recycle+1"],"picked":"Tempest+1","floor":7.0},{"not_picked":["Reboot+1","Cold Snap"],"picked":"Sweeping Beam","floor":10.0},{"not_picked":["Streamline","Hologram+1"],"picked":"Leap+1","floor":11.0},{"not_picked":["Capacitor","Consume+1"],"picked":"Streamline","floor":12.0},{"not_picked":["Barrage","Reinforced Body+1","Stack+1"],"picked":"SKIP","floor":13.0},{"not_picked":["Static Discharge","Heatsinks","Blizzard"],"picked":"SKIP","floor":14.0},{"not_picked":["Biased Cognition","All For One"],"picked":"Electrodynamics","floor":16.0},{"not_picked":["Capacitor","Steam+1"],"picked":"Doom and Gloom","floor":18.0},{"not_picked":["Turbo+1","Cold Snap+1"],"picked":"Defragment","floor":19.0},{"not_picked":["Consume+1","Static Discharge"],"picked":"Cold Snap","floor":21.0},{"not_picked":["Rebound","Hello World"],"picked":"Auto Shields+1","floor":23.0},{"not_picked":["Turbo+1","Ball Lightning"],"picked":"Force Field+1","floor":24.0},{"not_picked":["Gash","Scrape"],"picked":"Fusion+1","floor":28.0},{"not_picked":["Go for the Eyes+1","BootSequence+1"],"picked":"Chill+1","floor":29.0},{"not_picked":["Rebound","Undo+1"],"picked":"Glacier+1","floor":30.0},{"not_picked":["Go for the Eyes","FTL","Streamline"],"picked":"SKIP","floor":31.0},{"not_picked":["Fission+1","Amplify+1"],"picked":"Meteor Strike","floor":33.0},{"not_picked":["Static Discharge","Redo+1"],"picked":"Stack+1","floor":35.0},{"not_picked":["Turbo+1","Fusion+1","Heatsinks"],"picked":"SKIP","floor":36.0},{"not_picked":["Barrage","BootSequence+1","Cold Snap+1"],"picked":"SKIP","floor":38},{"not_picked":["Impatience+1","Metamorphosis+1"],"picked":"Bandage Up+1","floor":39}],"player_experience":737898,"relics_obtained":[{"floor":6.0,"key":"Ancient Tea Set"},{"floor":9.0,"key":"Omamori"},{"floor":14.0,"key":"Vajra"},{"floor":23.0,"key":"CeramicFish"},{"floor":26.0,"key":"HornCleat"},{"floor":31.0,"key":"InkBottle"}],"event_choices":[{"cards_removed":["Clumsy"],"damage_healed":0.0,"max_hp_gain":0.0,"max_hp_loss":0.0,"gold_gain":0.0,"event_name":"Golden Wing","player_choice":"Card Removal","floor":2.0,"gold_loss":0.0,"damage_taken":7.0},{"damage_healed":0.0,"max_hp_gain":0.0,"max_hp_loss":0.0,"gold_gain":0.0,"event_name":"The Woman in Blue","player_choice":"Bought 1 Potion","floor":20.0,"gold_loss":0.0,"damage_taken":0.0},{"damage_healed":0,"gold_gain":0,"player_choice":"Memory 1","damage_taken":0,"max_hp_gain":0,"max_hp_loss":0,"event_name":"SensoryStone","floor":39,"gold_loss":0}],"is_beta":false,"boss_relics":[{"not_picked":["Ectoplasm","Empty Cage"],"picked":"Velvet Choker"},{"not_picked":["Pandora\u0027s Box","Tiny House"],"picked":"Black Star"}],"items_purged_floors":[22],"is_endless":false,"potions_floor_spawned":[1,3,7,14,24,28,29,30,31,33,35,36],"killed_by":"Reptomancer","ascension_level":0}}