{"host":"cjmwurvrz00ml9vd","time":1614292612,"event":{"mods":["2.2 Compatiblity","AchievementEnabler","Act Like it!","Aspiration","BaseMod","Beaked The Cultist","Better Third Choice","BetterRewards","Colored Powertips","Conspire","Downfall","Hermit","Hubris","Infinite Spire","Marisa????????","Marked Mod","Minty Spire (QoL Compilation)","Reliquary","Robot Space Explorer","StSLib","The Blackbeard","The Cursed","The Disciple","The Jungle","The Marked","The Necromancer","The Servant 0.9.4","TheFirefly"],"gold_per_floor":[114,114,133,56,75,100,116,116,161,195,212,230,230,243,243,343,343,343,343],"floor_reached":18,"language":"ENG","playtime":835,"items_purged":[],"score":174,"play_id":"7b22e2bb-7d28-4f9a-9653-f07ae621b83e","local_time":"20210225233652","is_ascension_mode":false,"campfire_choices":[{"floor":8,"key":"REST"},{"floor":15,"key":"REST"}],"circlet_count":0,"master_deck":["theMarked:Strike+1","theMarked:Strike","theMarked:Strike","theMarked:Strike","theMarked:Strike","theMarked:Defend","theMarked:Defend","theMarked:Defend","theMarked:Defend","theMarked:SoldierOfQuellstein","theMarked:BanishingStrike+1","theMarked:ElectricStrings","theMarked:MysticalArsenal","theMarked:Seal","theMarked:WardOff","theMarked:Determination","theMarked:Heritage","theMarked:BindingBlade"],"relics":["theMarked:ArtifactOfAir","Dream Catcher","Bag of Preparation","aspiration:FrozenJewel","Kunai","aspiration:ServantSkillbook"],"acts_visited":["Exordium","TheCity"],"potions_floor_usage":[11,16],"damage_taken":[{"damage":2,"enemies":"Jaw Worm","floor":1,"turns":4},{"damage":0,"enemies":"2 Louse","floor":3,"turns":2},{"damage":1,"enemies":"conspire:RoseBush","floor":5,"turns":3},{"damage":34,"enemies":"3 Sentries","floor":6,"turns":7},{"damage":7,"enemies":"3 Louse","floor":7,"turns":4},{"damage":5,"enemies":"Gremlin Nob","floor":10,"turns":4},{"damage":0,"enemies":"Large Slime","floor":11,"turns":7},{"damage":13,"enemies":"Gremlin Gang","floor":12,"turns":4},{"damage":6,"enemies":"2 Fungi Beasts","floor":14,"turns":5},{"damage":4,"enemies":"Slime Boss","floor":16,"turns":10},{"damage":0,"enemies":"Chosen","floor":18,"turns":1}],"seed_played":"-8430542931812777703","potions_obtained":[{"floor":5,"key":"hexamod:SoulburnPotion"},{"floor":7,"key":"LiquidMemories"},{"floor":12,"key":"FearPotion"},{"floor":14,"key":"Block Potion"}],"is_trial":false,"path_per_floor":["M","?","M","$","M","E","M","R","T","E","M","M","?","M","R","B",null,"M"],"character_chosen":"THE_DEFAULT","items_purchased":["theMarked:MysticalArsenal"],"campfire_rested":2,"item_purchase_floors":[4],"current_hp_per_floor":[77,61,61,61,60,26,19,42,42,37,37,24,24,18,41,37,79,79,79],"gold":343,"neow_bonus":"TEN_PERCENT_HP_BONUS","is_daily":false,"chose_seed":false,"campfire_upgraded":0,"win_rate":0.0,"timestamp":1614292612,"path_taken":["M","?","M","$","M","E","M","R","T","E","M","M","?","M","R","BOSS","M"],"items_purchased_type":["Card"],"build_version":"2020-12-22","purchased_purges":0,"victory":false,"max_hp_per_floor":[79,79,79,79,79,79,79,79,79,79,79,79,79,79,79,79,79,79,79],"card_choices":[{"not_picked":["theMarked:ResourceFulStrike","theMarked:Aftermath"],"picked":"theMarked:BanishingStrike","floor":1},{"not_picked":["theMarked:ChainLightning","theMarked:Parkour"],"picked":"theMarked:ElectricStrings","floor":3},{"not_picked":["theMarked:Static","theMarked:Snap"],"picked":"theMarked:Seal","floor":5},{"not_picked":["theMarked:TakeCover","theMarked:StartUp","theMarked:Indomitable"],"picked":"SKIP","floor":6},{"not_picked":["theMarked:Electrocute","theMarked:RepellingDischarge"],"picked":"theMarked:WardOff","floor":7},{"not_picked":["theMarked:ElectricStrings","theMarked:Convert"],"picked":"theMarked:Determination","floor":8},{"not_picked":["theMarked:ChainLightning","theMarked:ResourceFulStrike"],"picked":"theMarked:Heritage","floor":10},{"not_picked":["theMarked:Convert","theMarked:Pokerface","theMarked:BanishingStrike"],"picked":"SKIP","floor":11},{"not_picked":["theMarked:ElectricStrings","theMarked:Panic","theMarked:Challenge"],"picked":"SKIP","floor":12},{"not_picked":["theMarked:SwordAndMagic","theMarked:Aftermath","theMarked:TwofoldDefense"],"picked":"SKIP","floor":14},{"not_picked":["theMarked:MagusForm","theMarked:UnarmedFury"],"picked":"theMarked:BindingBlade","floor":16}],"player_experience":661501,"relics_obtained":[{"floor":6,"key":"Dream Catcher"},{"floor":9,"key":"Bag of Preparation"},{"floor":10,"key":"aspiration:FrozenJewel"}],"event_choices":[{"damage_healed":77,"gold_gain":0,"player_choice":"Upgrade","damage_taken":16,"max_hp_gain":0,"max_hp_loss":79,"event_name":"betterThird:BetterShining","floor":2,"gold_loss":0,"cards_upgraded":["theMarked:BanishingStrike","theMarked:Strike"]},{"damage_healed":0,"gold_gain":0,"player_choice":"Gave Potion","damage_taken":0,"relics_obtained":["Kunai"],"max_hp_gain":0,"max_hp_loss":0,"event_name":"WeMeetAgain","floor":13,"gold_loss":0}],"is_beta":false,"boss_relics":[{"not_picked":["hubris:RunicObelisk","reliquary:Ember"],"picked":"aspiration:ServantSkillbook"}],"items_purged_floors":[],"is_endless":false,"potions_floor_spawned":[5,7,12,14],"killed_by":"Chosen","ascension_level":0}}