{"host":"kzw87w9fb0mudblt","time":1614281424,"event":{"mods":["BaseMod","Colored Map","Minty Spire (QoL Compilation)","Replay The Spire","StSLib","SuperFastMode"],"gold_per_floor":[112,126,126,201,219,219,242,93,93,93,116,134,134,149,149,277,277,290,290,307,169,182,182,182],"floor_reached":23,"language":"ENG","playtime":1411,"items_purged":["Injury","Strike_P"],"score":185,"play_id":"fc6c1849-0a1d-48b2-807f-3a09358c9be5","local_time":"20210225203024","is_ascension_mode":false,"campfire_choices":[{"data":"Establishment","floor":6,"key":"SMITH"},{"data":"Eruption","floor":10,"key":"SMITH"},{"data":"Protect","floor":13,"key":"SMITH"},{"data":"WindmillStrike","floor":15,"key":"SMITH"}],"circlet_count":0,"master_deck":["Strike_P","Strike_P","Strike_P","Defend_P","Defend_P","Defend_P","Defend_P","Eruption+1","Vigilance","Consecrate","ClearTheMind","Establishment+1","WindmillStrike+1","Protect+1","Vault","Indignation","LikeWater"],"relics":["PureWater","NeowsBlessing","Bloody Idol","Snack Pack","Fusion Hammer"],"acts_visited":["Exordium","TheCity"],"potions_floor_usage":[7,11,12,14,23],"damage_taken":[{"damage":0,"enemies":"Cultist","floor":1,"turns":1},{"damage":0,"enemies":"Jaw Worm","floor":2,"turns":1},{"damage":0,"enemies":"2 Louse","floor":5,"turns":1},{"damage":1,"enemies":"Gremlin Gang","floor":7,"turns":3},{"damage":5,"enemies":"Looter","floor":11,"turns":3},{"damage":9,"enemies":"Exordium Wildlife","floor":12,"turns":3},{"damage":3,"enemies":"Red Slaver","floor":14,"turns":3},{"damage":41,"enemies":"Hexaghost","floor":16,"turns":11},{"damage":0,"enemies":"3 Byrds","floor":18,"turns":5},{"damage":11,"enemies":"Spheric Guardian","floor":20,"turns":5},{"damage":0,"enemies":"Snecko","floor":22,"turns":5},{"damage":79,"enemies":"Book of Stabbing","floor":23,"turns":8}],"seed_played":"2442641828887872860","potions_obtained":[{"floor":2,"key":"Explosive Potion"},{"floor":5,"key":"Reflective Coating"},{"floor":11,"key":"Dexterity Potion"},{"floor":12,"key":"Swift Potion"},{"floor":20,"key":"Energy Potion"}],"is_trial":false,"path_per_floor":["M","M","?","?","M","R","M","$","T","R","M","M","R","M","R","B",null,"M","?","M","$","M","E"],"character_chosen":"WATCHER","items_purchased":["WindmillStrike","LikeWater"],"campfire_rested":0,"item_purchase_floors":[8,21],"current_hp_per_floor":[72,72,72,65,65,65,64,64,64,64,61,56,56,55,55,20,72,72,72,66,66,72,0,0],"gold":182,"neow_bonus":"THREE_ENEMY_KILL","is_daily":false,"chose_seed":false,"campfire_upgraded":4,"win_rate":0.0,"timestamp":1614281424,"path_taken":["M","?","?","?","?","R","M","$","T","R","M","M","R","M","R","BOSS","M","?","M","$","M","E"],"items_purchased_type":["Card","Card"],"build_version":"2020-12-22","purchased_purges":2,"victory":false,"max_hp_per_floor":[72,72,72,72,72,72,72,72,72,72,72,72,72,72,72,72,72,72,72,72,72,72,72,72],"card_choices":[{"not_picked":["Replay:BluntJabs","Weave"],"picked":"Consecrate","floor":1},{"not_picked":["Replay:ManipulateFuture","Replay:AtTheReady"],"picked":"ClearTheMind","floor":2},{"not_picked":["FlurryOfBlows","Halt"],"picked":"Establishment","floor":5},{"not_picked":["Consecrate","EmptyFist","CutThroughFate"],"picked":"SKIP","floor":7},{"not_picked":["Fasting2","EmptyBody","SashWhip"],"picked":"SKIP","floor":11},{"not_picked":["Consecrate","WaveOfTheHand"],"picked":"Protect","floor":12},{"not_picked":["Replay:AtTheReady","FlurryOfBlows","Swivel"],"picked":"SKIP","floor":14},{"not_picked":["Replay:AllIn","Omniscience"],"picked":"Vault","floor":16},{"not_picked":["Protect","FlurryOfBlows"],"picked":"Indignation","floor":18},{"not_picked":["ClearTheMind","Replay:AtTheReady","SashWhip+1"],"picked":"SKIP","floor":20},{"not_picked":["Wallop+1","FollowUp+1","Vengeance"],"picked":"SKIP","floor":22}],"player_experience":25106,"relics_obtained":[{"floor":9,"key":"Snack Pack"}],"event_choices":[{"damage_healed":0,"gold_gain":0,"player_choice":"Take Wound","damage_taken":0,"relics_obtained":["Golden Idol"],"max_hp_gain":0,"max_hp_loss":0,"event_name":"Golden Idol","floor":3,"gold_loss":0,"cards_obtained":["Injury"]},{"damage_healed":0,"gold_gain":75,"player_choice":"Touch","damage_taken":7,"max_hp_gain":0,"max_hp_loss":0,"event_name":"FaceTrader","floor":4,"gold_loss":0},{"damage_healed":0,"gold_gain":0,"player_choice":"Gave Idol","damage_taken":0,"relics_obtained":["Bloody Idol"],"max_hp_gain":0,"max_hp_loss":0,"event_name":"Forgotten Altar","floor":19,"relics_lost":["Golden Idol"],"gold_loss":0}],"is_beta":false,"boss_relics":[{"not_picked":["Runic Dome","Philosopher\u0027s Stone"],"picked":"Fusion Hammer"}],"items_purged_floors":[8,21],"is_endless":false,"potions_floor_spawned":[2,5,11,12,20],"killed_by":"Book of Stabbing","ascension_level":0}}