{"host":"nuu0xlk1bpqu5s2n","time":1614297476,"event":{"mods":["AchievementEnabler","BaseMod","Minty Spire (QoL Compilation)","StSLib"],"gold_per_floor":[112,112,262,21,21,21,47,47,47,66,81,81,81,116,128,215,227,252,274,299,139,139,139,172,12,61,61,61,80,111,127,127,127,127],"floor_reached":33,"language":"ENG","playtime":1433,"items_purged":["Doubt"],"score":632,"play_id":"37653cb9-7316-464a-b547-f596a709bd81","local_time":"20210226015756","is_ascension_mode":true,"campfire_choices":[{"data":"Bash","floor":6,"key":"SMITH"},{"data":"Perfected Strike","floor":8,"key":"SMITH"},{"data":"Armaments","floor":12,"key":"SMITH"},{"data":"Fiend Fire","floor":15,"key":"SMITH"},{"floor":23,"key":"REST"},{"floor":27,"key":"REST"},{"data":"Juggernaut","floor":32,"key":"SMITH"}],"circlet_count":0,"master_deck":["AscendersBane","Strike_R","Strike_R","Strike_R","Strike_R","Strike_R","Defend_R","Defend_R","Defend_R","Defend_R","Bash+1","Shrug It Off","Perfected Strike+1","Fiend Fire+1","Armaments+1","Perfected Strike","Juggernaut+1","Combust+1","Sentinel+1","Battle Trance+1","Battle Trance+1","Perfected Strike","Immolate","True Grit+1"],"relics":["Burning Blood","NeowsBlessing","TheAbacus","Bronze Scales","MawBank","Sozu","Regal Pillow","Torii","Membership Card","PreservedInsect","Self Forming Clay"],"acts_visited":["Exordium","TheCity"],"potions_floor_usage":[10,14,33],"damage_taken":[{"damage":0,"enemies":"Small Slimes","floor":1,"turns":1},{"damage":0,"enemies":"Gremlin Nob","floor":7,"turns":1},{"damage":0,"enemies":"Jaw Worm","floor":10,"turns":1},{"damage":0,"enemies":"2 Louse","floor":11,"turns":4},{"damage":21,"enemies":"Lagavulin","floor":14,"turns":4},{"damage":13,"enemies":"The Guardian","floor":16,"turns":13},{"damage":25,"enemies":"Shell Parasite","floor":18,"turns":4},{"damage":33,"enemies":"2 Thieves","floor":19,"turns":4},{"damage":27,"enemies":"Snake Plant","floor":20,"turns":4},{"damage":17,"enemies":"Book of Stabbing","floor":24,"turns":3},{"damage":13,"enemies":"Centurion and Healer","floor":29,"turns":5},{"damage":21,"enemies":"Gremlin Leader","floor":30,"turns":4},{"damage":6,"enemies":"Chosen and Byrds","floor":31,"turns":3},{"damage":84,"enemies":"Champ","floor":33,"turns":12}],"seed_played":"-74513415923019220","potions_obtained":[{"floor":5,"key":"Fruit Juice"},{"floor":5,"key":"LiquidMemories"},{"floor":10,"key":"DistilledChaos"},{"floor":14,"key":"BlessingOfTheForge"},{"floor":16,"key":"SteroidPotion"}],"is_trial":false,"path_per_floor":["M","$","?","$","?","R","E","R","T","M","M","R","?","E","R","B",null,"M","M","M","$","?","R","E","$","T","R","?","M","E","M","R","B"],"character_chosen":"IRONCLAD","items_purchased":["TheAbacus","Regal Pillow","Membership Card"],"campfire_rested":2,"item_purchase_floors":[4,21,25],"current_hp_per_floor":[74,74,74,74,74,74,75,75,75,80,80,80,76,61,61,54,74,55,28,7,7,7,46,35,35,35,74,80,73,58,58,58,0,0],"gold":127,"neow_bonus":"THREE_ENEMY_KILL","is_daily":false,"chose_seed":false,"campfire_upgraded":5,"win_rate":0.0,"timestamp":1614297476,"path_taken":["M","$","?","?","?","R","E","R","T","?","M","R","?","E","R","BOSS","M","?","M","$","?","R","E","?","T","R","?","M","E","?","R","BOSS"],"items_purchased_type":["Relic","Relic","Relic"],"build_version":"2020-12-22","purchased_purges":1,"victory":false,"max_hp_per_floor":[75,75,75,75,75,75,75,75,75,80,80,80,80,80,80,80,80,80,80,80,80,80,80,80,80,80,80,80,80,80,80,80,80,80],"card_choices":[{"not_picked":["Headbutt","Body Slam"],"picked":"Shrug It Off","floor":1},{"not_picked":["Sword Boomerang","Wild Strike"],"picked":"Perfected Strike","floor":7},{"not_picked":["Rage","Headbutt"],"picked":"Fiend Fire","floor":10},{"not_picked":["Entrench","Iron Wave"],"picked":"Armaments","floor":11},{"not_picked":["Pommel Strike","Warcry"],"picked":"Perfected Strike","floor":14},{"not_picked":["Exhume","Double Tap"],"picked":"Juggernaut","floor":16},{"not_picked":["Seeing Red","Anger"],"picked":"Combust+1","floor":18},{"not_picked":["Pommel Strike","Uppercut"],"picked":"Sentinel+1","floor":19},{"not_picked":["Carnage","Twin Strike"],"picked":"Battle Trance+1","floor":20},{"not_picked":["Infernal Blade","Intimidate"],"picked":"Perfected Strike","floor":24},{"not_picked":["Warcry","Clothesline","Anger"],"picked":"SKIP","floor":29},{"not_picked":["Armaments","Iron Wave"],"picked":"Immolate","floor":30},{"not_picked":["Shockwave","Wild Strike"],"picked":"True Grit+1","floor":31}],"player_experience":579002,"relics_obtained":[{"floor":7,"key":"Bronze Scales"},{"floor":14,"key":"MawBank"},{"floor":24,"key":"Torii"},{"floor":26,"key":"PreservedInsect"},{"floor":30,"key":"Self Forming Clay"}],"event_choices":[{"damage_healed":0,"gold_gain":150,"player_choice":"AGREE","damage_taken":0,"max_hp_gain":0,"max_hp_loss":0,"event_name":"Liars Game","floor":3,"gold_loss":0,"cards_obtained":["Doubt"]},{"damage_healed":0,"gold_gain":0,"player_choice":"Got Potions","damage_taken":0,"max_hp_gain":0,"max_hp_loss":0,"event_name":"Lab","floor":5,"gold_loss":0},{"damage_healed":0,"gold_gain":0,"player_choice":"Bought 0 Potions","damage_taken":0,"max_hp_gain":0,"max_hp_loss":0,"event_name":"The Woman in Blue","floor":13,"gold_loss":0},{"damage_healed":0,"gold_gain":0,"player_choice":"Copied","damage_taken":0,"max_hp_gain":0,"max_hp_loss":0,"event_name":"Duplicator","floor":22,"gold_loss":0,"cards_obtained":["Battle Trance"]},{"damage_healed":6,"gold_gain":0,"player_choice":"Full Heal","damage_taken":0,"max_hp_gain":0,"max_hp_loss":0,"event_name":"Wheel of Change","floor":28,"gold_loss":0}],"is_beta":false,"boss_relics":[{"not_picked":["Busted Crown","Runic Pyramid"],"picked":"Sozu"}],"items_purged_floors":[4],"is_endless":false,"potions_floor_spawned":[10,11,14,16,31],"killed_by":"Champ","ascension_level":20}}