{"host":"Sean","time":1614265034,"event":{"mods":["BaseMod","Block Reminder","Colored Map","Colored Powertips","Highlight Path","Minty Spire (QoL Compilation)","Permanent Neow","Relic Stats"],"gold_per_floor":[115,133,146,146,158,158,170,170,170],"floor_reached":8,"language":"ENG","playtime":496,"items_purged":[],"score":83,"play_id":"15814e4c-36f4-45ab-9c0a-beba79c72e85","local_time":"20210225145714","is_ascension_mode":true,"campfire_choices":[{"data":"Rebound","floor":6,"key":"SMITH"}],"circlet_count":0,"master_deck":["AscendersBane","Strike_B","Strike_B","Strike_B","Strike_B","Defend_B","Defend_B","Defend_B","Defend_B","Zap","Dualcast","Darkness","Cold Snap","Rebound+1","Sweeping Beam","Genetic Algorithm"],"relics":["Cracked Core","StoneCalendar"],"acts_visited":["Exordium"],"potions_floor_usage":[8],"damage_taken":[{"damage":4,"enemies":"Jaw Worm","floor":1,"turns":3},{"damage":6,"enemies":"Cultist","floor":2,"turns":3},{"damage":0,"enemies":"Small Slimes","floor":3,"turns":2},{"damage":9,"enemies":"Gremlin Gang","floor":5,"turns":6},{"damage":41,"enemies":"Exordium Thugs","floor":7,"turns":4},{"damage":15,"enemies":"Gremlin Nob","floor":8,"turns":2}],"seed_played":"372273184273296022","potions_obtained":[{"floor":0,"key":"SpeedPotion"},{"floor":0,"key":"PowerPotion"}],"is_trial":false,"path_per_floor":["M","M","M","?","M","R","M","E"],"character_chosen":"DEFECT","items_purchased":[],"campfire_rested":0,"item_purchase_floors":[],"current_hp_per_floor":[64,58,58,58,49,49,8,0,0],"gold":170,"neow_bonus":"THREE_SMALL_POTIONS","is_daily":false,"chose_seed":false,"campfire_upgraded":1,"win_rate":0.0,"timestamp":1614265034,"path_taken":["M","M","M","?","M","R","M","E"],"items_purchased_type":[],"build_version":"2020-12-18","purchased_purges":0,"victory":false,"max_hp_per_floor":[75,75,75,75,75,75,75,75,75],"relic_stats":{"counters":[6,20],"StoneCalendar":[0],"obtain_stats":[{"StoneCalendar":4,"Cracked Core":0},{"StoneCalendar":3,"Cracked Core":0},{"StoneCalendar":8,"Cracked Core":0}]},"card_choices":[{"not_picked":["Barrage","White Noise"],"picked":"Darkness","floor":1},{"not_picked":["Undo","Loop"],"picked":"Cold Snap","floor":2},{"not_picked":["Steam","Hologram"],"picked":"Rebound","floor":3},{"not_picked":["Heatsinks","Reprogram"],"picked":"Sweeping Beam","floor":5},{"not_picked":["Rebound","Scrape"],"picked":"Genetic Algorithm","floor":7}],"player_experience":610254,"relics_obtained":[{"floor":4,"key":"StoneCalendar"}],"event_choices":[{"damage_healed":0,"gold_gain":0,"player_choice":"Relic","damage_taken":0,"max_hp_gain":0,"max_hp_loss":0,"event_name":"Wheel of Change","floor":4,"gold_loss":0}],"is_beta":true,"boss_relics":[],"items_purged_floors":[],"is_endless":false,"potions_floor_spawned":[7],"killed_by":"Gremlin Nob","ascension_level":13}}