{"host":"ap8nepptd6icxyz7","time":1614280235,"event":{"mods":["2.2 Compatiblity","AchievementEnabler","BaseMod","Bestiary","Better Altar","Better Match","Better Note","Better Sensory Stone","Better Skull","Better Third Choice","Better Vampires","Challenge The Spire","Colored Map","Colored Powertips","Colorless Booster Pack","Custom Start","Displayed Cursed Tome","Energized Spire","Faster Ascension Climbing","Hermit","Highlight Path","Jorbs\u0027s Wanderer Trilogy","Marked Mod","Mimic Mod","Minty Spire (QoL Compilation)","Permanent Neow","Quick Restart","Random Character Button","Rare Cards Sparkle","Relic Sorter","Relic Stats","Reliquary","SCP261 Mod","SacredBarkPlus","StSLib","Uncapped"],"gold_per_floor":[116,116,116,131,8,33,33,60,60,60,10,37,48,48,48,143,143,163,63,13,13,13,45,45,45,45],"floor_reached":25,"language":"ENG","playtime":968,"items_purged":["Strike_R","Strike_R"],"score":280,"play_id":"058e9ce4-341a-4add-9b58-77eeb54bf1f3","local_time":"20210225131035","is_ascension_mode":true,"campfire_choices":[{"data":"Evolve","floor":7,"key":"SMITH"},{"data":"Berserk","floor":10,"key":"SMITH"},{"data":"Armaments","floor":15,"key":"SMITH"},{"data":"Reaper","floor":24,"key":"SMITH"}],"circlet_count":0,"master_deck":["Strike_R","Strike_R","Strike_R","Defend_R+1","Defend_R","Defend_R","Defend_R+1","Bash","Rampage","Disarm","Clash","Evolve+1","Berserk+1","Armaments+1","Reaper+1","Reckless Charge"],"relics":["Burning Blood","reliquary:Vitrine","InkBottle","Calipers","War Paint","Champion Belt","reliquary:MedicineBall","Sozu","Blood Vial","Centennial Puzzle"],"acts_visited":["Exordium","TheCity"],"potions_floor_usage":[6,12,16],"damage_taken":[{"damage":9,"enemies":"Jaw Worm","floor":1,"turns":6},{"damage":4,"enemies":"Small Slimes","floor":4,"turns":3},{"damage":16,"enemies":"Lagavulin","floor":6,"turns":4},{"damage":40,"enemies":"3 Sentries","floor":8,"turns":10},{"damage":20,"enemies":"Gremlin Nob","floor":12,"turns":4},{"damage":0,"enemies":"2 Louse","floor":13,"turns":5},{"damage":34,"enemies":"Slime Boss","floor":16,"turns":11},{"damage":22,"enemies":"Shell Parasite","floor":18,"turns":8},{"damage":35,"enemies":"Book of Stabbing","floor":23,"turns":8},{"damage":2,"enemies":"Gremlin Leader","floor":25,"turns":2}],"seed_played":"6192975735347256887","potions_obtained":[{"floor":1,"key":"SCP261:ThunderBarPotion"},{"floor":13,"key":"Weak Potion"}],"is_trial":false,"path_per_floor":["M","?","?","M","$","E","R","E","T","R","$","E","M","?","R","B",null,"M","$","?","?","?","E","R","E"],"character_chosen":"IRONCLAD","items_purchased":["Clash","Strength Potion"],"campfire_rested":0,"item_purchase_floors":[5,11],"current_hp_per_floor":[80,80,73,79,79,70,70,40,40,40,40,26,36,36,36,12,80,70,70,70,70,49,30,30,45,45],"gold":45,"neow_bonus":"RANDOM_COLORLESS","is_daily":false,"chose_seed":false,"campfire_upgraded":4,"win_rate":0.0,"timestamp":1614280235,"path_taken":["M","?","?","M","?","E","R","E","T","R","$","E","M","?","R","BOSS","M","$","?","?","?","E","R","E"],"items_purchased_type":["Card","Potion"],"build_version":"2020-12-22","purchased_purges":2,"victory":false,"max_hp_per_floor":[80,80,80,80,80,80,80,80,80,80,80,80,80,80,80,80,80,80,80,80,80,80,80,80,80,80],"relic_stats":{"Sozu":1,"Blood Vial":4,"Centennial Puzzle":[3],"counters":[10,61],"Champion Belt":[8],"War Paint":["Defend_R","Defend_R"],"obtain_stats":[{"Sozu":17,"Blood Vial":22,"Centennial Puzzle":23,"Calipers":6,"reliquary:MedicineBall":14,"Champion Belt":12,"War Paint":8,"reliquary:Vitrine":9,"Burning Blood":0,"InkBottle":2},{"Sozu":7,"Blood Vial":8,"Centennial Puzzle":9,"Calipers":3,"reliquary:MedicineBall":6,"Champion Belt":5,"War Paint":4,"reliquary:Vitrine":4,"Burning Blood":0,"InkBottle":1},{"Sozu":43,"Blood Vial":51,"Centennial Puzzle":59,"Calipers":13,"reliquary:MedicineBall":32,"Champion Belt":27,"War Paint":23,"reliquary:Vitrine":23,"Burning Blood":0,"InkBottle":6}],"Burning Blood":53,"InkBottle":[18]},"card_choices":[{"not_picked":["Dramatic Entrance","Mind Blast"],"picked":"Bandage Up","floor":0},{"not_picked":["Iron Wave","True Grit"],"picked":"Rampage","floor":1},{"not_picked":["Blood for Blood","Body Slam"],"picked":"Disarm","floor":4},{"not_picked":["Twin Strike","Wild Strike"],"picked":"Evolve","floor":6},{"not_picked":["Havoc","Dark Embrace"],"picked":"Berserk","floor":8},{"not_picked":["Havoc","Combust","Shrug It Off"],"picked":"SKIP","floor":12},{"not_picked":["Pommel Strike","Burning Pact"],"picked":"Armaments","floor":13},{"not_picked":["Offering","Impervious"],"picked":"Reaper","floor":16},{"not_picked":["Shrug It Off","Power Through","Shockwave"],"picked":"SKIP","floor":18},{"not_picked":["Sword Boomerang","Clothesline"],"picked":"Reckless Charge","floor":23}],"player_experience":32197,"relics_obtained":[{"floor":6,"key":"Calipers"},{"floor":8,"key":"War Paint"},{"floor":9,"key":"reliquary:Vitrine"},{"floor":12,"key":"Champion Belt"},{"floor":23,"key":"Centennial Puzzle"}],"event_choices":[{"damage_healed":0,"gold_gain":0,"player_choice":"Box","damage_taken":0,"relics_obtained":["InkBottle"],"max_hp_gain":0,"max_hp_loss":0,"event_name":"Big Fish","floor":2,"gold_loss":0,"cards_obtained":["Regret"]},{"cards_removed":["Regret"],"damage_healed":0,"gold_gain":0,"player_choice":"Card Removal","damage_taken":7,"max_hp_gain":0,"max_hp_loss":0,"event_name":"Golden Wing","floor":3,"gold_loss":0},{"damage_healed":0,"gold_gain":0,"player_choice":"Searched \u00271\u0027 times","damage_taken":0,"relics_obtained":["reliquary:MedicineBall"],"max_hp_gain":0,"max_hp_loss":0,"event_name":"Dead Adventurer","floor":14,"gold_loss":0},{"damage_healed":0,"gold_gain":0,"player_choice":"Bet on Murderer","damage_taken":0,"max_hp_gain":0,"max_hp_loss":0,"event_name":"The Joust","floor":20,"gold_loss":50},{"cards_removed":["Berserk"],"damage_healed":0,"gold_gain":0,"player_choice":"Give","damage_taken":0,"max_hp_gain":0,"max_hp_loss":0,"event_name":"betterNote:BetterNote","floor":21,"gold_loss":0,"cards_obtained":["None"]},{"damage_healed":0,"gold_gain":0,"player_choice":" Vial ","damage_taken":21,"relics_obtained":["Blood Vial"],"max_hp_gain":70,"max_hp_loss":49,"event_name":"betterAltar:BetterAltar","floor":22,"potions_obtained":[],"relics_lost":[],"gold_loss":0}],"is_beta":false,"boss_relics":[{"not_picked":["Fusion Hammer","Snecko Eye"],"picked":"Sozu"}],"items_purged_floors":[5,19],"is_endless":false,"potions_floor_spawned":[1,13,18],"killed_by":"Gremlin Leader","ascension_level":4}}