{"host":"lv7etzzgwahaenh9","time":1614215814,"event":{"mods":["AchievementEnabler","BaseMod","Colored Map","Colored Powertips","Highlight Path","Minty Spire (QoL Compilation)","Permanent Neow","Quick Restart","Random Character Button","StSLib"],"gold_per_floor":[209,220,220,234,244,244,278,297,297,2,35,35,54,87,87,87,87],"floor_reached":16,"language":"ENG","playtime":831,"items_purged":[],"score":207,"play_id":"1c33a686-9604-4edc-92a9-924b77af7063","local_time":"20210224171654","is_ascension_mode":true,"campfire_choices":[{"data":"Dash","floor":6.0,"key":"SMITH"},{"data":"Dagger Spray","floor":12,"key":"SMITH"},{"data":"Terror","floor":15,"key":"SMITH"}],"circlet_count":0,"master_deck":["AscendersBane","Strike_G","Strike_G","Strike_G","Strike_G","Strike_G","Defend_G","Defend_G","Defend_G","Defend_G","Defend_G","Survivor","Neutralize","Dash+1","Slice","Decay","Crippling Poison","Poisoned Stab","Dagger Spray+1","Deflect","Footwork","Die Die Die","Dodge and Roll","Terror+1"],"relics":["Ring of the Snake","Happy Flower","Kunai","Ninja Scroll","Pear","Smiling Mask"],"acts_visited":["Exordium"],"potions_floor_usage":[14,16],"damage_taken":[{"damage":0.0,"enemies":"Small Slimes","floor":1.0,"turns":3.0},{"damage":0.0,"enemies":"Cultist","floor":2.0,"turns":4.0},{"damage":0.0,"enemies":"2 Louse","floor":4.0,"turns":4.0},{"damage":6.0,"enemies":"Lots of Slimes","floor":5.0,"turns":5.0},{"damage":6.0,"enemies":"3 Sentries","floor":7.0,"turns":9.0},{"damage":0.0,"enemies":"Exordium Wildlife","floor":8.0,"turns":3.0},{"damage":9,"enemies":"Lagavulin","floor":11,"turns":7},{"damage":0,"enemies":"3 Louse","floor":13,"turns":2},{"damage":6,"enemies":"3 Sentries","floor":14,"turns":9},{"damage":42,"enemies":"Slime Boss","floor":16,"turns":10}],"seed_played":"5074362755720322312","potions_obtained":[{"floor":2.0,"key":"Swift Potion"},{"floor":5.0,"key":"Strength Potion"},{"floor":13,"key":"Poison Potion"}],"is_trial":false,"path_per_floor":["M","M","?","M","M","R","E","M","T","$","E","R","M","E","R","B"],"character_chosen":"THE_SILENT","items_purchased":["Ninja Scroll","Footwork"],"campfire_rested":0,"item_purchase_floors":[10,10],"current_hp_per_floor":[59,59,59,59,53,53,47,47,47,47,48,48,48,42,42,0,0],"gold":87,"neow_bonus":"HUNDRED_GOLD","is_daily":false,"chose_seed":false,"campfire_upgraded":3,"win_rate":0.0,"timestamp":1614215814,"path_taken":["M","M","?","?","M","R","E","?","T","$","E","R","M","E","R","BOSS"],"items_purchased_type":["Relic","Card"],"build_version":"2020-12-22","purchased_purges":0,"victory":false,"max_hp_per_floor":[66,66,66,66,66,66,66,66,66,66,76,76,76,76,76,76,76],"card_choices":[{"not_picked":["Dagger Throw","Endless Agony"],"picked":"Dash","floor":1.0},{"not_picked":["Setup","Acrobatics"],"picked":"Slice","floor":2.0},{"not_picked":["Heel Hook","Deadly Poison"],"picked":"Crippling Poison","floor":4.0},{"not_picked":["Endless Agony","PiercingWail"],"picked":"Poisoned Stab","floor":5.0},{"not_picked":["Slice","Cloak And Dagger"],"picked":"Dagger Spray","floor":7.0},{"not_picked":["Escape Plan","Endless Agony"],"picked":"Deflect","floor":8.0},{"not_picked":["Poisoned Stab","Infinite Blades"],"picked":"Die Die Die","floor":11},{"not_picked":["Poisoned Stab","Blade Dance"],"picked":"Dodge and Roll","floor":13},{"not_picked":["Reflex","Caltrops"],"picked":"Terror","floor":14}],"player_experience":549813,"relics_obtained":[{"floor":7.0,"key":"Happy Flower"},{"floor":9.0,"key":"Kunai"},{"floor":11,"key":"Pear"},{"floor":14,"key":"Smiling Mask"}],"event_choices":[{"damage_healed":0.0,"max_hp_gain":0.0,"max_hp_loss":0.0,"gold_gain":0.0,"event_name":"Wheel of Change","player_choice":"Cursed","floor":3.0,"gold_loss":0.0,"damage_taken":0.0,"cards_obtained":["Decay"]}],"is_beta":false,"boss_relics":[],"items_purged_floors":[],"is_endless":false,"potions_floor_spawned":[2,5,13],"killed_by":"Slime Boss","ascension_level":14}}