{"host":"1e3ivg30op4goso1","time":1614215783,"event":{"mods":["AchievementEnabler","Ascension Unlocker","BaseMod","Colored Map","Minty Spire (QoL Compilation)","Permanent Neow","Quick Restart","Relic Filter","StSLib","SuperFastMode"],"gold_per_floor":[118,68,80,80,99,179,127,127,127,137,137,137,137,154,154,258,258,275,286,296,314,164,164,179,141,141,152,166,166,166,181,181,181,181],"floor_reached":33,"language":"ENG","playtime":5261,"items_purged":["Strike_G"],"score":377,"play_id":"cf31cafc-5283-48f0-bf39-126c17f5e05d","local_time":"20210224201623","is_ascension_mode":true,"campfire_choices":[{"data":"Blade Dance","floor":8.0,"key":"SMITH"},{"data":"Blade Dance","floor":13.0,"key":"SMITH"},{"floor":15.0,"key":"REST"},{"data":"Neutralize","floor":23.0,"key":"SMITH"},{"floor":30.0,"key":"REST"},{"data":"Choke","floor":32.0,"key":"SMITH"}],"circlet_count":0,"master_deck":["AscendersBane","Strike_G","Strike_G","Defend_G","Defend_G","Defend_G","Defend_G+1","Defend_G","Survivor","Neutralize+1","Dagger Throw","Infinite Blades","Blade Dance+1","Blade Dance+1","Endless Agony","Neutralize","Blade Dance","Adrenaline","Endless Agony+1","Escape Plan","Backstab","Choke+1","Backstab+1"],"relics":["WristBlade","Tiny House","Bottled Flame","Philosopher\u0027s Stone","Membership Card","Prayer Wheel"],"acts_visited":["Exordium","TheCity"],"potions_floor_usage":[33,33,33],"damage_taken":[{"damage":0.0,"enemies":"2 Louse","floor":1.0,"turns":4.0},{"damage":3.0,"enemies":"Small Slimes","floor":3.0,"turns":4.0},{"damage":1.0,"enemies":"Cultist","floor":5.0,"turns":3.0},{"damage":32.0,"enemies":"3 Sentries","floor":6.0,"turns":10.0},{"damage":10.0,"enemies":"Lots of Slimes","floor":10.0,"turns":3.0},{"damage":1.0,"enemies":"Red Slaver","floor":14.0,"turns":3.0},{"damage":19.0,"enemies":"Hexaghost","floor":16.0,"turns":6.0},{"damage":0.0,"enemies":"Chosen","floor":18.0,"turns":3.0},{"damage":4.0,"enemies":"Shell Parasite","floor":19.0,"turns":2.0},{"damage":5.0,"enemies":"Centurion and Healer","floor":20.0,"turns":3.0},{"damage":10.0,"enemies":"Cultist and Chosen","floor":21.0,"turns":3.0},{"damage":14.0,"enemies":"Snecko","floor":24.0,"turns":3.0},{"damage":4.0,"enemies":"Chosen and Byrds","floor":27.0,"turns":3.0},{"damage":9.0,"enemies":"Snake Plant","floor":28.0,"turns":4.0},{"damage":13.0,"enemies":"Shelled Parasite and Fungi","floor":31.0,"turns":3.0},{"damage":36,"enemies":"Collector","floor":33,"turns":5}],"seed_played":"1214288067225060873","potions_obtained":[{"floor":5.0,"key":"EssenceOfSteel"},{"floor":10.0,"key":"Fire Potion"},{"floor":21.0,"key":"Swift Potion"}],"is_trial":false,"path_per_floor":["M","?","M","?","M","E","$","R","T","M","$","?","R","M","R","B",null,"M","M","M","M","$","R","M","$","T","M","M","$","R","M","R","B"],"character_chosen":"THE_SILENT","items_purchased":["Blade Dance","Membership Card"],"campfire_rested":2,"item_purchase_floors":[7,22],"current_hp_per_floor":[63,63,60,60,59,32,32,32,32,22,22,22,22,21,43,24,62,62,58,53,43,43,43,29,29,29,25,16,16,38,25,25,0,0],"gold":181,"neow_bonus":"BOSS_RELIC","is_daily":false,"chose_seed":false,"campfire_upgraded":4,"win_rate":0.0,"timestamp":1614215783,"path_taken":["M","?","M","?","M","E","$","R","T","M","$","?","R","M","R","BOSS","M","?","?","M","$","R","M","?","T","M","M","$","R","M","R","BOSS"],"items_purchased_type":["Card","Relic"],"build_version":"2020-12-22","purchased_purges":1,"victory":false,"max_hp_per_floor":[70,70,70,70,70,75,75,75,75,75,75,75,75,75,75,75,75,75,75,75,75,75,75,75,75,75,75,75,75,75,75,75,75,75],"card_choices":[{"not_picked":["Deflect","Reflex"],"picked":"Dagger Throw","floor":1.0},{"not_picked":["Slice","PiercingWail"],"picked":"Infinite Blades","floor":3.0},{"not_picked":["Dodge and Roll","Sucker Punch","Crippling Poison"],"picked":"SKIP","floor":5.0},{"not_picked":["Footwork","Dagger Throw"],"picked":"Blade Dance","floor":6.0},{"not_picked":["Eviscerate","Blur"],"picked":"Endless Agony","floor":10.0},{"not_picked":["Doppelganger","All Out Attack"],"picked":"Blade Dance","floor":14.0},{"not_picked":["Malaise","Burst"],"picked":"Adrenaline","floor":16.0},{"not_picked":["Prepared","Deflect"],"picked":"Endless Agony+1","floor":18.0},{"not_picked":["Backflip","Flying Knee","Poisoned Stab+1"],"picked":"SKIP","floor":19.0},{"not_picked":["Noxious Fumes","Bane"],"picked":"Escape Plan","floor":20.0},{"not_picked":["PiercingWail","Flechettes+1"],"picked":"Backstab","floor":21.0},{"not_picked":["Flying Knee","All Out Attack+1","Poisoned Stab"],"picked":"SKIP","floor":24.0},{"not_picked":["Bane+1","Poisoned Stab","Dodge and Roll"],"picked":"SKIP","floor":27.0},{"not_picked":["Quick Slash","Noxious Fumes","Poisoned Stab+1"],"picked":"SKIP","floor":27.0},{"not_picked":["Leg Sweep","Underhanded Strike"],"picked":"Choke","floor":28.0},{"not_picked":["Wraith Form v2","Dagger Throw","Acrobatics"],"picked":"SKIP","floor":28.0},{"not_picked":["Slice","Poisoned Stab"],"picked":"Backstab+1","floor":31.0},{"not_picked":["Crippling Poison","Terror","Backflip"],"picked":"SKIP","floor":31.0}],"player_experience":28973,"relics_obtained":[{"floor":6.0,"key":"Tiny House"},{"floor":9.0,"key":"Bottled Flame"},{"floor":26.0,"key":"Prayer Wheel"}],"event_choices":[{"cards_removed":["Strike_G"],"damage_healed":0.0,"max_hp_gain":0.0,"max_hp_loss":0.0,"gold_gain":0.0,"event_name":"The Cleric","player_choice":"Card Removal","floor":2.0,"gold_loss":50.0,"damage_taken":0.0},{"cards_removed":["Strike_G"],"damage_healed":0.0,"max_hp_gain":0.0,"max_hp_loss":0.0,"gold_gain":0.0,"event_name":"Living Wall","player_choice":"Forget","floor":4.0,"gold_loss":0.0,"damage_taken":0.0},{"damage_healed":0.0,"max_hp_gain":0.0,"max_hp_loss":0.0,"gold_gain":0.0,"event_name":"Match and Keep!","player_choice":"1 cards matched","floor":12.0,"gold_loss":0.0,"damage_taken":0.0,"cards_obtained":["Neutralize"]}],"is_beta":false,"boss_relics":[{"not_picked":["Busted Crown","Cursed Key"],"picked":"Philosopher\u0027s Stone"}],"items_purged_floors":[25],"is_endless":false,"potions_floor_spawned":[5,10,16,19,21,27,28],"killed_by":"Collector","ascension_level":10}}