{"host":"qwv9nni2x0umspiu","time":1614296040,"event":{"mods":["BaseMod","Downfall","Minty Spire (QoL Compilation)","Replay The Spire","StSLib","The Hierophant","Wandering Minibosses"],"gold_per_floor":[112,131,56,56,56,56,86,86,137,178,201,113,141,141,141,210,210,227,238,255,266,286,286,320,320,372,399,399,417,292,142,142,214,214,229,65,65,65,83,116,142,142,142,173,184,52,70,80,80,80,60,60,60,60,86,76],"floor_reached":57,"language":"ENG","playtime":1943,"items_purged":["hierophant:Strike_Hierophant","hierophant:Strike_Hierophant","hierophant:Strike_Hierophant","hierophant:Strike_Hierophant","hierophant:Defend_Hierophant"],"score":3378,"play_id":"bd39f1d3-d101-47e7-9800-c7d216507b8b","local_time":"20210225153400","is_ascension_mode":true,"campfire_choices":[{"data":"hierophant:Punish","floor":6.0,"key":"SMITH"},{"data":"hierophant:ChurchCoffers","floor":8.0,"key":"SMITH"},{"data":"hierophant:HammerAndAnvil","floor":15.0,"key":"SMITH"},{"data":"hierophant:HammerAndAnvil","floor":23.0,"key":"SMITH"},{"data":"hierophant:Alms","floor":28.0,"key":"SMITH"},{"data":"hierophant:Racketeering","floor":32.0,"key":"SMITH"},{"floor":49,"key":"RECALL"},{"data":"hierophant:Community","floor":53,"key":"SMITH"}],"circlet_count":0,"master_deck":["AscendersBane","hierophant:Punish+1","hierophant:Defend_Hierophant","hierophant:Defend_Hierophant","hierophant:ChurchCoffers+1","hierophant:Smite","hierophant:Zeal","hierophant:HammerAndAnvil+1","hierophant:Exaltation+1","hierophant:HammerAndAnvil+1","hierophant:Racketeering+1","hierophant:Alms+1","hierophant:Exaltation","Apotheosis","Madness","Madness","hierophant:Community+1","hierophant:Racketeering"],"relics":["hierophant:PropheticMaskRelic","NeowsBlessing","Garlic","MawBank","ReplayTheSpireMod:Lightbulb","Replay:Ringing Soul","ReplayTheSpireMod:DimensionalGlitch","Ginger","Tiny Chest","Regal Pillow","WingedGreaves","Replay:Bronze Core","Membership Card","Pantograph","Bottled Lightning","Replay:Bottled Steam","Strawberry","Chameleon Ring","Girya","Replay:Bottled Snecko"],"acts_visited":["Exordium","TheCity","TheBeyond","TheEnding"],"potions_floor_usage":[50,56],"damage_taken":[{"damage":0.0,"enemies":"Cultist","floor":1.0,"turns":1.0},{"damage":0.0,"enemies":"Small Slimes","floor":2.0,"turns":1.0},{"damage":0.0,"enemies":"Lagavulin","floor":7.0,"turns":1.0},{"damage":18.0,"enemies":"Gremlin Nob","floor":10.0,"turns":3.0},{"damage":0.0,"enemies":"Jaw Worm","floor":11.0,"turns":2.0},{"damage":16.0,"enemies":"3 Sentries","floor":13.0,"turns":4.0},{"damage":0.0,"enemies":"Hexaghost","floor":16.0,"turns":2.0},{"damage":0.0,"enemies":"Spheric Guardian","floor":18.0,"turns":1.0},{"damage":0.0,"enemies":"Chosen","floor":19.0,"turns":2.0},{"damage":0.0,"enemies":"Centurion and Healer","floor":20.0,"turns":1.0},{"damage":0.0,"enemies":"Snake Plant","floor":21.0,"turns":1.0},{"damage":0.0,"enemies":"Snecko","floor":22.0,"turns":1.0},{"damage":0.0,"enemies":"Book of Stabbing","floor":24.0,"turns":1.0},{"damage":3.0,"enemies":"Slavers","floor":27.0,"turns":2.0},{"damage":0.0,"enemies":"Gremlin Leader","floor":29.0,"turns":2.0},{"damage":0.0,"enemies":"Automaton","floor":33.0,"turns":2.0},{"damage":0.0,"enemies":"3 Shapes","floor":35.0,"turns":1.0},{"damage":0.0,"enemies":"Orb Walker","floor":39.0,"turns":1.0},{"damage":19.0,"enemies":"Nemesis","floor":40.0,"turns":3.0},{"damage":0.0,"enemies":"Reptomancer","floor":41.0,"turns":2.0},{"damage":0.0,"enemies":"R_Hoarder","floor":44.0,"turns":1.0},{"damage":0,"enemies":"Transient","floor":45,"turns":2},{"damage":0,"enemies":"3 Darklings","floor":48,"turns":1},{"damage":0,"enemies":"Donu and Deca","floor":50,"turns":3},{"damage":9,"enemies":"Time Eater","floor":51,"turns":3},{"damage":0,"enemies":"Shield and Spear","floor":55,"turns":2},{"damage":85,"enemies":"The Heart","floor":56,"turns":3}],"seed_played":"-7381221235115691554","potions_obtained":[{"floor":2.0,"key":"Cursed Concoction"},{"floor":10.0,"key":"DistilledChaos"},{"floor":21.0,"key":"LifebloodPotion"},{"floor":22.0,"key":"SpeedPotion"},{"floor":27.0,"key":"SneckoOil"},{"floor":29.0,"key":"SkillPotion"},{"floor":44.0,"key":"Block Potion"},{"floor":45,"key":"PowerPotion"}],"is_trial":false,"path_per_floor":["M","M","$","T","?","R","E","R","T","E","M","$","E","?","R","B",null,"M","M","M","M","M","R","E","?","T","E","R","E","$","$","R","B",null,"M","$","?","?","M","E","E","T","T","E","M","$","?","M","R","B","B",null,"R","$","E","B",null],"character_chosen":"HIEROPHANT","items_purchased":["Membership Card","hierophant:Community"],"campfire_rested":0,"item_purchase_floors":[36,46],"current_hp_per_floor":[68,68,68,68,61,61,61,61,61,43,43,43,30,30,30,30,66,66,66,66,69,69,69,69,69,69,69,69,69,69,69,69,69,80,83,83,86,73,73,54,54,54,61,61,61,64,31,31,31,44,48,89,89,89,92,20],"gold":76,"neow_bonus":"THREE_ENEMY_KILL","is_daily":false,"chose_seed":false,"campfire_upgraded":7,"win_rate":0.0,"timestamp":1614296040,"path_taken":["M","?","$","?","?","R","E","R","T","E","M","?","E","?","R","BOSS","M","M","M","M","M","R","E","?","T","E","R","E","$","$","R","BOSS","M","$","?","?","?","E","E","?","T","E","M","$","?","M","R","BOSS","BOSS","R","$","E","BOSS"],"items_purchased_type":["Relic","Card"],"build_version":"2020-12-22","purchased_purges":5,"victory":true,"max_hp_per_floor":[75,75,75,75,75,75,75,75,75,75,75,75,78,78,78,78,78,78,78,78,81,81,81,81,81,81,84,84,84,84,84,84,84,84,87,87,90,93,93,93,93,93,100,100,100,103,103,103,103,103,103,103,103,103,106,106],"card_choices":[{"not_picked":["hierophant:HolyVerse","hierophant:Purify","hierophant:FieryStrike"],"picked":"SKIP","floor":1.0},{"not_picked":["hierophant:MorningPrayer","hierophant:Purify"],"picked":"hierophant:Smite","floor":2.0},{"not_picked":["hierophant:FieryStrike","hierophant:Refuge"],"picked":"hierophant:Zeal","floor":7.0},{"not_picked":["hierophant:PassingBell","hierophant:MintersHammer"],"picked":"hierophant:HammerAndAnvil","floor":10.0},{"not_picked":["hierophant:HolyVerse","hierophant:RepressedViolence"],"picked":"hierophant:Exaltation","floor":11.0},{"not_picked":["hierophant:Rebuild","hierophant:SecretStash"],"picked":"hierophant:HammerAndAnvil","floor":13.0},{"not_picked":["hierophant:RepressedViolence","hierophant:RustyCrate","hierophant:FlamingChariot"],"picked":"SKIP","floor":18.0},{"not_picked":["hierophant:RustyCrate","hierophant:Mercenaries","hierophant:Sermon+1"],"picked":"SKIP","floor":19.0},{"not_picked":["hierophant:FieryStrike","hierophant:AuricBeam","hierophant:Zeal"],"picked":"SKIP","floor":20.0},{"not_picked":["hierophant:SecretStash","hierophant:Sermon"],"picked":"hierophant:Racketeering","floor":21.0},{"not_picked":["hierophant:FlamingChariot","hierophant:Encroach","hierophant:ConvertCurrency"],"picked":"SKIP","floor":22.0},{"not_picked":["hierophant:WrathOfGod","hierophant:RepressedViolence","hierophant:ThreeLashes"],"picked":"SKIP","floor":24.0},{"not_picked":["hierophant:AuricBeam","hierophant:OrnateJavelin"],"picked":"hierophant:Alms","floor":27.0},{"not_picked":["hierophant:ThreeLashes+1","hierophant:OrnateBuckler","hierophant:Blessing"],"picked":"SKIP","floor":29.0},{"not_picked":["hierophant:Purify","hierophant:Mercenaries"],"picked":"hierophant:Exaltation","floor":35.0},{"not_picked":["Purity","Replay:Sssssssssstrike"],"picked":"Apotheosis","floor":37.0},{"not_picked":["hierophant:CoinFling+1","hierophant:SealAway","hierophant:Remorse"],"picked":"SKIP","floor":39.0},{"not_picked":["hierophant:HolyVerse","hierophant:PristineSoul","hierophant:FlamingChariot+1"],"picked":"SKIP","floor":40.0},{"not_picked":["hierophant:HolyVerse","hierophant:PristineSoul","hierophant:FlamingChariot+1"],"picked":"SKIP","floor":40.0},{"not_picked":["hierophant:Dazzle+1","hierophant:FieryStrike","hierophant:ThreeLashes+1"],"picked":"SKIP","floor":41.0},{"not_picked":["hierophant:Patience+1","hierophant:Encroach+1","hierophant:Purify+1"],"picked":"SKIP","floor":44.0},{"not_picked":["hierophant:Doomsaying","hierophant:Encroach","hierophant:Zeal+1"],"picked":"SKIP","floor":45},{"not_picked":["hierophant:DisplayOfPower","hierophant:PassingBell","hierophant:CoinFling"],"picked":"SKIP","floor":48},{"not_picked":["hierophant:SolarFlare","hierophant:Anathema"],"picked":"hierophant:Racketeering","floor":55}],"player_experience":1380180,"relics_obtained":[{"floor":7.0,"key":"Garlic"},{"floor":9.0,"key":"MawBank"},{"floor":10.0,"key":"ReplayTheSpireMod:Lightbulb"},{"floor":13.0,"key":"Replay:Ringing Soul"},{"floor":24.0,"key":"Ginger"},{"floor":26.0,"key":"Tiny Chest"},{"floor":27.0,"key":"Regal Pillow"},{"floor":29.0,"key":"WingedGreaves"},{"floor":40.0,"key":"Pantograph"},{"floor":41.0,"key":"Bottled Lightning"},{"floor":42.0,"key":"Replay:Bottled Steam"},{"floor":43.0,"key":"Strawberry"},{"floor":44.0,"key":"Chameleon Ring"},{"floor":47,"key":"Girya"},{"floor":55,"key":"Replay:Bottled Snecko"}],"event_choices":[{"cards_removed":["hierophant:Defend_Hierophant"],"damage_healed":0.0,"max_hp_gain":0.0,"max_hp_loss":0.0,"gold_gain":0.0,"event_name":"Golden Wing","player_choice":"Card Removal","floor":5.0,"gold_loss":0.0,"damage_taken":7.0},{"damage_healed":0.0,"max_hp_gain":0.0,"max_hp_loss":0.0,"gold_gain":0.0,"event_name":"Living Wall","player_choice":"Grow","floor":14.0,"gold_loss":0.0,"damage_taken":0.0,"cards_upgraded":["hierophant:Exaltation"]},{"damage_healed":0.0,"max_hp_gain":0.0,"max_hp_loss":0.0,"gold_gain":0.0,"event_name":"SensoryStone","player_choice":"Memory 1","floor":37.0,"gold_loss":0.0,"damage_taken":0.0},{"damage_healed":0.0,"max_hp_gain":0.0,"max_hp_loss":0.0,"gold_gain":0.0,"event_name":"Winding Halls","player_choice":"Embrace Madness","floor":38.0,"gold_loss":0.0,"damage_taken":16.0,"cards_obtained":["Madness","Madness"]}],"is_beta":false,"boss_relics":[{"not_picked":["Painkiller Herb","Ectoplasm"],"picked":"ReplayTheSpireMod:DimensionalGlitch"},{"not_picked":["bronze:MakeshiftBattery","Tiny House"],"picked":"Replay:Bronze Core"}],"items_purged_floors":[3,12,30,31,46],"is_endless":false,"potions_floor_spawned":[2,10,21,22,24,27,29,39,44,45],"ascension_level":20}}