{"host":"ovcza0gnr2tscsgg","time":1614283278,"event":{"mods":["BaseMod","Colored Powertips","Marisa£®ÏF”Í°°ƒß¿Ì…≥£©","Minty Spire (QoL Compilation)","StSLib","The Bug Knight","UnlockEverythingMod","noobMod"],"gold_per_floor":[113,63,63,138,63,88,113,123,147,162,193,193,193,213,213,313,313,331,350,450,463,475,502,502,536,536,570,327,327,327,352,352,448,448,458,478,478,504,550,550,583,593,644,673,250,269,269,287,287,287,287,287,143,171,171],"floor_reached":56,"language":"ZHS","playtime":4032,"items_purged":["Defend_P","Strike_P","Strike_P"],"score":1922,"play_id":"3e6ce278-7ff7-4318-85d2-f14cb0b65a61","local_time":"20210226040118","is_ascension_mode":true,"campfire_choices":[{"data":"Eruption","floor":12,"key":"SMITH"},{"floor":15,"key":"REST"},{"floor":24,"key":"REST"},{"floor":32,"key":"REST"},{"data":"Scrawl","floor":40,"key":"SMITH"},{"floor":47,"key":"RECALL"},{"floor":49,"key":"REST"},{"data":"FlurryOfBlows","floor":52,"key":"SMITH"}],"circlet_count":0,"master_deck":["Strike_P","Strike_P","Vigilance","Prostrate+1","Vault","EmptyMind+1","Wallop","Scrawl+1","FlurryOfBlows+1","CutThroughFate+1","WheelKick+1","Pray+1","EmptyMind+1","DevaForm"],"relics":["PureWater","ice","NeowsBlessing","Dream Catcher","PreservedInsect","Happy Flower","Akabeko","Runic Dome","Bag of Preparation","Pear","Toxic Egg 2","Tiny Chest","Nunchaku","Regal Pillow","Letter Opener","Busted Crown","Damaru","CatCart","InkBottle","Art of War","Omamori","Melange","War Paint","Eternal Feather"],"acts_visited":["Exordium","TheCity","TheBeyond","TheEnding"],"potions_floor_usage":[16,33,55,55],"damage_taken":[{"damage":0,"enemies":"Small Slimes","floor":1,"turns":1},{"damage":0,"enemies":"3 Sentries","floor":6,"turns":1},{"damage":0,"enemies":"2 Louse","floor":8,"turns":1},{"damage":0,"enemies":"Jaw Worm","floor":10,"turns":3},{"damage":23,"enemies":"Lagavulin","floor":11,"turns":5},{"damage":0,"enemies":"Blue Slaver","floor":14,"turns":2},{"damage":24,"enemies":"Hexaghost","floor":16,"turns":10},{"damage":7,"enemies":"Spheric Guardian","floor":18,"turns":4},{"damage":0,"enemies":"2 Thieves","floor":19,"turns":4},{"damage":2,"enemies":"Shelled Parasite and Fungi","floor":21,"turns":4},{"damage":0,"enemies":"Centurion and Healer","floor":22,"turns":4},{"damage":41,"enemies":"Gremlin Leader","floor":23,"turns":3},{"damage":29,"enemies":"Slavers","floor":25,"turns":5},{"damage":4,"enemies":"Book of Stabbing","floor":27,"turns":3},{"damage":28,"enemies":"Gremlin Leader","floor":31,"turns":3},{"damage":0,"enemies":"Champ","floor":33,"turns":4},{"damage":5,"enemies":"3 Darklings","floor":35,"turns":2},{"damage":8,"enemies":"3 Shapes","floor":36,"turns":3},{"damage":0,"enemies":"Orin","floor":39,"turns":4},{"damage":0,"enemies":"Giant Head","floor":41,"turns":3},{"damage":0,"enemies":"Spire Growth","floor":42,"turns":2},{"damage":0,"enemies":"Nemesis","floor":44,"turns":2},{"damage":2,"enemies":"4 Shapes","floor":46,"turns":2},{"damage":10,"enemies":"Jaw Worm Horde","floor":48,"turns":3},{"damage":10,"enemies":"Donu and Deca","floor":50,"turns":3},{"damage":0,"enemies":"Shield and Spear","floor":54,"turns":1},{"damage":68,"enemies":"The Heart","floor":55,"turns":5}],"seed_played":"6084492753377558126","potions_obtained":[{"floor":8,"key":"LiquidBronze"},{"floor":10,"key":"PowerPotion"},{"floor":11,"key":"Swift Potion"},{"floor":21,"key":"LiquidMemories"},{"floor":22,"key":"DuplicationPotion"},{"floor":25,"key":"Swift Potion"},{"floor":36,"key":"GamblersBrew"}],"is_trial":false,"path_per_floor":["M","?","?","?","$","E","T","M","T","M","E","R","?","M","R","B",null,"M","M","?","M","M","E","R","E","T","E","$","T","?","E","R","B",null,"M","M","?","T","?","R","E","M","T","E","$","M","R","M","R","B",null,"R","$","E","B",null],"character_chosen":"WATCHER","items_purchased":["Nunchaku","Omamori","Melange","War Paint"],"campfire_rested":4,"item_purchase_floors":[28,45,45,53],"current_hp_per_floor":[65,65,58,47,47,47,47,47,47,47,24,24,24,24,45,21,59,52,52,52,50,50,9,30,79,79,75,75,75,75,47,89,89,91,86,78,78,78,78,78,78,78,78,78,78,76,76,66,105,95,104,104,104,104,36],"gold":171,"neow_bonus":"THREE_ENEMY_KILL","is_daily":false,"chose_seed":false,"campfire_upgraded":3,"win_rate":0.0,"timestamp":1614283278,"path_taken":["M","?","?","?","?","E","?","M","T","?","E","R","?","M","R","BOSS","M","M","?","M","M","E","R","E","T","E","$","?","?","E","R","BOSS","M","M","?","?","?","R","E","M","T","E","$","?","R","M","R","BOSS","R","$","E","BOSS"],"items_purchased_type":["Relic","Relic","Relic","Relic"],"build_version":"2020-12-22","purchased_purges":3,"victory":true,"max_hp_per_floor":[72,72,72,72,72,72,72,72,72,72,72,72,72,72,72,72,72,72,72,72,72,72,72,72,83,83,85,85,85,85,90,90,92,92,93,99,99,99,99,99,99,99,99,99,99,103,103,105,105,107,107,107,107,107,200],"card_choices":[{"not_picked":["Crescendo","Wallop"],"picked":"Prostrate","floor":1},{"not_picked":["LikeWater","BowlingBash","FollowUp"],"picked":"SKIP","floor":6},{"not_picked":["JustLucky","Perseverance","Swivel"],"picked":"SKIP","floor":8},{"not_picked":["Perseverance","EmptyBody","PathToVictory"],"picked":"SKIP","floor":10},{"not_picked":["SashWhip","PathToVictory"],"picked":"Vault","floor":11},{"not_picked":["CarveReality","Wireheading"],"picked":"EmptyMind","floor":14},{"not_picked":["SashWhip","Consecrate"],"picked":"Wallop","floor":15},{"not_picked":["Brilliance","MasterReality"],"picked":"Scrawl","floor":16},{"not_picked":["InnerPeace","ThirdEye"],"picked":"FlurryOfBlows","floor":18},{"not_picked":["PathToVictory+1","TalkToTheHand","BowlingBash+1"],"picked":"SKIP","floor":19},{"not_picked":["PathToVictory","ClearTheMind","ThirdEye+1"],"picked":"SKIP","floor":21},{"not_picked":["TalkToTheHand+1","EmptyBody+1","Meditate"],"picked":"SKIP","floor":22},{"not_picked":["ThirdEye","FearNoEvil"],"picked":"CutThroughFate+1","floor":23},{"not_picked":["Sanctity","BowlingBash"],"picked":"WheelKick+1","floor":25},{"not_picked":["Study","MasterReality","Establishment"],"picked":"SKIP","floor":27},{"not_picked":["Swivel+1","Evaluate+1","ThirdEye+1"],"picked":"SKIP","floor":31},{"not_picked":["EmptyFist+1","PathToVictory+1"],"picked":"EmptyMind+1","floor":32},{"not_picked":["LessonLearned","Omniscience+1"],"picked":"DevaForm","floor":33},{"not_picked":["DeceiveReality+1"],"picked":"SKIP","floor":35},{"not_picked":["CrushJoints"],"picked":"SKIP","floor":36},{"not_picked":["ThirdEye+1"],"picked":"SKIP","floor":41},{"not_picked":["Study+1"],"picked":"SKIP","floor":42},{"not_picked":["Judgement+1"],"picked":"SKIP","floor":44},{"not_picked":["FlyingSleeves"],"picked":"SKIP","floor":46},{"not_picked":["CrushJoints"],"picked":"SKIP","floor":48},{"not_picked":["Brilliance"],"picked":"SKIP","floor":54}],"player_experience":157073,"relics_obtained":[{"floor":6,"key":"Dream Catcher"},{"floor":7,"key":"PreservedInsect"},{"floor":9,"key":"Happy Flower"},{"floor":11,"key":"Akabeko"},{"floor":23,"key":"Bag of Preparation"},{"floor":25,"key":"Pear"},{"floor":26,"key":"Toxic Egg 2"},{"floor":27,"key":"Tiny Chest"},{"floor":29,"key":"Regal Pillow"},{"floor":31,"key":"Letter Opener"},{"floor":38,"key":"Damaru"},{"floor":39,"key":"CatCart"},{"floor":41,"key":"InkBottle"},{"floor":44,"key":"Art of War"},{"floor":54,"key":"Eternal Feather"}],"event_choices":[{"cards_removed":["Defend_P"],"damage_healed":0,"gold_gain":0,"player_choice":"Card Removal","damage_taken":0,"max_hp_gain":0,"max_hp_loss":0,"event_name":"The Cleric","floor":2,"gold_loss":50},{"cards_removed":["Defend_P"],"damage_healed":0,"gold_gain":0,"player_choice":"Card Removal","damage_taken":7,"max_hp_gain":0,"max_hp_loss":0,"event_name":"Golden Wing","floor":3,"gold_loss":0},{"damage_healed":0,"gold_gain":75,"player_choice":"Gather Gold","damage_taken":11,"max_hp_gain":0,"max_hp_loss":0,"event_name":"World of Goop","floor":4,"gold_loss":0},{"cards_removed":["Defend_P"],"damage_healed":0,"gold_gain":0,"player_choice":"Purged","damage_taken":0,"max_hp_gain":0,"max_hp_loss":0,"event_name":"Purifier","floor":13,"gold_loss":0},{"damage_healed":0,"gold_gain":100,"player_choice":"Pray","damage_taken":0,"max_hp_gain":0,"max_hp_loss":0,"event_name":"Golden Shrine","floor":20,"gold_loss":0},{"damage_healed":0,"gold_gain":0,"player_choice":"Read","damage_taken":0,"max_hp_gain":0,"max_hp_loss":0,"event_name":"The Library","floor":30,"gold_loss":0,"cards_obtained":["Pray"]},{"cards_removed":["Eruption"],"damage_healed":0,"gold_gain":0,"player_choice":"Removed Attack","damage_taken":0,"max_hp_gain":0,"max_hp_loss":0,"event_name":"Falling","floor":37,"gold_loss":0},{"damage_healed":0,"gold_gain":0,"player_choice":"Fight","damage_taken":0,"max_hp_gain":0,"max_hp_loss":0,"event_name":"OrinTheCat","floor":39,"gold_loss":0}],"is_beta":false,"boss_relics":[{"not_picked":["Fusion Hammer","Cursed Key"],"picked":"Runic Dome"},{"not_picked":["Snecko Eye","Sozu"],"picked":"Busted Crown"}],"items_purged_floors":[5,28,45],"is_endless":false,"potions_floor_spawned":[8,10,11,14,21,22,23,25,31,36,42,44,48,54],"ascension_level":8}}