{"host":"uceopoba4zvqsgiy","time":1614213837,"event":{"mods":["2.2 Compatiblity","Act Like it!","BaseMod","Better Skull","Better Third Choice","Elementarium","Evolution","GifTheSpireLib","Hermit","Humility","Infinite Spire","Jorbs\u0027s Wanderer Trilogy","Marked Mod","Minty Spire (QoL Compilation)","Potionbrewer","Reliquary","Replay The Spire","Robot Space Explorer","Shade Mod","Spicy Shops","StS++","StSLib","Stuff the Spire","The Blue Laboratory","The Caster","The Cursed","The Dragon Tamer","The Dragonkin","The Hierophant","The Judge","The Jungle","TheSurvivalist","Wandering Minibosses"],"gold_per_floor":[219,70,85,85,99,124,124,153,153,153,153,153],"floor_reached":11,"language":"ENG","playtime":1245,"items_purged":[],"score":126,"play_id":"ac30e58d-7299-4016-882a-49e909a35305","local_time":"20210225111357","is_ascension_mode":true,"campfire_choices":[{"floor":7,"key":"REST"},{"floor":10,"key":"REST"}],"circlet_count":0,"master_deck":["WordoMod:LanternFlame","WordoMod:LanternFlame+1","WordoMod:LanternFlame","WordoMod:LanternFlame","WordoMod:DefendCard","WordoMod:DefendCard","WordoMod:DefendCard","WordoMod:DefendCard","WordoMod:Accursed","WordoMod:IllWill","WordoMod:DarkForm","WordoMod:Infected","WordoMod:Sickness","WordoMod:Pestilence","WordoMod:Cleanse"],"relics":["WordoMod:Obsidian","WordoMod:Effigy","EVO:Axolotl","reliquary:RoseTintedGlasses","infinitespire:Joker Card","reliquary:PrincelyHelmet"],"acts_visited":["Exordium"],"potions_floor_usage":[11,11],"damage_taken":[{"damage":7,"enemies":"Jaw Worm","floor":1,"turns":3},{"damage":1,"enemies":"2 Louse","floor":3,"turns":2},{"damage":0,"enemies":"Small Slimes","floor":5,"turns":3},{"damage":41,"enemies":"Lagavulin","floor":6,"turns":4},{"damage":41,"enemies":"Gremlin Nob","floor":8,"turns":5},{"damage":29,"enemies":"3 Sentries","floor":11,"turns":4}],"seed_played":"5710664597628463094","potions_obtained":[{"floor":3,"key":"potionbrewer:DiscountPotion"},{"floor":6,"key":"BlessingOfTheForge"},{"floor":8,"key":"blueLaboratory:CorrosionFlask"}],"is_trial":false,"path_per_floor":["M","$","M","?","M","E","R","E","T","R","E"],"character_chosen":"JUDGE_CLASS","items_purchased":["WordoMod:DarkForm"],"campfire_rested":2,"item_purchase_floors":[2],"current_hp_per_floor":[68,68,67,67,67,26,48,7,7,29,0,0],"gold":153,"neow_bonus":"HUNDRED_GOLD","is_daily":false,"chose_seed":false,"campfire_upgraded":0,"win_rate":0.0,"timestamp":1614213837,"path_taken":["M","$","M","?","M","E","R","E","T","R","E"],"items_purchased_type":["Card"],"build_version":"2020-12-22","purchased_purges":0,"victory":false,"max_hp_per_floor":[75,75,75,75,75,75,75,75,75,75,75,75],"card_choices":[{"not_picked":["WordoMod:ICurseThee","WordoMod:BadMemories","WordoMod:ShackleGuard"],"picked":"SKIP","floor":1},{"not_picked":["WordoMod:ICurseThee","WordoMod:SecondChance","WordoMod:BadMemories"],"picked":"SKIP","floor":3},{"not_picked":["Elementarium:StickyTar","Normality"],"picked":"WordoMod:Infected","floor":5},{"not_picked":["WordoMod:SoulSpear","WordoMod:WillOWisp"],"picked":"WordoMod:Sickness","floor":5},{"not_picked":["WordoMod:Cleanse","WordoMod:SecondChance"],"picked":"WordoMod:Pestilence","floor":6},{"not_picked":["WordoMod:Resurrection","WordoMod:ICurseThee"],"picked":"WordoMod:Cleanse","floor":8}],"player_experience":1883878,"relics_obtained":[{"floor":6,"key":"reliquary:RoseTintedGlasses"},{"floor":8,"key":"infinitespire:Joker Card"},{"floor":9,"key":"reliquary:PrincelyHelmet"}],"event_choices":[],"is_beta":false,"boss_relics":[],"items_purged_floors":[],"is_endless":false,"potions_floor_spawned":[3,6,8],"killed_by":"3 Sentries","ascension_level":5,"is_humility":true}}