{"host":"ijtyqc57s6c9mbij","time":1614214907,"event":{"mods":["BaseMod","Colored Map","Downfall","Minty Spire (QoL Compilation)","StSLib"],"gold_per_floor":[99,112,129,147,247,10,10,43,43,43,57,86,86,86,97,198,198,98,113,113,123,323,353,431,431,431,431],"floor_reached":25,"language":"ENG","playtime":1261,"items_purged":["bronze:Strike"],"score":292,"play_id":"266bca11-5143-4ac3-9afa-c652818aeda5","local_time":"20210224170147","is_ascension_mode":true,"campfire_choices":[{"data":"bronze:Replicate","floor":1,"key":"SMITH"},{"floor":9,"key":"REST"},{"floor":13,"key":"RECALL"},{"data":"bronze:TinkerersToolbox","floor":18,"key":"SMITH"}],"circlet_count":0,"master_deck":["bronze:Strike","bronze:Strike","bronze:Strike","bronze:Defend","bronze:Defend","bronze:Defend","bronze:Defend","bronze:Goto","bronze:DelayedSlice","bronze:Iterate","bronze:Turbo","bronze:Philosophize","bronze:Separator","bronze:FineTuning","bronze:Separator","bronze:Separator","bronze:TinkerersToolbox+1","bronze:Deprecate","bronze:Constructor","bronze:Repair","bronze:BitShift","bronze:Terminator","bronze:FineTuning","downfall:Haunted","bronze:FunctionCard"],"relics":["bronze:BronzeCore","Unceasing Top","Orrery","Darkstone Periapt","Frozen Egg 2","Bottled Lightning","Philosopher\u0027s Stone","downfall:HeartBlessingRed","MealTicket"],"acts_visited":["Exordium","TheCity"],"potions_floor_usage":[11,16,16,19,23,25],"damage_taken":[{"damage":9,"enemies":"2 Louse","floor":2,"turns":4},{"damage":7,"enemies":"Jaw Worm","floor":3,"turns":2},{"damage":6,"enemies":"Cultist","floor":4,"turns":3},{"damage":0,"enemies":"downfall:FleeingMerchant","floor":6,"turns":4},{"damage":0,"enemies":"Gremlin Nob","floor":8,"turns":2},{"damage":0,"enemies":"2 Fungi Beasts","floor":11,"turns":2},{"damage":5,"enemies":"3 Sentries","floor":12,"turns":5},{"damage":1,"enemies":"3 Louse","floor":15,"turns":3},{"damage":23,"enemies":"SI_SHIV_ARCHETYPE","floor":16,"turns":4},{"damage":0,"enemies":"downfall:LooterAlt2","floor":19,"turns":3},{"damage":0,"enemies":"Chosen","floor":20,"turns":1},{"damage":19,"enemies":"Shelled Parasite and Fungi","floor":21,"turns":2},{"damage":39,"enemies":"Gremlin Leader","floor":23,"turns":5},{"damage":25,"enemies":"Centurion and Healer","floor":25,"turns":4}],"seed_played":"-1443421382241278293","potions_obtained":[{"floor":3,"key":"Block Potion"},{"floor":4,"key":"Energy Potion"},{"floor":8,"key":"FearPotion"},{"floor":12,"key":"Dexterity Potion"},{"floor":16,"key":"Explosive Potion"},{"floor":23,"key":"EssenceOfSteel"}],"is_trial":false,"path_per_floor":["R","M","M","M","?","$","T","E","R","?","M","E","R","?","M","B",null,"R","M","M","M","?","E","T","M"],"character_chosen":"THE_AUTOMATON","items_purchased":["Orrery"],"campfire_rested":1,"item_purchase_floors":[6],"current_hp_per_floor":[49,40,33,27,27,27,27,27,48,48,48,43,43,43,42,26,70,70,70,70,51,57,18,18,0,0,0],"gold":431,"neow_bonus":"ONE_RARE_RELIC","is_daily":false,"chose_seed":false,"campfire_upgraded":2,"win_rate":0.0,"timestamp":1614214907,"path_taken":["R","M","M","M","?","$","T","E","R","?","?","E","R","?","M","BOSS","R","M","M","M","?","E","T","M"],"items_purchased_type":["Relic"],"build_version":"2020-12-22","purchased_purges":1,"victory":false,"max_hp_per_floor":[70,70,70,70,70,70,70,70,70,70,70,70,70,70,70,70,70,70,70,70,70,76,76,76,76,76,76],"card_choices":[{"not_picked":["bronze:Overheat","bronze:Fortify"],"picked":"bronze:DelayedSlice","floor":2},{"not_picked":["bronze:NullPointer","bronze:BitShift"],"picked":"bronze:Iterate","floor":3},{"not_picked":["bronze:BugBarrage","bronze:ForceShield"],"picked":"bronze:Flail","floor":4},{"not_picked":["bronze:Deprecate","bronze:Iterate"],"picked":"bronze:Turbo","floor":6},{"not_picked":["bronze:BronzeArmor","bronze:ThunderWave"],"picked":"bronze:Philosophize","floor":6},{"not_picked":["bronze:Frontload","bronze:BuggyMess"],"picked":"bronze:Separator","floor":6},{"not_picked":["bronze:Shield","bronze:ForceShield"],"picked":"bronze:FineTuning","floor":6},{"not_picked":["bronze:Frontload","bronze:Branch"],"picked":"bronze:Separator","floor":6},{"not_picked":["bronze:Deprecate","bronze:CutThrough"],"picked":"bronze:Separator","floor":6},{"not_picked":["bronze:Deprecate","bronze:Safeguard"],"picked":"bronze:TinkerersToolbox","floor":8},{"not_picked":["bronze:Shield","bronze:OilSpill"],"picked":"bronze:Constructor","floor":11},{"not_picked":["bronze:FineTuning","bronze:Frontload"],"picked":"bronze:Repair","floor":12},{"not_picked":["bronze:BuggyMess","bronze:Flail"],"picked":"bronze:BitShift","floor":15},{"not_picked":["bronze:FindAndReplace","bronze:Assembly"],"picked":"bronze:Hardcode+1","floor":16},{"not_picked":["bronze:WildBeam","bronze:Branch","bronze:WhirlingStrike"],"picked":"SKIP","floor":19},{"not_picked":["bronze:OilSpill","bronze:Refactor"],"picked":"bronze:Terminator","floor":20},{"not_picked":["bronze:OilSpill+1","bronze:FollowUp"],"picked":"bronze:FineTuning","floor":21},{"not_picked":["bronze:DelayedGuard","bronze:FollowUp","bronze:Shell"],"picked":"SKIP","floor":23}],"player_experience":1047025,"relics_obtained":[{"floor":7,"key":"Darkstone Periapt"},{"floor":8,"key":"Frozen Egg 2"},{"floor":12,"key":"Bottled Lightning"},{"floor":23,"key":"MealTicket"}],"event_choices":[],"is_beta":false,"boss_relics":[{"not_picked":["expansioncontent:StudyCardRelic","Runic Dome"],"picked":"Philosopher\u0027s Stone"}],"items_purged_floors":[6],"is_endless":false,"potions_floor_spawned":[3,4,8,12,15,16,23],"killed_by":"Centurion and Healer","ascension_level":3}}