{"host":"y13mj1mxwnd5xx1x","time":1614236643,"event":{"mods":["AchievementEnabler","BaseMod","Minty Spire (QoL Compilation)"],"gold_per_floor":[114,129,304,304,254,292,25,25,25,25,63,82,101,120,120,245,245,264,264,264,363,195,242,242,270,270,308,336,51,60,100,112,258,270,310,422,462,474,514,526,585,56,56,56,84,112,159,492,492,492],"floor_reached":51,"language":"ENG","playtime":2133,"items_purged":["Injury","Writhe"],"score":1203,"play_id":"2b7ee62f-ac7f-4737-9166-2331e89ca499","local_time":"20210225010403","daily_mods":["Insanity","Colorless Cards","Night Terrors"],"is_ascension_mode":false,"campfire_choices":[{"data":"Mind Blast","floor":8.0,"key":"SMITH"},{"data":"Hologram","floor":10.0,"key":"SMITH"},{"data":"Hologram","floor":15.0,"key":"SMITH"},{"data":"BootSequence","floor":24.0,"key":"SMITH"},{"data":"Skim","floor":32.0,"key":"SMITH"},{"data":"Redo","floor":40.0,"key":"SMITH"},{"data":"Defragment","floor":44,"key":"SMITH"},{"data":"1","floor":49,"key":"LIFT"}],"circlet_count":0,"master_deck":["Streamline","Hologram+1","Redo","Ball Lightning","Leap","Gash","Barrage","Blizzard","Undo","Turbo","Undo","Bandage Up","Streamline","BootSequence+1","Glacier","Stack","Gash","Ball Lightning","Turbo","Gash","Turbo","Beam Cell","Trip","Redo","Jack Of All Trades","Ball Lightning","Coolheaded","Hologram","Leap","Doom and Gloom","Hologram","Coolheaded","Ball Lightning","Rebound","Self Repair","Streamline","Skim+1","Loop","Blizzard","Mind Blast+1","Barrage","Beam Cell","Rebound","Streamline","FTL","Scrape","Loop","Streamline","Redo","Hologram+1","Coolheaded","Leap","Machine Learning","Go for the Eyes","Compile Driver","Steam","Multi-Cast","Coolheaded","Creative AI","Streamline+1","Compile Driver","Enlightenment","Gash","Darkness+1","Gash","Ball Lightning","Storm","Stack","Leap+1","Barrage","BootSequence","Barrage","Sweeping Beam","Turbo","Stack","Defragment+1","Self Repair","HandOfGreed","Redo+1","Barrage","Sweeping Beam+1","Jack Of All Trades+1","Mind Blast+1","Rip and Tear","Cold Snap","Fission","Hologram","Loop","Sadistic Nature","Purity","Conserve Battery+1","Turbo","Barrage"],"relics":["Cracked Core","Girya","Membership Card","Pantograph","MealTicket","Busted Crown","CeramicFish","Orrery","Centennial Puzzle","Bottled Flame","Oddly Smooth Stone","Runic Capacitor","Mercury Hourglass","MawBank","Runic Pyramid","Bottled Lightning","DollysMirror","Orichalcum","Lantern","TungstenRod","Potion Belt"],"acts_visited":["Exordium","TheCity","TheBeyond"],"potions_floor_usage":[],"damage_taken":[{"damage":0.0,"enemies":"2 Louse","floor":1.0,"turns":1.0},{"damage":0.0,"enemies":"Small Slimes","floor":2.0,"turns":1.0},{"damage":0.0,"enemies":"3 Sentries","floor":6.0,"turns":4.0},{"damage":0.0,"enemies":"Lagavulin","floor":11.0,"turns":2.0},{"damage":0.0,"enemies":"Jaw Worm","floor":12.0,"turns":1.0},{"damage":0.0,"enemies":"Large Slime","floor":13.0,"turns":2.0},{"damage":2.0,"enemies":"2 Fungi Beasts","floor":14.0,"turns":3.0},{"damage":28.0,"enemies":"Hexaghost","floor":16.0,"turns":4.0},{"damage":0.0,"enemies":"Chosen","floor":18.0,"turns":2.0},{"damage":17.0,"enemies":"Gremlin Leader","floor":23.0,"turns":3.0},{"damage":3.0,"enemies":"2 Thieves","floor":25.0,"turns":4.0},{"damage":0.0,"enemies":"Slavers","floor":27.0,"turns":7.0},{"damage":0.0,"enemies":"Sentry and Sphere","floor":28.0,"turns":2.0},{"damage":0.0,"enemies":"Shelled Parasite and Fungi","floor":31.0,"turns":2.0},{"damage":37.0,"enemies":"Automaton","floor":33.0,"turns":8.0},{"damage":0.0,"enemies":"3 Darklings","floor":35.0,"turns":2.0},{"damage":0.0,"enemies":"3 Shapes","floor":37.0,"turns":2.0},{"damage":0.0,"enemies":"Jaw Worm Horde","floor":39.0,"turns":3.0},{"damage":0,"enemies":"Reptomancer","floor":41,"turns":2},{"damage":0,"enemies":"Writhing Mass","floor":45,"turns":1},{"damage":0,"enemies":"4 Shapes","floor":46,"turns":2},{"damage":0,"enemies":"Giant Head","floor":47,"turns":2},{"damage":2,"enemies":"Donu and Deca","floor":50,"turns":6}],"seed_played":"3523290589944034342","potions_obtained":[{"floor":2.0,"key":"LiquidBronze"},{"floor":6.0,"key":"Block Potion"},{"floor":11.0,"key":"DuplicationPotion"},{"floor":18.0,"key":"LiquidMemories"}],"is_trial":false,"path_per_floor":["M","M","?","?","?","E","$","R","T","R","E","M","M","M","R","B",null,"M","?","?","?","$","E","R","M","T","E","M","$","?","M","R","B",null,"M","?","M","?","M","R","E","$","T","R","M","M","E","?","R","B",null],"character_chosen":"DEFECT","items_purchased":["Membership Card","Leap","Machine Learning","Go for the Eyes","Gash","CeramicFish","Orrery","Runic Capacitor","Barrage","Sweeping Beam","Turbo","Stack","Defragment","Mercury Hourglass","DollysMirror","DuplicationPotion","Rip and Tear","Cold Snap","Fission","Hologram","Loop","Sadistic Nature","Purity","Orichalcum","Lantern"],"campfire_rested":0,"item_purchase_floors":[7,7,7,7,22,22,22,29,29,29,29,29,29,29,42,42,42,42,42,42,42,42,42,42,42],"current_hp_per_floor":[75,75,75,75,75,75,75,75,75,75,75,75,75,73,73,47,75,75,75,75,75,75,58,58,55,55,62,62,75,75,75,75,45,75,75,75,75,75,75,75,75,75,75,75,75,75,75,75,75,73],"gold":492,"neow_bonus":"","is_daily":true,"chose_seed":false,"campfire_upgraded":7,"win_rate":0.0,"timestamp":1614236643,"path_taken":["M","M","?","?","?","E","?","R","T","R","E","M","M","M","R","BOSS","M","?","?","?","$","E","R","M","T","E","M","?","?","M","R","BOSS","M","?","?","?","M","R","E","$","T","R","?","M","E","?","R","BOSS"],"items_purchased_type":["Relic","Card","Card","Card","Card","Relic","Relic","Relic","Card","Card","Card","Card","Card","Relic","Relic","Potion","Card","Card","Card","Card","Card","Card","Card","Relic","Relic"],"build_version":"2020-12-22","purchased_purges":2,"victory":true,"max_hp_per_floor":[75,75,75,75,75,75,75,75,75,75,75,75,75,75,75,75,75,75,75,75,75,75,75,75,75,75,75,75,75,75,75,75,75,75,75,75,75,75,75,75,75,75,75,75,75,75,75,75,75,75],"card_choices":[{"not_picked":["Undo","Conserve Battery"],"picked":"Redo","floor":1.0},{"not_picked":["Gash","Barrage"],"picked":"Hologram","floor":2.0},{"not_picked":["Beam Cell","Recycle"],"picked":"Coolheaded","floor":6.0},{"not_picked":["Hello World","Stack"],"picked":"Compile Driver","floor":11.0},{"not_picked":["Redo","Go for the Eyes"],"picked":"Steam","floor":12.0},{"not_picked":["Loop","Force Field"],"picked":"Multi-Cast","floor":13.0},{"not_picked":["Streamline","Barrage"],"picked":"Coolheaded","floor":14.0},{"not_picked":["Violence","Mayhem"],"picked":"Creative AI","floor":16.0},{"not_picked":[],"picked":"Streamline+1","floor":18.0},{"not_picked":[],"picked":"Darkness+1","floor":22.0},{"not_picked":[],"picked":"Gash","floor":22.0},{"not_picked":[],"picked":"Ball Lightning","floor":22.0},{"not_picked":[],"picked":"Storm","floor":22.0},{"not_picked":[],"picked":"Stack","floor":22.0},{"not_picked":[],"picked":"Leap+1","floor":23.0},{"not_picked":[],"picked":"Barrage","floor":25.0},{"not_picked":["PanicButton"],"picked":"SKIP","floor":27.0},{"not_picked":[],"picked":"BootSequence","floor":28.0},{"not_picked":[],"picked":"Self Repair","floor":31.0},{"not_picked":[],"picked":"HandOfGreed","floor":33.0},{"not_picked":[],"picked":"Redo","floor":35.0},{"not_picked":[],"picked":"Barrage","floor":37.0},{"not_picked":[],"picked":"Sweeping Beam+1","floor":39.0},{"not_picked":[],"picked":"Jack Of All Trades+1","floor":41},{"not_picked":[],"picked":"Conserve Battery+1","floor":45},{"not_picked":[],"picked":"Turbo","floor":46},{"not_picked":[],"picked":"Barrage","floor":47}],"player_experience":211201,"relics_obtained":[{"floor":6.0,"key":"Girya"},{"floor":9.0,"key":"Pantograph"},{"floor":11.0,"key":"MealTicket"},{"floor":23.0,"key":"Centennial Puzzle"},{"floor":26.0,"key":"Bottled Flame"},{"floor":27.0,"key":"Oddly Smooth Stone"},{"floor":41,"key":"Bottled Lightning"},{"floor":43,"key":"TungstenRod"},{"floor":47,"key":"Potion Belt"}],"event_choices":[{"damage_healed":0.0,"max_hp_gain":0.0,"max_hp_loss":0.0,"gold_gain":175.0,"event_name":"Liars Game","player_choice":"AGREE","floor":3.0,"gold_loss":0.0,"damage_taken":0.0,"cards_obtained":["Doubt"]},{"damage_healed":0.0,"max_hp_gain":0.0,"max_hp_loss":0.0,"gold_gain":0.0,"event_name":"Golden Idol","player_choice":"Take Wound","floor":4.0,"gold_loss":0.0,"damage_taken":0.0,"relics_obtained":["Golden Idol"],"cards_obtained":["Injury"]},{"cards_removed":["Doubt"],"damage_healed":0.0,"max_hp_gain":0.0,"max_hp_loss":0.0,"gold_gain":0.0,"event_name":"The Cleric","player_choice":"Card Removal","floor":5.0,"gold_loss":50.0,"damage_taken":0.0},{"damage_healed":0.0,"max_hp_gain":0.0,"max_hp_loss":0.0,"gold_gain":0.0,"event_name":"Ghosts","player_choice":"Ignored","floor":19.0,"gold_loss":0.0,"damage_taken":0.0},{"damage_healed":0.0,"max_hp_gain":0.0,"max_hp_loss":0.0,"gold_gain":0.0,"cards_transformed":["Hello World","Static Discharge"],"event_name":"Drug Dealer","player_choice":"Became Test Subject","floor":20.0,"gold_loss":0.0,"damage_taken":0.0,"cards_obtained":["Compile Driver","Enlightenment"]},{"damage_healed":0.0,"max_hp_gain":0.0,"max_hp_loss":0.0,"gold_gain":99.0,"event_name":"Nest","player_choice":"Stole From Cult","floor":21.0,"gold_loss":0.0,"damage_taken":0.0},{"damage_healed":0.0,"max_hp_gain":0.0,"max_hp_loss":0.0,"gold_gain":0.0,"event_name":"The Mausoleum","player_choice":"Opened","floor":30.0,"gold_loss":0.0,"damage_taken":0.0,"relics_obtained":["MawBank"],"cards_obtained":["Writhe"]},{"damage_healed":0.0,"max_hp_gain":0.0,"max_hp_loss":0.0,"gold_gain":100.0,"event_name":"Golden Shrine","player_choice":"Pray","floor":36.0,"gold_loss":0.0,"damage_taken":0.0},{"damage_healed":0.0,"max_hp_gain":0.0,"max_hp_loss":0.0,"gold_gain":0.0,"event_name":"SecretPortal","player_choice":"Ignored","floor":38.0,"gold_loss":0.0,"damage_taken":0.0},{"damage_healed":0,"gold_gain":333,"player_choice":"Gave Idol","damage_taken":0,"max_hp_gain":0,"max_hp_loss":0,"event_name":"The Moai Head","floor":48,"relics_lost":["Golden Idol"],"gold_loss":0}],"is_beta":false,"boss_relics":[{"not_picked":["Tiny House","Calling Bell"],"picked":"Busted Crown"},{"not_picked":["Nuclear Battery","Astrolabe"],"picked":"Runic Pyramid"}],"items_purged_floors":[22,42],"is_endless":false,"potions_floor_spawned":[2,6,11,14,18,28,39,45],"ascension_level":0}}