{"host":"a3wpq7kyokchzawk","time":1614218724,"event":{"mods":["BaseMod","Colored Map","Highlight Path","Minty Spire (QoL Compilation)","Permanent Neow","Potion Indicator Mod","Relic Stats","Weighted Paths"],"gold_per_floor":[113,131,35,35,53,53,65,65,65,99,128,153,78,108,108,108,108],"floor_reached":16,"language":"ENG","playtime":1274,"items_purged":[],"score":236,"play_id":"75fe21ba-7c6a-482d-8fc0-20dda7644d27","local_time":"20210224230524","is_ascension_mode":true,"campfire_choices":[{"data":"Armaments","floor":6.0,"key":"SMITH"},{"data":"Anger","floor":8.0,"key":"SMITH"},{"data":"Barricade","floor":15,"key":"SMITH"}],"circlet_count":0,"master_deck":["AscendersBane","Strike_R","Strike_R","Strike_R","Strike_R","Defend_R","Defend_R","Defend_R","Defend_R","Bash","Armaments+1","Shrug It Off","Heavy Blade","Anger+1","Pommel Strike","Berserk","Second Wind","Combust","Barricade+1"],"relics":["Burning Blood","Ornamental Fan","Tiny Chest","Odd Mushroom","Red Skull","Magic Flower"],"acts_visited":["Exordium"],"potions_floor_usage":[10,12,14],"damage_taken":[{"damage":7.0,"enemies":"Small Slimes","floor":1.0,"turns":3.0},{"damage":6.0,"enemies":"Cultist","floor":2.0,"turns":4.0},{"damage":3.0,"enemies":"2 Louse","floor":5.0,"turns":4.0},{"damage":13.0,"enemies":"Looter","floor":7.0,"turns":4.0},{"damage":2,"enemies":"Gremlin Nob","floor":10,"turns":3},{"damage":16,"enemies":"The Mushroom Lair","floor":11,"turns":5},{"damage":12,"enemies":"Lagavulin","floor":12,"turns":6},{"damage":18,"enemies":"Gremlin Nob","floor":14,"turns":4},{"damage":47,"enemies":"Hexaghost","floor":16,"turns":10}],"seed_played":"1868431824422671608","potions_obtained":[{"floor":1.0,"key":"SkillPotion"},{"floor":2.0,"key":"PowerPotion"},{"floor":10,"key":"Ancient Potion"}],"is_trial":false,"path_per_floor":["M","M","?","$","M","R","M","R","T","E","?","E","?","E","R","B"],"character_chosen":"IRONCLAD","items_purchased":[],"campfire_rested":0,"item_purchase_floors":[],"current_hp_per_floor":[67,67,67,67,70,70,63,63,63,67,57,51,51,39,39,0,0],"gold":108,"neow_bonus":"THREE_CARDS","is_daily":false,"chose_seed":false,"campfire_upgraded":3,"win_rate":0.0,"timestamp":1614218724,"path_taken":["M","M","?","?","M","R","M","R","T","E","?","E","?","E","R","BOSS"],"items_purchased_type":[],"build_version":"2020-12-22","purchased_purges":0,"victory":false,"max_hp_per_floor":[75,75,75,75,75,75,75,75,75,75,75,75,75,75,75,75,75],"relic_stats":{"counters":[9,43],"Ornamental Fan":[28],"Magic Flower":[0],"Tiny Chest":0,"obtain_stats":[{"Ornamental Fan":3,"Magic Flower":14,"Tiny Chest":10,"Odd Mushroom":11,"Burning Blood":0,"Red Skull":12},{"Ornamental Fan":2,"Magic Flower":8,"Tiny Chest":5,"Odd Mushroom":6,"Burning Blood":0,"Red Skull":7},{"Ornamental Fan":7,"Magic Flower":33,"Tiny Chest":18,"Odd Mushroom":23,"Burning Blood":0,"Red Skull":29}],"Burning Blood":48},"card_choices":[{"not_picked":["Fire Breathing","Twin Strike"],"picked":"Armaments","floor":0.0},{"not_picked":["Ghostly Armor","Twin Strike"],"picked":"Shrug It Off","floor":1.0},{"not_picked":["Intimidate","Sever Soul"],"picked":"Heavy Blade","floor":2.0},{"not_picked":["Rage","Blood for Blood"],"picked":"Anger","floor":5.0},{"not_picked":["Dark Embrace","Thunderclap"],"picked":"Pommel Strike","floor":7.0},{"not_picked":["Clothesline","Perfected Strike"],"picked":"Berserk","floor":10},{"not_picked":["Twin Strike","Warcry"],"picked":"Second Wind","floor":11},{"not_picked":["Entrench","Sword Boomerang"],"picked":"Combust","floor":12},{"not_picked":["Twin Strike","Thunderclap"],"picked":"Barricade","floor":14}],"player_experience":2854019,"relics_obtained":[{"floor":10,"key":"Tiny Chest"},{"floor":11,"key":"Odd Mushroom"},{"floor":12,"key":"Red Skull"},{"floor":14,"key":"Magic Flower"}],"event_choices":[{"damage_healed":0.0,"max_hp_gain":0.0,"max_hp_loss":0.0,"gold_gain":0.0,"event_name":"WeMeetAgain","player_choice":"Paid Gold","floor":3.0,"gold_loss":96.0,"damage_taken":0.0,"relics_obtained":["Ornamental Fan"]},{"damage_healed":0,"gold_gain":0,"player_choice":"Fought Mushrooms","damage_taken":0,"max_hp_gain":0,"max_hp_loss":0,"event_name":"Mushrooms","floor":11,"gold_loss":0},{"cards_removed":["Strike_R"],"damage_healed":0,"gold_gain":0,"player_choice":"Card Removal","damage_taken":0,"max_hp_gain":0,"max_hp_loss":0,"event_name":"The Cleric","floor":13,"gold_loss":75}],"is_beta":false,"boss_relics":[],"items_purged_floors":[],"is_endless":false,"potions_floor_spawned":[1,2,10,11],"killed_by":"Hexaghost","ascension_level":20}}