{"host":"pu1pmxeu7vyxsds8","time":1614279251,"event":{"mods":["Act Like it!","BaseMod","Block Reminder","Minty Spire (QoL Compilation)","Permanent Neow","Quick Restart","Relic Stats"],"gold_per_floor":[109,109,109,109,121,121,148,167,167,196,216,231,263,279,279,380,380,390,76,76,96,112,139,149,176,176,210,239,239,239,251,251,349,349,362,373,373,388,438,466,466,500,500,65,95,95,95,114,114,114],"floor_reached":51,"language":"SPA","playtime":2577,"items_purged":["Strike_B","HandOfGreed+1"],"score":1003,"play_id":"52bd6133-182e-4450-b105-38a363442e4f","local_time":"20210225155411","is_ascension_mode":true,"campfire_choices":[{"data":"Zap","floor":6.0,"key":"SMITH"},{"data":"Chaos","floor":15.0,"key":"SMITH"},{"data":"Redo","floor":29.0,"key":"SMITH"},{"data":"Redo","floor":30.0,"key":"SMITH"},{"data":"Dualcast","floor":32.0,"key":"SMITH"},{"data":"Redo","floor":41.0,"key":"SMITH"},{"floor":47.0,"key":"REST"},{"floor":49.0,"key":"REST"}],"circlet_count":0,"master_deck":["Defend_B+1","Defend_B","Defend_B","Defend_B","Zap+1","Dualcast+1","Gash","Ball Lightning","Barrage","Go for the Eyes","Skim","Chaos+1","Redo+1","Redo+1","Electrodynamics+1","Chaos+1","Beam Cell","Leap+1","Scrape","Go for the Eyes","Defragment+1","Storm+1","Aggregate+1","Scrape+1","Electrodynamics+1","Gash+1","Chaos+1","Redo+1","Gash+1","Sadistic Nature+1","Dramatic Entrance+1","Compile Driver+1","Gash+1","Consume"],"relics":["Cracked Core","Bag of Marbles","Torii","Frozen Egg 2","Lizard Tail","Letter Opener","TungstenRod","Busted Crown","Membership Card","Potion Belt","Art of War","Strawberry","WingedGreaves","Molten Egg 2","Mango","Astrolabe","Incense Burner","Dream Catcher","Eternal Feather","InkBottle","ClockworkSouvenir","Blood Vial","War Paint"],"acts_visited":["Exordium","TheCity","TheBeyond"],"potions_floor_usage":[50,50],"damage_taken":[{"damage":0.0,"enemies":"2 Louse","floor":1.0,"turns":4.0},{"damage":1.0,"enemies":"Jaw Worm","floor":5.0,"turns":4.0},{"damage":8.0,"enemies":"Gremlin Nob","floor":7.0,"turns":3.0},{"damage":0.0,"enemies":"Cultist","floor":8.0,"turns":2.0},{"damage":12.0,"enemies":"3 Sentries","floor":10.0,"turns":6.0},{"damage":1.0,"enemies":"Red Slaver","floor":11.0,"turns":2.0},{"damage":11.0,"enemies":"Exordium Wildlife","floor":12.0,"turns":3.0},{"damage":6.0,"enemies":"Lagavulin","floor":13.0,"turns":5.0},{"damage":0.0,"enemies":"Blue Slaver","floor":14.0,"turns":2.0},{"damage":0.0,"enemies":"Hexaghost","floor":16.0,"turns":7.0},{"damage":0.0,"enemies":"Spheric Guardian","floor":18.0,"turns":3.0},{"damage":5.0,"enemies":"Shell Parasite","floor":21.0,"turns":3.0},{"damage":0.0,"enemies":"Snake Plant","floor":22.0,"turns":3.0},{"damage":8.0,"enemies":"Gremlin Leader","floor":23.0,"turns":3.0},{"damage":5.0,"enemies":"Centurion and Healer","floor":24.0,"turns":3.0},{"damage":14.0,"enemies":"Book of Stabbing","floor":25.0,"turns":5.0},{"damage":20.0,"enemies":"Gremlin Leader","floor":27.0,"turns":5.0},{"damage":8.0,"enemies":"Slavers","floor":28.0,"turns":2.0},{"damage":0.0,"enemies":"Chosen and Byrds","floor":31.0,"turns":4.0},{"damage":12.0,"enemies":"Collector","floor":33.0,"turns":5.0},{"damage":9.0,"enemies":"Orb Walker","floor":35.0,"turns":2.0},{"damage":8.0,"enemies":"3 Darklings","floor":36.0,"turns":3.0},{"damage":15.0,"enemies":"Maw","floor":38.0,"turns":5.0},{"damage":0.0,"enemies":"Mind Bloom Boss Battle","floor":39.0,"turns":4.0},{"damage":6.0,"enemies":"Reptomancer","floor":40.0,"turns":5.0},{"damage":49.0,"enemies":"Giant Head","floor":42.0,"turns":7.0},{"damage":0.0,"enemies":"Reptomancer","floor":45.0,"turns":3.0},{"damage":30.0,"enemies":"Writhing Mass","floor":48.0,"turns":3.0},{"damage":97,"enemies":"Awakened One","floor":50,"turns":12}],"seed_played":"6122774328691704005","potions_obtained":[{"floor":8.0,"key":"EntropicBrew"},{"floor":12.0,"key":"Weak Potion"},{"floor":13.0,"key":"FearPotion"},{"floor":20.0,"key":"SkillPotion"},{"floor":20.0,"key":"EntropicBrew"},{"floor":23.0,"key":"Swift Potion"},{"floor":24.0,"key":"FocusPotion"},{"floor":33.0,"key":"EssenceOfDarkness"},{"floor":38.0,"key":"Block Potion"},{"floor":40.0,"key":"ColorlessPotion"},{"floor":45.0,"key":"Dexterity Potion"}],"is_trial":false,"path_per_floor":["M","?","?","T","M","R","E","M","T","E","M","M","E","M","R","B",null,"M","$","?","M","M","E","M","E","T","E","E","R","R","M","R","B",null,"M","M","?","M","?","E","R","E","T","$","E","?","R","M","R","B",null],"character_chosen":"DEFECT","items_purchased":["Membership Card","Beam Cell","Potion Belt","Blind","ClockworkSouvenir","Sadistic Nature+1","Dramatic Entrance+1","DuplicationPotion","AttackPotion","PowerPotion","Blood Vial"],"campfire_rested":2,"item_purchase_floors":[19,19,19,19,44,44,44,44,44,44,44],"current_hp_per_floor":[75,68,68,68,67,67,59,59,59,47,46,35,29,29,29,29,75,75,75,75,70,70,67,62,55,55,35,41,41,41,41,41,29,96,87,79,79,64,64,58,58,9,9,9,11,11,57,29,75,30],"gold":114,"neow_bonus":"RANDOM_COMMON_RELIC","is_daily":false,"chose_seed":false,"campfire_upgraded":6,"win_rate":0.0,"timestamp":1614279251,"path_taken":["M","?","?","?","M","R","E","M","T","E","M","M","E","M","R","BOSS","M","$","?","?","M","E","M","E","T","E","E","R","R","M","R","BOSS","M","M","?","M","?","E","R","E","T","$","E","?","R","M","R","BOSS"],"items_purchased_type":["Relic","Card","Relic","Card","Relic","Card","Card","Potion","Potion","Potion","Relic"],"build_version":"2020-12-22","purchased_purges":2,"victory":true,"max_hp_per_floor":[75,75,75,75,75,75,75,75,75,75,75,75,75,75,75,75,75,75,75,75,75,75,75,75,82,82,82,96,96,96,96,96,96,96,96,96,96,96,96,96,96,96,96,96,96,96,96,96,96,96],"relic_stats":{"Torii":44,"counters":[29,118],"Astrolabe":["Scrape","Electrodynamics","HandOfGreed"],"Eternal Feather":36,"Letter Opener":[281],"War Paint":["Leap","Defend_B"],"Blood Vial":6,"Lizard Tail":48,"Dream Catcher":2,"Busted Crown":40,"Art of War":[5],"obtain_stats":[{"Potion Belt":19,"Torii":4,"Astrolabe":34,"Mango":28,"Eternal Feather":42,"Incense Burner":39,"Letter Opener":10,"Frozen Egg 2":7,"War Paint":45,"ClockworkSouvenir":44,"Blood Vial":44,"Lizard Tail":9,"Dream Catcher":40,"Busted Crown":17,"Strawberry":25,"Molten Egg 2":27,"WingedGreaves":26,"Bag of Marbles":0,"Art of War":23,"Membership Card":19,"Cracked Core":0,"TungstenRod":13,"InkBottle":43},{"Potion Belt":11,"Torii":1,"Astrolabe":20,"Mango":18,"Eternal Feather":26,"Incense Burner":24,"Letter Opener":5,"Frozen Egg 2":3,"War Paint":27,"ClockworkSouvenir":26,"Blood Vial":26,"Lizard Tail":4,"Dream Catcher":25,"Busted Crown":10,"Strawberry":16,"Molten Egg 2":17,"WingedGreaves":16,"Bag of Marbles":0,"Art of War":14,"Membership Card":11,"Cracked Core":0,"TungstenRod":8,"InkBottle":26},{"Potion Belt":41,"Torii":4,"Astrolabe":74,"Mango":65,"Eternal Feather":100,"Incense Burner":88,"Letter Opener":19,"Frozen Egg 2":11,"War Paint":103,"ClockworkSouvenir":100,"Blood Vial":100,"Lizard Tail":13,"Dream Catcher":93,"Busted Crown":38,"Strawberry":58,"Molten Egg 2":63,"WingedGreaves":58,"Bag of Marbles":0,"Art of War":50,"Membership Card":41,"Cracked Core":0,"TungstenRod":29,"InkBottle":100}],"TungstenRod":65,"InkBottle":[11]},"card_choices":[{"not_picked":["Hologram","Streamline"],"picked":"Gash","floor":1.0},{"not_picked":["Darkness","Hologram"],"picked":"Ball Lightning","floor":5.0},{"not_picked":["Streamline","Steam"],"picked":"Barrage","floor":7.0},{"not_picked":["Leap","Skim"],"picked":"Go for the Eyes","floor":8.0},{"not_picked":["Steam","Hologram"],"picked":"Skim","floor":10.0},{"not_picked":["Cold Snap","Multi-Cast"],"picked":"Chaos","floor":11.0},{"not_picked":["Turbo","Sweeping Beam","Hologram"],"picked":"SKIP","floor":12.0},{"not_picked":["Consume","Melter"],"picked":"Redo","floor":13.0},{"not_picked":["Barrage","Self Repair+1"],"picked":"Redo","floor":14.0},{"not_picked":["All For One","Biased Cognition+1"],"picked":"Electrodynamics+1","floor":16.0},{"not_picked":[],"picked":"Chaos+1","floor":18.0},{"not_picked":[],"picked":"Leap","floor":21.0},{"not_picked":[],"picked":"Scrape","floor":22.0},{"not_picked":[],"picked":"Go for the Eyes","floor":23.0},{"not_picked":[],"picked":"Defragment+1","floor":24.0},{"not_picked":[],"picked":"Barrage","floor":25.0},{"not_picked":[],"picked":"Storm+1","floor":27.0},{"not_picked":["Melter+1"],"picked":"SKIP","floor":28.0},{"not_picked":[],"picked":"Aggregate+1","floor":31.0},{"not_picked":["Capacitor+1"],"picked":"SKIP","floor":35.0},{"not_picked":["Self Repair+1"],"picked":"SKIP","floor":36.0},{"not_picked":[],"picked":"Gash+1","floor":38.0},{"not_picked":[],"picked":"Chaos+1","floor":39.0},{"not_picked":[],"picked":"Redo","floor":40.0},{"not_picked":[],"picked":"Gash+1","floor":42.0},{"not_picked":[],"picked":"Compile Driver+1","floor":45.0},{"not_picked":[],"picked":"Gash+1","floor":48.0},{"not_picked":[],"picked":"Consume","floor":49.0}],"player_experience":95684,"relics_obtained":[{"floor":4.0,"key":"Torii"},{"floor":7.0,"key":"Frozen Egg 2"},{"floor":9.0,"key":"Lizard Tail"},{"floor":10.0,"key":"Letter Opener"},{"floor":13.0,"key":"TungstenRod"},{"floor":23.0,"key":"Art of War"},{"floor":25.0,"key":"Strawberry"},{"floor":26.0,"key":"WingedGreaves"},{"floor":27.0,"key":"Molten Egg 2"},{"floor":28.0,"key":"Mango"},{"floor":39.0,"key":"Incense Burner"},{"floor":40.0,"key":"Dream Catcher"},{"floor":42.0,"key":"Eternal Feather"},{"floor":43.0,"key":"InkBottle"},{"floor":45.0,"key":"War Paint"}],"event_choices":[{"cards_removed":["Strike_B"],"damage_healed":0.0,"max_hp_gain":0.0,"max_hp_loss":0.0,"gold_gain":0.0,"event_name":"Golden Wing","player_choice":"Card Removal","floor":2.0,"gold_loss":0.0,"damage_taken":7.0},{"cards_removed":["Strike_B"],"damage_healed":0.0,"max_hp_gain":0.0,"max_hp_loss":0.0,"gold_gain":0.0,"event_name":"Living Wall","player_choice":"Forget","floor":3.0,"gold_loss":0.0,"damage_taken":0.0},{"damage_healed":0.0,"max_hp_gain":0.0,"max_hp_loss":0.0,"gold_gain":0.0,"event_name":"Lab","player_choice":"Got Potions","floor":20.0,"gold_loss":0.0,"damage_taken":0.0},{"damage_healed":0.0,"max_hp_gain":0.0,"max_hp_loss":0.0,"gold_gain":0.0,"event_name":"Tomb of Lord Red Mask","player_choice":"Ignored","floor":37.0,"gold_loss":0.0,"damage_taken":0.0},{"damage_healed":0.0,"max_hp_gain":0.0,"max_hp_loss":0.0,"gold_gain":0.0,"event_name":"MindBloom","player_choice":"Fight","floor":39.0,"gold_loss":0.0,"damage_taken":0.0},{"damage_healed":0.0,"max_hp_gain":0.0,"max_hp_loss":0.0,"gold_gain":0.0,"event_name":"Mysterious Sphere","player_choice":"Ignored","floor":46.0,"gold_loss":0.0,"damage_taken":0.0}],"is_beta":false,"boss_relics":[{"not_picked":["Calling Bell","Runic Pyramid"],"picked":"Busted Crown"},{"not_picked":["Philosopher\u0027s Stone","Runic Dome"],"picked":"Astrolabe"}],"items_purged_floors":[19,44],"is_endless":false,"potions_floor_spawned":[8,12,13,16,23,24,33,38,40,45],"ascension_level":1}}