{"host":"0iey8v53xvwqxh5z","time":1614212358,"event":{"mods":["BaseMod","BetterRewards","Hubris","Minty Spire (QoL Compilation)","Relic Stats","Replay The Spire","Shop Mod","StSLib"],"gold_per_floor":[109,121,121,121,139,166,166,181,181,181,213,228,259,274,274,370,370,390,407,431,67,7,40,40,59,107,139,67,267,320,355,355,506,606,671,745,771,546,637,742,851,919,919,1041,499,571,278,396,396,486,486,486,157,249,249],"floor_reached":56,"language":"ENG","playtime":5132,"items_purged":["Defend_P","Defend_P"],"score":2181,"play_id":"59f367f5-574c-4511-915c-6cd73f76440b","local_time":"20210224191918","is_ascension_mode":true,"campfire_choices":[{"data":"Study","floor":7,"key":"SMITH"},{"floor":15,"key":"DIG"},{"data":"Meditate","floor":24,"key":"SMITH"},{"floor":32,"key":"DIG"},{"floor":49,"key":"RECALL"},{"floor":52,"key":"DIG"}],"circlet_count":0,"master_deck":["Defend_P","Eruption","Vigilance","FlurryOfBlows+1","Protect","FollowUp","FearNoEvil","Study+1","InnerPeace","Sanctity","CutThroughFate","CutThroughFate+1","ClearTheMind","ThirdEye","DevaForm","Halt+1","Wireheading","Meditate+1","Establishment","Replay:Vibes+1","SandsOfTime","Wish+1","Wish+1","Vault","CutThroughFate+1","Sanctity+1","TalkToTheHand+1","WaveOfTheHand+1","Fasting2+1","TalkToTheHand","Wallop+1","Wish+1","DeusExMachina","ThirdEye+1","Crescendo+1","Wireheading+1","Scrawl","FlyingSleeves+1","Wireheading+1","Worship+1","EmptyMind+1"],"relics":["PureWater","Shovel","ReplayTheSpireMod:TigerMarble","hubris:Icosahedron","Snack Pack","hubris:CrystalStatue","Iron Hammer","Replay:Baseball","Replay:Drink Me","Whetstone","ReplayFunnel","HornCleat","Pondfish Scales","Garlic","Blue Doll","Replay:Wanted Poster","Replay:Mystery Machine","Orrery","Potion Belt","Replay:Bottled Eggs","Regal Pillow","Lee\u0027s Waffle","Anchor","Golden Egg","Gambling Chip","Frozen Egg 2","Kunai","ReplayTheSpireMod:Lightbulb","Strawberry"],"acts_visited":["Exordium","TheCity","TheBeyond","TheEnding"],"potions_floor_usage":[13,50,50],"damage_taken":[{"damage":0,"enemies":"Small Slimes","floor":1,"turns":2},{"damage":7,"enemies":"2 Louse","floor":2,"turns":2},{"damage":0,"enemies":"Cultist","floor":5,"turns":2},{"damage":1,"enemies":"3 Sentries","floor":6,"turns":6},{"damage":1,"enemies":"Looter","floor":8,"turns":2},{"damage":1,"enemies":"Lagavulin","floor":11,"turns":7},{"damage":0,"enemies":"Gremlin Gang","floor":12,"turns":2},{"damage":0,"enemies":"3 Sentries","floor":13,"turns":4},{"damage":0,"enemies":"Red Slaver","floor":14,"turns":2},{"damage":0,"enemies":"The Guardian","floor":16,"turns":6},{"damage":0,"enemies":"Spheric Guardian","floor":18,"turns":2},{"damage":0,"enemies":"3 Byrds","floor":19,"turns":3},{"damage":0,"enemies":"Gremlin Leader","floor":23,"turns":3},{"damage":0,"enemies":"Centurion and Healer","floor":25,"turns":3},{"damage":0,"enemies":"Slavers","floor":27,"turns":5},{"damage":0,"enemies":"Gremlin Leader","floor":30,"turns":4},{"damage":0,"enemies":"3 Cultists","floor":31,"turns":4},{"damage":0,"enemies":"Champ","floor":33,"turns":6},{"damage":0,"enemies":"3 Shapes","floor":35,"turns":5},{"damage":0,"enemies":"Orb Walker","floor":36,"turns":3},{"damage":0,"enemies":"Spire Growth","floor":39,"turns":5},{"damage":0,"enemies":"R_Hoarder","floor":40,"turns":8},{"damage":0,"enemies":"Transient","floor":41,"turns":5},{"damage":0,"enemies":"Jaw Worm Horde","floor":42,"turns":4},{"damage":0,"enemies":"Nemesis","floor":44,"turns":6},{"damage":0,"enemies":"3 Darklings","floor":46,"turns":4},{"damage":1,"enemies":"Giant Head","floor":48,"turns":5},{"damage":0,"enemies":"Awakened One","floor":50,"turns":9},{"damage":0,"enemies":"Shield and Spear","floor":54,"turns":5},{"damage":10,"enemies":"The Heart","floor":55,"turns":8}],"seed_played":"9452589961594832","potions_obtained":[{"floor":2,"key":"StancePotion"},{"floor":8,"key":"ColorlessPotion"},{"floor":11,"key":"AttackPotion"},{"floor":13,"key":"Venom Potion"},{"floor":36,"key":"Reflective Coating"},{"floor":42,"key":"LifebloodPotion"},{"floor":48,"key":"SmokeBomb"}],"is_trial":false,"path_per_floor":["M","M","?","?","M","E","R","M","T","?","E","M","E","M","R","B",null,"M","M","T","$","?","E","R","M","T","E","$","?","E","M","R","B",null,"M","M","T","$","M","E","M","M","T","E","$","M","$","E","R","B",null,"R","$","E","B",null],"character_chosen":"WATCHER","items_purchased":["ReplayTheSpireMod:TigerMarble","FlurryOfBlows","Protect","Wireheading","Meditate","ReplayFunnel","SandsOfTime","TalkToTheHand","WaveOfTheHand+1","Orrery","Lee\u0027s Waffle","Anchor","Golden Egg","Gambling Chip","ReplayTheSpireMod:Lightbulb","Wireheading+1","Worship"],"campfire_rested":0,"item_purchase_floors":[0,0,0,21,21,21,28,38,38,38,45,45,45,47,53,53,53],"current_hp_per_floor":[47,40,40,40,40,39,39,42,42,42,47,51,61,63,63,72,54,54,54,54,54,54,54,54,54,54,54,54,54,54,54,54,54,54,54,54,54,54,54,54,54,54,54,54,61,61,61,61,61,61,61,61,61,68,66],"gold":249,"neow_bonus":"","is_daily":false,"chose_seed":false,"campfire_upgraded":2,"win_rate":0.0,"timestamp":1614212358,"path_taken":["M","M","?","?","M","E","R","M","T","?","E","M","E","M","R","BOSS","M","M","?","$","?","E","R","M","T","E","$","?","E","?","R","BOSS","M","M","?","$","M","E","?","M","T","E","$","M","$","E","R","BOSS","R","$","E","BOSS"],"items_purchased_type":["Relic","Card","Card","Card","Card","Relic","Card","Card","Card","Relic","Relic","Relic","Relic","Relic","Relic","Card","Card"],"build_version":"2020-12-22","purchased_purges":2,"victory":true,"max_hp_per_floor":[72,72,72,72,72,72,72,72,72,72,72,72,72,72,72,72,54,54,54,54,54,54,54,54,54,54,54,54,54,54,54,54,54,54,54,54,54,54,54,54,54,54,54,54,61,61,61,61,61,61,61,61,61,68,68],"relic_stats":{"Regal Pillow":0,"Lee\u0027s Waffle":7,"Shovel":3,"counters":[30,132],"Gambling Chip":[17],"Whetstone":["CutThroughFate","FlurryOfBlows"],"Kunai":[9],"obtain_stats":[{"ReplayFunnel":21,"Golden Egg":45,"Regal Pillow":44,"hubris:CrystalStatue":9,"Blue Doll":32,"Whetstone":20,"Replay:Mystery Machine":37,"Pet Ghost":11,"Replay:Wanted Poster":34,"Shovel":0,"hubris:Icosahedron":4,"HornCleat":23,"Gambling Chip":47,"Strawberry":54,"Iron Hammer":13,"Kunai":52,"Replay:Bottled Eggs":43,"Replay:Drink Me":17,"Potion Belt":40,"Lee\u0027s Waffle":45,"Frozen Egg 2":48,"Replay:Baseball":15,"Pondfish Scales":27,"Anchor":45,"Orrery":38,"ReplayTheSpireMod:TigerMarble":0,"Snack Pack":6,"Garlic":30,"PureWater":0,"ReplayTheSpireMod:Lightbulb":53},{"ReplayFunnel":12,"Golden Egg":25,"Regal Pillow":25,"hubris:CrystalStatue":5,"Blue Doll":17,"Whetstone":12,"Replay:Mystery Machine":20,"Pet Ghost":6,"Replay:Wanted Poster":18,"Shovel":0,"hubris:Icosahedron":2,"HornCleat":13,"Gambling Chip":26,"Strawberry":29,"Iron Hammer":8,"Kunai":28,"Replay:Bottled Eggs":24,"Replay:Drink Me":10,"Potion Belt":22,"Lee\u0027s Waffle":25,"Frozen Egg 2":27,"Replay:Baseball":9,"Pondfish Scales":15,"Anchor":25,"Orrery":20,"ReplayTheSpireMod:TigerMarble":0,"Snack Pack":4,"Garlic":16,"PureWater":0,"ReplayTheSpireMod:Lightbulb":28},{"ReplayFunnel":40,"Golden Egg":101,"Regal Pillow":101,"hubris:CrystalStatue":14,"Blue Doll":59,"Whetstone":40,"Replay:Mystery Machine":73,"Pet Ghost":21,"Replay:Wanted Poster":65,"Shovel":0,"hubris:Icosahedron":4,"HornCleat":43,"Gambling Chip":105,"Strawberry":124,"Iron Hammer":27,"Kunai":119,"Replay:Bottled Eggs":95,"Replay:Drink Me":35,"Potion Belt":86,"Lee\u0027s Waffle":101,"Frozen Egg 2":110,"Replay:Baseball":29,"Pondfish Scales":51,"Anchor":101,"Orrery":73,"ReplayTheSpireMod:TigerMarble":0,"Snack Pack":12,"Garlic":55,"PureWater":0,"ReplayTheSpireMod:Lightbulb":119}]},"card_choices":[{"not_picked":["Fasting2","CrushJoints"],"picked":"FollowUp","floor":1},{"not_picked":["WindmillStrike","FollowUp"],"picked":"FearNoEvil","floor":2},{"not_picked":["Evaluate","Prostrate"],"picked":"InnerPeace","floor":5},{"not_picked":["InnerPeace","ConjureBlade","Protect"],"picked":"SKIP","floor":6},{"not_picked":["EmptyBody","FollowUp"],"picked":"Sanctity","floor":8},{"not_picked":["FollowUp","Perseverance"],"picked":"CutThroughFate","floor":11},{"not_picked":["Replay:AtTheReady","DeusExMachina"],"picked":"CutThroughFate","floor":12},{"not_picked":["Brilliance","Study"],"picked":"ClearTheMind","floor":13},{"not_picked":["Swivel","Replay:AtTheReady"],"picked":"ThirdEye","floor":14},{"not_picked":["MasterReality","Brilliance"],"picked":"DevaForm","floor":16},{"not_picked":["Weave","EmptyBody"],"picked":"Halt+1","floor":18},{"not_picked":["EmptyFist","ClearTheMind","Replay:Cycle"],"picked":"SKIP","floor":19},{"not_picked":["Meditate","Replay:BluntJabs"],"picked":"Establishment","floor":23},{"not_picked":["FlyingSleeves","Study"],"picked":"Replay:Vibes+1","floor":25},{"not_picked":["EmptyBody","Replay:LoomingThreat","Halt"],"picked":"SKIP","floor":27},{"not_picked":["SpiritShield","LessonLearned"],"picked":"Wish","floor":29},{"not_picked":["WaveOfTheHand","Study","FollowUp"],"picked":"SKIP","floor":30},{"not_picked":["DeceiveReality","EmptyBody"],"picked":"Wish","floor":31},{"not_picked":["Judgement","Devotion"],"picked":"Vault","floor":33},{"not_picked":["Replay:ManipulateFuture","Evaluate+1"],"picked":"CutThroughFate+1","floor":35},{"not_picked":["EmptyFist","Protect"],"picked":"Sanctity+1","floor":36},{"not_picked":["Replay:AtTheReady","ThirdEye"],"picked":"Fasting2+1","floor":38},{"not_picked":["FlyingSleeves+1","Scrawl"],"picked":"TalkToTheHand","floor":38},{"not_picked":["Replay:AtTheReady","Weave+1"],"picked":"Wallop+1","floor":38},{"not_picked":["JustLucky","FlurryOfBlows+1"],"picked":"Wish","floor":38},{"not_picked":["Replay:BluntJabs+1","Prostrate+1"],"picked":"DeusExMachina","floor":38},{"not_picked":["Replay:BluntJabs","Swivel+1"],"picked":"ThirdEye+1","floor":39},{"not_picked":["BowlingBash+1","CarveReality+1","EmptyBody"],"picked":"SKIP","floor":40},{"not_picked":["FollowUp","FlurryOfBlows+1"],"picked":"Crescendo+1","floor":41},{"not_picked":["Weave","BowlingBash+1"],"picked":"Wireheading+1","floor":42},{"not_picked":["BowlingBash","Crescendo+1"],"picked":"Scrawl","floor":44},{"not_picked":["FlyingSleeves","Protect","Replay:BluntJabs"],"picked":"SKIP","floor":46},{"not_picked":["Evaluate","Replay:BluntJabs"],"picked":"FlyingSleeves+1","floor":48},{"not_picked":["Study+1","Replay:ManipulateFuture"],"picked":"EmptyMind+1","floor":54}],"player_experience":70435,"relics_obtained":[{"floor":6,"key":"Snack Pack"},{"floor":9,"key":"hubris:CrystalStatue"},{"floor":11,"key":"Pet Ghost"},{"floor":13,"key":"Iron Hammer"},{"floor":15,"key":"Replay:Baseball"},{"floor":20,"key":"Whetstone"},{"floor":23,"key":"HornCleat"},{"floor":27,"key":"Pondfish Scales"},{"floor":30,"key":"Garlic"},{"floor":32,"key":"Blue Doll"},{"floor":37,"key":"Replay:Mystery Machine"},{"floor":40,"key":"Potion Belt"},{"floor":43,"key":"Replay:Bottled Eggs"},{"floor":44,"key":"Regal Pillow"},{"floor":48,"key":"Frozen Egg 2"},{"floor":52,"key":"Kunai"},{"floor":54,"key":"Strawberry"}],"event_choices":[{"damage_healed":0,"gold_gain":0,"cards_transformed":["Strike_P"],"player_choice":"Change","damage_taken":0,"max_hp_gain":0,"max_hp_loss":0,"event_name":"Living Wall","floor":3,"gold_loss":0,"cards_obtained":["Study"]},{"cards_removed":["Strike_P"],"damage_healed":0,"gold_gain":0,"player_choice":"Purged","damage_taken":0,"max_hp_gain":0,"max_hp_loss":0,"event_name":"Purifier","floor":10,"gold_loss":0}],"is_beta":false,"boss_relics":[{"not_picked":["Tiny House","SacredBark"],"picked":"Replay:Drink Me"},{"not_picked":["Kintsugi","Velvet Choker"],"picked":"Replay:Wanted Poster"}],"items_purged_floors":[0,21],"is_endless":false,"potions_floor_spawned":[2,8,11,13,14,19,31,36,42,48],"ascension_level":2}}