{"host":"f9ntswufr8mq3t4y","time":1614268299,"event":{"mods":["AchievementEnabler","BaseMod","Best Route Mod","Block Reminder","Colored Map","Colored Powertips","Curses Come First","DeckTracker","Displayed Cursed Tome","Highlight Path","Minty Spire (QoL Compilation)","Permanent Neow","Quick Restart","Slay-I","StSLib"],"gold_per_floor":[359,78,91,91,105,131,131,147,172,172,172,196,48,63,63,193,193,213,213,213,234,78,121,121,140,220,135,158,158,193,193,193,324,324,338,120,143,143,143],"floor_reached":38,"language":"ENG","playtime":1679,"items_purged":["Defend_B"],"score":563,"play_id":"c1da9f96-acf8-490e-9784-589de496b2f8","local_time":"20210225185139","is_ascension_mode":true,"campfire_choices":[{"floor":7.0,"key":"REST"},{"data":"Dualcast","floor":10.0,"key":"SMITH"},{"floor":15.0,"key":"REST"},{"data":"Rainbow","floor":24.0,"key":"SMITH"},{"data":"Self Repair","floor":29.0,"key":"SMITH"},{"floor":32.0,"key":"REST"}],"circlet_count":0,"master_deck":["Defend_B","Defend_B","Defend_B","Zap","Dualcast+1","Auto Shields","Self Repair+1","Static Discharge","Static Discharge","Conserve Battery","Electrodynamics","Auto Shields+1","Rainbow+1","BootSequence","Capacitor","Conserve Battery","Rainbow","Conserve Battery+1","Conserve Battery"],"relics":["Cracked Core","Letter Opener","Orichalcum","Potion Belt","Golden Idol","Anchor","SlaversCollar","DollysMirror","Pen Nib","Darkstone Periapt","Ice Cream","Dream Catcher","Smiling Mask","Inserter","DataDisk"],"acts_visited":["Exordium","TheCity","TheBeyond"],"potions_floor_usage":[37,38],"damage_taken":[{"damage":2.0,"enemies":"Jaw Worm","floor":1.0,"turns":3.0},{"damage":3.0,"enemies":"Small Slimes","floor":3.0,"turns":3.0},{"damage":1.0,"enemies":"Cultist","floor":5.0,"turns":4.0},{"damage":19.0,"enemies":"3 Sentries","floor":6.0,"turns":7.0},{"damage":11.0,"enemies":"3 Louse","floor":8.0,"turns":3.0},{"damage":11.0,"enemies":"Blue Slaver","floor":12.0,"turns":3.0},{"damage":4.0,"enemies":"Exordium Thugs","floor":14.0,"turns":5.0},{"damage":26.0,"enemies":"Hexaghost","floor":16.0,"turns":10.0},{"damage":17.0,"enemies":"Spheric Guardian","floor":18.0,"turns":4.0},{"damage":7.0,"enemies":"Shell Parasite","floor":21.0,"turns":8.0},{"damage":6.0,"enemies":"Gremlin Leader","floor":23.0,"turns":5.0},{"damage":0.0,"enemies":"Centurion and Healer","floor":25.0,"turns":7.0},{"damage":15.0,"enemies":"Sentry and Sphere","floor":28.0,"turns":6.0},{"damage":48.0,"enemies":"Slavers","floor":30.0,"turns":4.0},{"damage":33.0,"enemies":"Automaton","floor":33.0,"turns":11.0},{"damage":21,"enemies":"Orb Walker","floor":35,"turns":5},{"damage":21,"enemies":"3 Darklings","floor":37,"turns":3},{"damage":29,"enemies":"Transient","floor":38,"turns":5}],"seed_played":"-6858590044418202857","potions_obtained":[{"floor":1.0,"key":"EssenceOfSteel"},{"floor":3.0,"key":"PowerPotion"},{"floor":5.0,"key":"Dexterity Potion"},{"floor":12.0,"key":"Dexterity Potion"},{"floor":16.0,"key":"EssenceOfDarkness"},{"floor":18.0,"key":"Swift Potion"},{"floor":25.0,"key":"FearPotion"},{"floor":30.0,"key":"Weak Potion"}],"is_trial":false,"path_per_floor":["M","$","M","?","M","E","R","M","T","R","?","M","$","M","R","B",null,"M","?","?","M","$","E","R","M","T","?","M","R","E","?","R","B",null,"M","$","M","M"],"character_chosen":"DEFECT","items_purchased":["Letter Opener","Self Repair","Anchor","DollysMirror","DataDisk","Conserve Battery"],"campfire_rested":3,"item_purchase_floors":[2,2,13,22,36,36],"current_hp_per_floor":[48,48,52,45,51,39,61,57,57,57,39,35,35,38,60,41,67,50,50,50,50,50,51,51,58,58,58,50,50,12,12,34,11,59,48,48,27,0,0],"gold":143,"neow_bonus":"TWO_FIFTY_GOLD","is_daily":false,"chose_seed":false,"campfire_upgraded":3,"win_rate":0.0,"timestamp":1614268299,"path_taken":["M","$","M","?","M","E","R","M","T","R","?","?","?","M","R","BOSS","M","?","?","?","$","E","R","M","T","?","M","R","E","?","R","BOSS","M","?","?","M"],"items_purchased_type":["Relic","Card","Relic","Relic","Relic","Card"],"build_version":"2020-12-22","purchased_purges":1,"victory":false,"max_hp_per_floor":[75,75,75,75,75,75,75,75,75,75,75,75,75,75,75,75,75,75,75,75,75,75,75,75,75,75,75,75,75,75,75,75,75,75,75,75,75,75,75],"card_choices":[{"not_picked":["Steam","Gash"],"picked":"Auto Shields","floor":1.0},{"not_picked":["Compile Driver","Consume"],"picked":"Static Discharge","floor":3.0},{"not_picked":["Coolheaded","Hologram","Stack"],"picked":"SKIP","floor":5.0},{"not_picked":["Storm","Recycle"],"picked":"Static Discharge","floor":6.0},{"not_picked":["Streamline","Coolheaded","Stack"],"picked":"SKIP","floor":8.0},{"not_picked":["Barrage","All For One","Aggregate"],"picked":"SKIP","floor":12.0},{"not_picked":["Hologram","Undo"],"picked":"Conserve Battery","floor":14.0},{"not_picked":["Creative AI","Fission"],"picked":"Electrodynamics","floor":16.0},{"not_picked":["Stack","Glacier"],"picked":"Auto Shields+1","floor":18.0},{"not_picked":["Go for the Eyes+1","Turbo"],"picked":"Conserve Battery","floor":21.0},{"not_picked":["Ball Lightning","Barrage","Consume"],"picked":"SKIP","floor":23.0},{"not_picked":["Hologram","Steam Power"],"picked":"Conserve Battery+1","floor":25.0},{"not_picked":["Barrage","Cold Snap","Stack"],"picked":"SKIP","floor":28.0},{"not_picked":["Leap","Cold Snap","Turbo"],"picked":"SKIP","floor":30.0},{"not_picked":["Storm","Beam Cell","Go for the Eyes+1"],"picked":"SKIP","floor":35},{"not_picked":["Melter+1","Rebound+1","Beam Cell+1"],"picked":"SKIP","floor":37}],"player_experience":466795,"relics_obtained":[{"floor":6.0,"key":"Orichalcum"},{"floor":9.0,"key":"Potion Belt"},{"floor":23.0,"key":"Pen Nib"},{"floor":26.0,"key":"Darkstone Periapt"},{"floor":30.0,"key":"Dream Catcher"},{"floor":31.0,"key":"Smiling Mask"}],"event_choices":[{"cards_removed":["Strike_B"],"damage_healed":0.0,"max_hp_gain":0.0,"max_hp_loss":0.0,"gold_gain":0.0,"event_name":"Golden Wing","player_choice":"Card Removal","floor":4.0,"gold_loss":0.0,"damage_taken":7.0},{"damage_healed":0.0,"max_hp_gain":0.0,"max_hp_loss":0.0,"gold_gain":0.0,"event_name":"Golden Idol","player_choice":"Take Damage","floor":11.0,"gold_loss":0.0,"damage_taken":18.0,"relics_obtained":["Golden Idol"]},{"damage_healed":0.0,"max_hp_gain":0.0,"max_hp_loss":0.0,"gold_gain":0.0,"cards_transformed":["Strike_B","Strike_B"],"event_name":"Drug Dealer","player_choice":"Became Test Subject","floor":19.0,"gold_loss":0.0,"damage_taken":0.0,"cards_obtained":["Rainbow","BootSequence"]},{"damage_healed":0.0,"max_hp_gain":0.0,"max_hp_loss":0.0,"gold_gain":0.0,"cards_transformed":["Strike_B"],"event_name":"Transmorgrifier","player_choice":"Transformed","floor":20.0,"gold_loss":0.0,"damage_taken":0.0,"cards_obtained":["Capacitor"]},{"damage_healed":0.0,"max_hp_gain":0.0,"max_hp_loss":0.0,"gold_gain":0.0,"event_name":"Addict","player_choice":"Obtained Relic","floor":27.0,"gold_loss":85.0,"damage_taken":0.0,"relics_obtained":["Ice Cream"]},{"damage_healed":0.0,"max_hp_gain":0.0,"max_hp_loss":0.0,"gold_gain":0.0,"event_name":"Wheel of Change","player_choice":"Relic","floor":31.0,"gold_loss":0.0,"damage_taken":0.0}],"is_beta":false,"boss_relics":[{"not_picked":["Snecko Eye","SacredBark"],"picked":"SlaversCollar"},{"not_picked":["Tiny House","Runic Dome"],"picked":"Inserter"}],"items_purged_floors":[36],"is_endless":false,"potions_floor_spawned":[1,3,5,12,16,18,25,30],"killed_by":"Transient","ascension_level":6}}