{"host":"41yb08u5hvoqx9xd","time":1614282167,"event":{"mods":["BaseMod","Minty Spire (QoL Compilation)","Relic Stats"],"gold_per_floor":[109,109,127,127,127,127,152,214,214,233,252,272,272,305,305,379,379,390,402,29,29,48,48,78,78,104,133,133,133,145,164,164,238,238,257,272,286,311,323,323,357,357,380,405,422,422,15,15,15,15],"floor_reached":51,"language":"ENG","playtime":7907,"items_purged":["Defend_P"],"score":1517,"play_id":"6f2deb1b-a41f-4222-8e1a-d2879e5a0b98","local_time":"20210225144247","is_ascension_mode":true,"campfire_choices":[{"data":"WheelKick","floor":6,"key":"SMITH"},{"data":"Brilliance","floor":13,"key":"SMITH"},{"data":"CrushJoints","floor":15,"key":"SMITH"},{"data":"Dramatic Entrance","floor":23,"key":"SMITH"},{"data":"Consecrate","floor":29,"key":"SMITH"},{"floor":32,"key":"REST"},{"floor":40,"key":"REST"},{"data":"Vengeance","floor":42,"key":"SMITH"},{"data":"Crescendo","floor":46,"key":"SMITH"},{"data":"EmptyMind","floor":49,"key":"SMITH"}],"circlet_count":0,"master_deck":["AscendersBane","Defend_P","Defend_P","Defend_P","Eruption+1","Vigilance+1","Dramatic Entrance+1","WheelKick+1","ClearTheMind+1","Vengeance+1","EmptyMind+1","Brilliance+1","CrushJoints+1","Halt","Wallop","DeusExMachina","Bite","Bite","Bite","Bite","Bite","Consecrate+1","SandsOfTime","FollowUp+1","Pray","Crescendo+1","Adaptation+1","Wireheading+1"],"relics":["PureWater","HornCleat","The Courier","Lantern","Mercury Hourglass","Omamori","Busted Crown","Toy Ornithopter","Ginger","Centennial Puzzle","Damaru","Red Mask","Enchiridion","Cursed Key","Unceasing Top","Orichalcum","Bag of Marbles","Frozen Egg 2","Kunai"],"acts_visited":["Exordium","TheCity","TheBeyond"],"potions_floor_usage":[16,22,27,50,50],"damage_taken":[{"damage":0,"enemies":"Small Slimes","floor":1,"turns":2},{"damage":0,"enemies":"2 Louse","floor":3,"turns":1},{"damage":5,"enemies":"3 Sentries","floor":7,"turns":6},{"damage":0,"enemies":"Gremlin Nob","floor":8,"turns":3},{"damage":0,"enemies":"Cultist","floor":10,"turns":3},{"damage":5,"enemies":"Exordium Thugs","floor":11,"turns":3},{"damage":0,"enemies":"Blue Slaver","floor":12,"turns":1},{"damage":0,"enemies":"Gremlin Nob","floor":14,"turns":3},{"damage":7,"enemies":"The Guardian","floor":16,"turns":9},{"damage":0,"enemies":"Chosen","floor":18,"turns":2},{"damage":0,"enemies":"Spheric Guardian","floor":19,"turns":3},{"damage":16,"enemies":"Shelled Parasite and Fungi","floor":22,"turns":3},{"damage":0,"enemies":"Gremlin Leader","floor":24,"turns":3},{"damage":0,"enemies":"Masked Bandits","floor":27,"turns":3},{"damage":0,"enemies":"Chosen and Byrds","floor":30,"turns":3},{"damage":5,"enemies":"3 Cultists","floor":31,"turns":3},{"damage":15,"enemies":"Champ","floor":33,"turns":5},{"damage":9,"enemies":"3 Shapes","floor":35,"turns":6},{"damage":3,"enemies":"Orb Walker","floor":36,"turns":2},{"damage":47,"enemies":"Transient","floor":37,"turns":6},{"damage":3,"enemies":"Mind Bloom Boss Battle","floor":38,"turns":7},{"damage":0,"enemies":"Sphere and 2 Shapes","floor":39,"turns":3},{"damage":0,"enemies":"Giant Head","floor":41,"turns":4},{"damage":0,"enemies":"Reptomancer","floor":44,"turns":3},{"damage":0,"enemies":"Jaw Worm Horde","floor":45,"turns":2},{"damage":35,"enemies":"Awakened One","floor":50,"turns":6}],"seed_played":"2887162645505506293","potions_obtained":[{"floor":1,"key":"Dexterity Potion"},{"floor":10,"key":"SkillPotion"},{"floor":18,"key":"SkillPotion"},{"floor":24,"key":"PowerPotion"},{"floor":30,"key":"SpeedPotion"},{"floor":48,"key":"Swift Potion"}],"is_trial":false,"path_per_floor":["M","?","M","?","?","R","E","?","T","M","M","M","R","E","R","B",null,"M","M","$","?","M","R","E","?","T","?","?","R","M","M","R","B",null,"M","M","M","?","M","R","E","R","T","E","M","R","$","?","R","B",null],"character_chosen":"WATCHER","items_purchased":["Toy Ornithopter","Ginger","Kunai","Adaptation+1","Wireheading+1"],"campfire_rested":2,"item_purchase_floors":[20,20,47,47,47],"current_hp_per_floor":[61,56,56,56,36,36,31,31,31,31,26,26,26,26,26,19,56,56,56,56,56,45,45,45,45,45,47,26,26,36,37,47,41,46,38,43,10,23,33,47,47,47,47,47,47,47,47,47,47,31],"gold":15,"neow_bonus":"RANDOM_COLORLESS","is_daily":false,"chose_seed":false,"campfire_upgraded":8,"win_rate":0.0,"timestamp":1614282167,"path_taken":["M","?","M","?","?","R","E","?","T","M","M","M","R","E","R","BOSS","M","M","$","?","M","R","E","?","T","?","?","R","M","M","R","BOSS","M","M","M","?","M","R","E","R","T","E","M","R","$","?","R","BOSS"],"items_purchased_type":["Relic","Relic","Relic","Card","Card"],"build_version":"2020-12-22","purchased_purges":1,"victory":true,"max_hp_per_floor":[68,68,68,68,68,68,68,68,68,68,68,68,68,68,68,68,68,68,68,68,68,68,68,68,47,47,47,47,47,47,47,47,47,47,47,47,47,47,47,47,47,47,47,47,47,47,47,47,47,47],"relic_stats":{"Centennial Puzzle":[21],"Busted Crown":32,"counters":[26,94],"Ginger":[11],"Kunai":[8],"Orichalcum":[6],"Cursed Key":1,"obtain_stats":[{"Lantern":8,"Damaru":26,"Enchiridion":28,"The Courier":7,"Omamori":14,"Ginger":20,"Orichalcum":41,"Frozen Egg 2":44,"Cursed Key":34,"Mercury Hourglass":9,"Centennial Puzzle":24,"HornCleat":2,"Busted Crown":17,"Red Mask":27,"Bag of Marbles":43,"Kunai":47,"PureWater":0,"Toy Ornithopter":20,"Unceasing Top":38},{"Lantern":4,"Damaru":13,"Enchiridion":14,"The Courier":3,"Omamori":8,"Ginger":11,"Orichalcum":23,"Frozen Egg 2":24,"Cursed Key":17,"Mercury Hourglass":4,"Centennial Puzzle":13,"HornCleat":1,"Busted Crown":9,"Red Mask":14,"Bag of Marbles":23,"Kunai":25,"PureWater":0,"Toy Ornithopter":11,"Unceasing Top":21},{"Lantern":12,"Damaru":42,"Enchiridion":45,"The Courier":9,"Omamori":22,"Ginger":36,"Orichalcum":83,"Frozen Egg 2":86,"Cursed Key":56,"Mercury Hourglass":12,"Centennial Puzzle":42,"HornCleat":2,"Busted Crown":31,"Red Mask":45,"Bag of Marbles":83,"Kunai":88,"PureWater":0,"Toy Ornithopter":36,"Unceasing Top":76}],"Toy Ornithopter":8,"Unceasing Top":[7],"Mercury Hourglass":[325]},"card_choices":[{"not_picked":["Flash of Steel","Panacea"],"picked":"Dramatic Entrance","floor":0},{"not_picked":["BowlingBash","PathToVictory"],"picked":"WheelKick","floor":1},{"not_picked":["Perseverance","JustLucky"],"picked":"ClearTheMind","floor":3},{"not_picked":["Prostrate","Pray"],"picked":"Vengeance","floor":7},{"not_picked":["PathToVictory","Evaluate"],"picked":"EmptyMind","floor":8},{"not_picked":["PathToVictory","FollowUp"],"picked":"Brilliance","floor":10},{"not_picked":["SandsOfTime","SashWhip"],"picked":"CrushJoints","floor":11},{"not_picked":["EmptyBody","DeceiveReality"],"picked":"Halt","floor":12},{"not_picked":["EmptyMind","JustLucky"],"picked":"Wallop","floor":14},{"not_picked":["Blasphemy","ConjureBlade"],"picked":"DeusExMachina","floor":16},{"not_picked":["Halt"],"picked":"SKIP","floor":18},{"not_picked":["Prostrate"],"picked":"SKIP","floor":19},{"not_picked":["CarveReality"],"picked":"SKIP","floor":22},{"not_picked":["CrushJoints"],"picked":"SKIP","floor":24},{"not_picked":[],"picked":"Consecrate","floor":27},{"not_picked":["BattleHymn"],"picked":"SKIP","floor":30},{"not_picked":["ThirdEye"],"picked":"SKIP","floor":31},{"not_picked":["SignatureMove"],"picked":"SKIP","floor":35},{"not_picked":[],"picked":"SandsOfTime","floor":36},{"not_picked":[],"picked":"FollowUp+1","floor":37},{"not_picked":[],"picked":"Pray","floor":38},{"not_picked":["Prostrate"],"picked":"SKIP","floor":39},{"not_picked":["Evaluate"],"picked":"SKIP","floor":41},{"not_picked":[],"picked":"Crescendo","floor":44},{"not_picked":["SashWhip"],"picked":"SKIP","floor":45}],"player_experience":646169,"relics_obtained":[{"floor":7,"key":"The Courier"},{"floor":8,"key":"Lantern"},{"floor":9,"key":"Mercury Hourglass"},{"floor":14,"key":"Omamori"},{"floor":24,"key":"Centennial Puzzle"},{"floor":26,"key":"Damaru"},{"floor":27,"key":"Red Mask"},{"floor":28,"key":"Enchiridion"},{"floor":38,"key":"Unceasing Top"},{"floor":41,"key":"Orichalcum"},{"floor":43,"key":"Bag of Marbles"},{"floor":44,"key":"Frozen Egg 2"}],"event_choices":[{"damage_healed":0,"gold_gain":0,"player_choice":"Success","damage_taken":5,"relics_obtained":["HornCleat"],"max_hp_gain":0,"max_hp_loss":0,"event_name":"Scrap Ooze","floor":2,"gold_loss":0},{"damage_healed":0,"gold_gain":0,"player_choice":"Grow","damage_taken":0,"max_hp_gain":0,"max_hp_loss":0,"event_name":"Living Wall","floor":4,"gold_loss":0,"cards_upgraded":["Eruption"]},{"damage_healed":0,"gold_gain":0,"player_choice":"Entered Light","damage_taken":20,"max_hp_gain":0,"max_hp_loss":0,"event_name":"Shining Light","floor":5,"gold_loss":0,"cards_upgraded":["Vigilance","ClearTheMind"]},{"damage_healed":0,"gold_gain":0,"player_choice":"Searched \u00271\u0027 times","damage_taken":0,"max_hp_gain":0,"max_hp_loss":0,"event_name":"Dead Adventurer","floor":8,"gold_loss":0},{"damage_healed":0,"gold_gain":0,"player_choice":"Ignored","damage_taken":0,"max_hp_gain":0,"max_hp_loss":0,"event_name":"The Mausoleum","floor":21,"gold_loss":0},{"damage_healed":0,"gold_gain":0,"player_choice":"Became a vampire","damage_taken":0,"max_hp_gain":0,"max_hp_loss":21,"event_name":"Vampires","floor":25,"gold_loss":0,"cards_obtained":["Bite","Bite","Bite","Bite","Bite"]},{"damage_healed":0,"gold_gain":0,"player_choice":"Fought Bandits","damage_taken":0,"max_hp_gain":0,"max_hp_loss":0,"event_name":"Masked Bandits","floor":27,"gold_loss":0},{"damage_healed":0,"gold_gain":0,"player_choice":"Obtained Book","damage_taken":21,"max_hp_gain":0,"max_hp_loss":0,"event_name":"Cursed Tome","floor":28,"gold_loss":0},{"damage_healed":0,"gold_gain":0,"player_choice":"Fight","damage_taken":0,"max_hp_gain":0,"max_hp_loss":0,"event_name":"MindBloom","floor":38,"gold_loss":0},{"damage_healed":0,"gold_gain":0,"player_choice":"Got Potions","damage_taken":0,"max_hp_gain":0,"max_hp_loss":0,"event_name":"Lab","floor":48,"gold_loss":0}],"is_beta":false,"boss_relics":[{"not_picked":["Calling Bell","Philosopher\u0027s Stone"],"picked":"Busted Crown"},{"not_picked":["Sozu","Astrolabe"],"picked":"Cursed Key"}],"items_purged_floors":[47],"is_endless":false,"potions_floor_spawned":[1,10,12,18,24,30,33,35,36,44],"ascension_level":18}}