{"host":"1zulhgfop6judopi","time":1614216628,"event":{"mods":["2.2 Compatiblity","Act Like it!","Aspiration","BaseMod","Beaked The Cultist","Better Altar","Better Match","Better Note","Better Sensory Stone","Better Skull","Better Synergies","Better Third Choice","Card Forge","Communication Mod","Conspire","Defuse TimeMaze Blight","Displayed Cursed Tome","Downfall","Elementarium","Friendly Minions","GifTheSpireLib","GungeonMod","Halation","HexUI Lib","Hubris","Humility","Hyrulean Relics","Infinite Spire","Ironclad Rager","Marked Mod","Menagerie","Minty Spire (QoL Compilation)","MostiFishMod","Quick Restart","Relic Filter","Relic Sorter","Replay The Spire","SacredBarkPlus","Small Relic Pack","Spicy Shops","Spikes Relics","Spire Exporter","StSLib","Stuff the Spire","Synergy Search","The Bladedancer","The Blue Laboratory","Trackpad","Transform Curses","Uncapped","UnlockEverythingMod","Virulent Crown"],"gold_per_floor":[118,118,118,18,18,18,51,67,67,67,67,41,51,8,8,8,8],"floor_reached":16,"language":"ENG","playtime":334,"items_purged":["Regret"],"score":191,"play_id":"5b2fc959-1995-4656-8af0-666c3024acf0","local_time":"20210224203028","daily_mods":["Heirloom","Time Dilation","Flight","Elite Swarm","Lethality"],"is_ascension_mode":true,"campfire_choices":[{"data":"Eruption","floor":6,"key":"SMITH"},{"data":"ForeignInfluence","floor":10,"key":"SMITH"},{"floor":15,"key":"REST"}],"circlet_count":0,"master_deck":["Strike_P","Strike_P","Strike_P","Strike_P","Defend_P","Defend_P","Defend_P","Defend_P","Eruption+1","Vigilance+1","Eruption+1","ForeignInfluence+1","MostiFishMod:StarWish+1","WindmillStrike","Replay:BluntJabs","Worship+1"],"relics":["PureWater","Hammer of Thor","Seething Fire","Anvil of the Gods","DaveBox","Jackal-EndForJourney","BlackRope","SynthV:TestCard","Membership Card","Toxic Egg 2","zeldaRelics:CouragePiece","Spirit Poop"],"acts_visited":["Exordium"],"potions_floor_usage":[],"damage_taken":[{"damage":2,"enemies":"Small Slimes","floor":1,"turns":2},{"damage":25,"enemies":"Lagavulin","floor":7,"turns":4},{"damage":12,"enemies":"Jaw Worm","floor":8,"turns":3},{"damage":0,"enemies":"Cultist","floor":13,"turns":2},{"damage":45,"enemies":"The Guardian","floor":16,"turns":2}],"seed_played":"-2188435651013146475","potions_obtained":[{"floor":7,"key":"sneckomod:MuddlingPotion"},{"floor":8,"key":"Explosive Potion"}],"is_trial":true,"path_per_floor":["M","?","?","$","?","R","E","M","T","R","?","$","M","?","R","B"],"character_chosen":"WATCHER","items_purchased":["Membership Card","Replay:BluntJabs"],"campfire_rested":1,"item_purchase_floors":[4,12],"current_hp_per_floor":[59,59,59,59,59,59,34,22,22,22,22,22,22,22,42,0,0],"gold":8,"neow_bonus":"","is_daily":false,"chose_seed":false,"campfire_upgraded":2,"win_rate":0.0,"timestamp":1614216628,"path_taken":["M","?","?","?","?","R","E","?","T","R","?","$","?","?","R","BOSS"],"items_purchased_type":["Relic","Card"],"build_version":"2020-12-22","purchased_purges":1,"victory":false,"max_hp_per_floor":[68,68,68,68,68,68,68,68,68,68,68,68,68,68,68,68,68],"card_choices":[{"not_picked":["Crescendo","SashWhip"],"picked":"ForeignInfluence","floor":1},{"not_picked":["Replay:AllIn+1","Establishment","MostiFishMod:Adaptation","ICR:HungryGhost"],"picked":"MostiFishMod:StarWish+1","floor":7},{"not_picked":["Protect+1","FlyingSleeves","Prostrate+1","ClearTheMind+1"],"picked":"WindmillStrike","floor":8},{"not_picked":["SashWhip","MarkedMod:GentlePulse+1","Evaluate+1","CrushJoints"],"picked":"Worship+1","floor":13}],"player_experience":209997,"relics_obtained":[{"floor":1,"key":"SynthV:TestCard"},{"floor":7,"key":"zeldaRelics:CouragePiece"},{"floor":9,"key":"zeldaRelics:CouragePiece"}],"event_choices":[{"damage_healed":0,"gold_gain":0,"player_choice":"Grow","damage_taken":0,"max_hp_gain":0,"max_hp_loss":0,"event_name":"Living Wall","floor":2,"gold_loss":0,"cards_upgraded":["Eruption"]},{"cards_removed":["Injury"],"damage_healed":0,"gold_gain":0,"player_choice":"Offered Curse","damage_taken":0,"relics_obtained":["Spirit Poop"],"max_hp_gain":0,"max_hp_loss":0,"event_name":"Bonfire Elementals","floor":11,"gold_loss":0},{"damage_healed":0,"gold_gain":0,"player_choice":"Left","damage_taken":0,"max_hp_gain":0,"max_hp_loss":0,"event_name":"betterThird:BetterGoop","floor":14,"gold_loss":43}],"is_beta":false,"boss_relics":[],"items_purged_floors":[4],"is_endless":false,"potions_floor_spawned":[7,8],"killed_by":"The Guardian","ascension_level":20,"is_humility":true}}