{"host":"0cm5wy4nhuju7tij","time":1614230907,"event":{"mods":["2.2 Compatiblity","AchievementEnabler","BaseMod","Better Third Choice","BetterRewards","Colored Powertips","Curses Come First","Custom Start","Displayed Cursed Tome","Downfall","Energized Spire","Evolution","Filter the Spire","Fireblade Mod","Highlight Path","Jess\u0027s Bottle","Minty Spire (QoL Compilation)","Permanent Neow","Poor People Problems","Relic Filter Mod","Relic Stats","Shop Mod","Spicy Shops","StSLib","The Cursed","The Servant 0.9.4","The Valiant","TheSwordswoman","TheVacant","Weighted Paths"],"gold_per_floor":[118,118,136,146,164,198,198,232,259,67,101,101,112,176,176,176,176],"floor_reached":16,"language":"ENG","playtime":951,"items_purged":["theVacant:WhenDarknessComes"],"score":132,"play_id":"7d505910-74a4-47ea-8358-47ce21d45d46","local_time":"20210225002827","is_ascension_mode":true,"campfire_choices":[{"data":"theVacant:VoidEmbrace","floor":7,"key":"SMITH"},{"floor":12,"key":"REST"},{"floor":15,"key":"REST"}],"circlet_count":0,"master_deck":["theVacant:CursedBlast","theVacant:VacantStarterStrike","theVacant:VacantStarterStrike","theVacant:VacantStarterStrike","theVacant:VacantStarterDefend","theVacant:VacantStarterDefend","theVacant:VacantStarterDefend","theVacant:VacantStarterDefend","theVacant:Release","theVacant:Crunch","theVacant:Whip","theVacant:BurdenBreak","theVacant:Anguish","theVacant:Spinshield","theVacant:VoidEmbrace+1","theVacant:GraveWave","theVacant:BurdenBreak","theVacant:EmptyShield","theVacant:GraveDigger"],"relics":["theVacant:BrassGoblet","EVO:Axolotl","NlothsMask","Matryoshka","Smiling Mask","Anchor","Calipers"],"acts_visited":["Exordium"],"potions_floor_usage":[11],"damage_taken":[{"damage":3,"enemies":"2 Louse","floor":1,"turns":2},{"damage":3,"enemies":"Cultist","floor":3,"turns":3},{"damage":7,"enemies":"Jaw Worm","floor":4,"turns":4},{"damage":20,"enemies":"2 Fungi Beasts","floor":5,"turns":4},{"damage":9,"enemies":"Lagavulin","floor":6,"turns":7},{"damage":15,"enemies":"Gremlin Nob","floor":8,"turns":4},{"damage":21,"enemies":"Lagavulin","floor":11,"turns":9},{"damage":11,"enemies":"Exordium Thugs","floor":13,"turns":7},{"damage":44,"enemies":"Hexaghost","floor":16,"turns":11}],"seed_played":"-3972014682330418843","potions_obtained":[{"floor":1,"key":"FearPotion"},{"floor":4,"key":"EssenceOfSteel"},{"floor":5,"key":"CultistPotion"},{"floor":11,"key":"Explosive Potion"}],"is_trial":false,"path_per_floor":["M","?","M","M","M","E","R","E","T","$","E","R","M","?","R","B"],"character_chosen":"THE_VACANT","items_purchased":["theVacant:BurdenBreak"],"campfire_rested":2,"item_purchase_floors":[10],"current_hp_per_floor":[77,77,74,67,47,38,38,23,23,23,2,26,15,15,39,0,0],"gold":176,"neow_bonus":"ONE_RANDOM_RARE_CARD","is_daily":false,"chose_seed":false,"campfire_upgraded":1,"win_rate":0.0,"timestamp":1614230907,"path_taken":["M","?","M","M","M","E","R","E","T","?","E","R","M","?","R","BOSS"],"items_purchased_type":["Card"],"build_version":"2020-12-22","purchased_purges":1,"victory":false,"max_hp_per_floor":[80,80,80,80,80,80,80,80,80,80,80,80,80,80,80,80,80],"relic_stats":{"counters":[9,51],"Smiling Mask":25,"obtain_stats":[{"Anchor":9,"theVacant:BrassGoblet":0,"Matryoshka":6,"Calipers":11,"EVO:Axolotl":0,"Smiling Mask":8,"NlothsMask":2},{"Anchor":6,"theVacant:BrassGoblet":0,"Matryoshka":5,"Calipers":7,"EVO:Axolotl":0,"Smiling Mask":6,"NlothsMask":1},{"Anchor":24,"theVacant:BrassGoblet":0,"Matryoshka":20,"Calipers":33,"EVO:Axolotl":0,"Smiling Mask":24,"NlothsMask":2}]},"card_choices":[{"not_picked":["theVacant:Unearth","theVacant:BattleScars"],"picked":"theVacant:Whip","floor":1},{"not_picked":["theVacant:Barrage","theVacant:Carve"],"picked":"theVacant:BurdenBreak","floor":3},{"not_picked":["theVacant:ReaperStrike","theVacant:GraveWave"],"picked":"theVacant:Anguish","floor":4},{"not_picked":["theVacant:ShriekingBlast","theVacant:BurdenBreak"],"picked":"theVacant:Spinshield","floor":5},{"not_picked":["theVacant:Unearth","theVacant:Cower"],"picked":"theVacant:VoidEmbrace","floor":6},{"not_picked":["theVacant:Recover","theVacant:Whip"],"picked":"theVacant:GraveWave","floor":8},{"not_picked":["theVacant:Dig","theVacant:Whip"],"picked":"theVacant:EmptyShield","floor":11},{"not_picked":["theVacant:CursedBlast","theVacant:EyePoke"],"picked":"theVacant:GraveDigger","floor":13}],"player_experience":456409,"relics_obtained":[{"floor":6,"key":"Matryoshka"},{"floor":8,"key":"Smiling Mask"},{"floor":9,"key":"Anchor"},{"floor":11,"key":"Calipers"}],"event_choices":[{"damage_healed":0,"gold_gain":0,"player_choice":"Trade","damage_taken":0,"relics_obtained":["NlothsMask"],"max_hp_gain":0,"max_hp_loss":0,"event_name":"FaceTrader","floor":2,"gold_loss":0},{"damage_healed":0,"gold_gain":64,"player_choice":"Gained Gold","damage_taken":0,"max_hp_gain":0,"max_hp_loss":0,"event_name":"Golden Wing","floor":14,"gold_loss":0}],"is_beta":false,"boss_relics":[],"items_purged_floors":[10],"is_endless":false,"potions_floor_spawned":[1,4,5,11],"killed_by":"Hexaghost","ascension_level":2}}