{"host":"aovbmu76o5toxav1","time":1614291543,"event":{"mods":["BaseMod","Jorbs\u0027s Wanderer Trilogy","Marisa????????","Minty Spire (QoL Compilation)","StSLib","The Bug Knight","The Servant 0.9.4"],"gold_per_floor":[112,132,132,152,152,152,184,25,25,40,71,96,96,115,115,215,215,226,237,252,272,187,216,216,242,310,310,325,325,72,100,100,198,198,209,228,450,463,476,476,495,523,549,577,501,516,516,534,534,534,534,534,23,52,52],"floor_reached":56,"language":"ENG","playtime":5604,"items_purged":["Strike_S"],"score":1259,"play_id":"abe9fa28-f182-4326-ab34-0d86aac49097","local_time":"20210225171903","is_ascension_mode":false,"campfire_choices":[{"data":"Luminosity","floor":6,"key":"SMITH"},{"floor":13,"key":"REST"},{"floor":15,"key":"REST"},{"data":"KidneyShot","floor":24,"key":"SMITH"},{"data":"Moondial","floor":27,"key":"SMITH"},{"data":"SilverBlades","floor":29,"key":"SMITH"},{"floor":32,"key":"REST"},{"floor":40,"key":"RECALL"},{"floor":49,"key":"REST"},{"floor":52,"key":"REST"}],"circlet_count":0,"master_deck":["Strike_S+1","Strike_S+1","Defend_S+1","Defend_S+1","Defend_S+1","KidneyShot+1","Exchange+1","Ricochet+1","Moondial+1","GearUp+1","Rearm+1","Luminosity+1","ShiftingGears+1","Foresight+1","Desolation+1","InstantArmor+1","Sunlight+1","Starlight+1","MurderousAura+1","SilverBlades+1","Sabotage+1","Misdirection+1","Desolation+1","DualDimension+1","Deny+1","Initiator+1","Comet+1","BottledTime+1","FloweringNight+1","SilverBlades+1","Alleviate+1","TimeWarp+1","Gouge+1","Rearm+1","Hightail+1","Starlight+1","TimeWarp+1","Moonlight","Solidify"],"relics":["SplendidAttire","Shuriken","Smiling Mask","Ornamental Fan","Bag of Marbles","Regal Pillow","Potion Belt","Red Mask","Kunai","Omamori","Cursed Key","HollowMod:PaleOreRelic","Art of War","Mark of the Bloom","HollowMod:StagPassRelic","Blood Vial"],"acts_visited":["Exordium","TheCity","TheBeyond","TheEnding"],"potions_floor_usage":[7,11,25,44,50,50,55,55,55,55,55],"damage_taken":[{"damage":0,"enemies":"Cultist","floor":1,"turns":3},{"damage":0,"enemies":"2 Louse","floor":2,"turns":2},{"damage":0,"enemies":"Small Slimes","floor":4,"turns":1},{"damage":30,"enemies":"Gremlin Nob","floor":7,"turns":6},{"damage":5,"enemies":"3 Louse","floor":10,"turns":2},{"damage":16,"enemies":"3 Sentries","floor":11,"turns":6},{"damage":0,"enemies":"Exordium Wildlife","floor":14,"turns":1},{"damage":25,"enemies":"The Guardian","floor":16,"turns":14},{"damage":10,"enemies":"Shell Parasite","floor":18,"turns":4},{"damage":7,"enemies":"2 Thieves","floor":19,"turns":3},{"damage":0,"enemies":"Cultist and Chosen","floor":20,"turns":5},{"damage":0,"enemies":"Snake Plant","floor":21,"turns":5},{"damage":16,"enemies":"HollowMod:Nosk","floor":23,"turns":6},{"damage":0,"enemies":"Masked Bandits","floor":25,"turns":5},{"damage":3,"enemies":"Snecko","floor":28,"turns":7},{"damage":24,"enemies":"Book of Stabbing","floor":31,"turns":5},{"damage":10,"enemies":"Automaton","floor":33,"turns":8},{"damage":0,"enemies":"Orb Walker","floor":35,"turns":3},{"damage":3,"enemies":"3 Darklings","floor":36,"turns":3},{"damage":10,"enemies":"Transient","floor":38,"turns":5},{"damage":0,"enemies":"Maw","floor":39,"turns":6},{"damage":0,"enemies":"Writhing Mass","floor":41,"turns":6},{"damage":6,"enemies":"Giant Head","floor":42,"turns":7},{"damage":2,"enemies":"Reptomancer","floor":44,"turns":4},{"damage":0,"enemies":"Transient","floor":46,"turns":5},{"damage":0,"enemies":"3 Darklings","floor":48,"turns":3},{"damage":19,"enemies":"Awakened One","floor":50,"turns":12},{"damage":0,"enemies":"Shield and Spear","floor":54,"turns":4},{"damage":21,"enemies":"The Heart","floor":55,"turns":6}],"seed_played":"3685405328826452019","potions_obtained":[{"floor":2,"key":"Block Potion"},{"floor":14,"key":"CultistPotion"},{"floor":16,"key":"SneckoOil"},{"floor":18,"key":"Energy Potion"},{"floor":19,"key":"Fire Potion"},{"floor":23,"key":"Swift Potion"},{"floor":31,"key":"BlessingOfTheForge"},{"floor":38,"key":"ColorlessPotion"},{"floor":46,"key":"Block Potion"}],"is_trial":false,"path_per_floor":["M","M","?","M","?","R","E","$","T","M","E","T","R","M","R","B",null,"M","M","M","M","?","E","R","?","T","R","M","R","$","E","R","B",null,"M","M","?","M","M","R","M","E","T","E","$","M","?","M","R","B",null,"R","$","E","B",null],"character_chosen":"THE_SERVANT","items_purchased":["Foresight","Desolation","Fire Potion","Initiator","Comet","Strength Potion","EssenceOfSteel","HollowMod:StagPassRelic","Moonlight","Ancient Potion","Fire Potion","Weak Potion"],"campfire_rested":5,"item_purchase_floors":[8,8,8,30,30,30,45,53,53,53,53,53],"current_hp_per_floor":[65,65,58,58,58,58,28,28,28,23,7,7,26,26,45,20,65,55,48,48,48,48,32,32,32,32,32,29,29,29,5,39,29,65,65,62,62,52,52,52,52,46,46,44,44,44,44,44,44,25,25,25,25,25,4],"gold":52,"neow_bonus":"THREE_CARDS","is_daily":false,"chose_seed":false,"campfire_upgraded":4,"win_rate":0.0,"timestamp":1614291543,"path_taken":["M","M","?","M","?","R","E","$","T","?","E","?","R","M","R","BOSS","M","M","M","M","?","E","R","?","T","R","M","R","$","E","R","BOSS","M","M","?","M","M","R","M","E","T","E","$","M","?","M","R","BOSS","R","$","E","BOSS"],"items_purchased_type":["Card","Card","Potion","Card","Card","Potion","Potion","Relic","Card","Potion","Potion","Potion"],"build_version":"2020-12-22","purchased_purges":1,"victory":true,"max_hp_per_floor":[65,65,65,65,65,65,65,65,65,65,65,65,65,65,65,65,65,65,65,65,65,65,65,65,65,65,65,65,65,65,65,65,65,65,65,65,65,65,65,65,65,65,65,65,65,65,65,65,65,65,65,65,65,65,65],"card_choices":[{"not_picked":["Shuttle","GearUp"],"picked":"Ricochet","floor":0},{"not_picked":["Spin","Starlight"],"picked":"Moondial","floor":1},{"not_picked":["Rewind","Unruled"],"picked":"GearUp","floor":2},{"not_picked":["Barrier","Potential"],"picked":"Rearm","floor":4},{"not_picked":["Hightail","FastForward"],"picked":"ShiftingGears","floor":7},{"not_picked":["TimeWarp","Revamp"],"picked":"InstantArmor","floor":10},{"not_picked":["Replace","FanOfKnives"],"picked":"Sunlight","floor":11},{"not_picked":["Unruled","StarChef"],"picked":"Starlight","floor":14},{"not_picked":["PendulumOfEternity","TheWorld"],"picked":"MurderousAura","floor":16},{"not_picked":["Defy","Foresight"],"picked":"SilverBlades","floor":18},{"not_picked":["BottledTime","Starlight"],"picked":"Sabotage","floor":19},{"not_picked":["DoubleEdge","Ricochet"],"picked":"Misdirection","floor":20},{"not_picked":["Shuttle","BestPractice"],"picked":"Desolation","floor":21},{"not_picked":["DoubleEdge+1","Revamp"],"picked":"DualDimension+1","floor":23},{"not_picked":["Defy","SpecialFormula"],"picked":"Deny","floor":25},{"not_picked":["Rearm","FastForward","Ricochet"],"picked":"SKIP","floor":28},{"not_picked":["Replace","Read"],"picked":"BottledTime","floor":31},{"not_picked":["Duplication","Sunlight"],"picked":"FloweringNight","floor":33},{"not_picked":["FastForward+1","Unruled"],"picked":"SilverBlades+1","floor":35},{"not_picked":["Rewind","Spin"],"picked":"Alleviate+1","floor":36},{"not_picked":["Shuttle","Rewind+1"],"picked":"TimeWarp+1","floor":38},{"not_picked":["ShatteredReality+1","Ricochet+1"],"picked":"Gouge+1","floor":39},{"not_picked":["Defy","FastForward"],"picked":"Rearm+1","floor":41},{"not_picked":["Sunlight","Gouge+1"],"picked":"Hightail","floor":42},{"not_picked":["Gouge+1","MoonPhase","Ricochet"],"picked":"SKIP","floor":44},{"not_picked":["DoubleEdge+1","Rewind+1"],"picked":"Starlight+1","floor":46},{"not_picked":["Alleviate","ShiftingGears"],"picked":"TimeWarp+1","floor":48},{"not_picked":["Starlight","Rearm+1"],"picked":"Solidify","floor":54}],"player_experience":137397,"relics_obtained":[{"floor":7,"key":"Shuriken"},{"floor":9,"key":"Smiling Mask"},{"floor":11,"key":"Ornamental Fan"},{"floor":12,"key":"Bag of Marbles"},{"floor":23,"key":"Potion Belt"},{"floor":25,"key":"Red Mask"},{"floor":26,"key":"Kunai"},{"floor":31,"key":"Omamori"},{"floor":42,"key":"HollowMod:PaleOreRelic"},{"floor":44,"key":"Art of War"},{"floor":54,"key":"Blood Vial"}],"event_choices":[{"cards_removed":["Strike_S"],"damage_healed":0,"gold_gain":0,"player_choice":"Card Removal","damage_taken":7,"max_hp_gain":0,"max_hp_loss":0,"event_name":"Golden Wing","floor":3,"gold_loss":0},{"damage_healed":0,"gold_gain":0,"cards_transformed":["Defend_S"],"player_choice":"Transformed","damage_taken":0,"max_hp_gain":0,"max_hp_loss":0,"event_name":"Transmorgrifier","floor":5,"gold_loss":0,"cards_obtained":["Luminosity"]},{"damage_healed":0,"gold_gain":0,"player_choice":"Obtained Relic","damage_taken":0,"relics_obtained":["Regal Pillow"],"max_hp_gain":0,"max_hp_loss":0,"event_name":"Addict","floor":22,"gold_loss":85},{"damage_healed":0,"gold_gain":0,"player_choice":"Fought Bandits","damage_taken":0,"max_hp_gain":0,"max_hp_loss":0,"event_name":"Masked Bandits","floor":25,"gold_loss":0},{"damage_healed":0,"gold_gain":222,"player_choice":"Wore Mask","damage_taken":0,"max_hp_gain":0,"max_hp_loss":0,"event_name":"Tomb of Lord Red Mask","floor":37,"gold_loss":0},{"damage_healed":0,"gold_gain":0,"player_choice":"Upgrade","damage_taken":0,"relics_obtained":["Mark of the Bloom"],"max_hp_gain":0,"max_hp_loss":0,"event_name":"MindBloom","floor":47,"gold_loss":0,"cards_upgraded":["Strike_S","Strike_S","Defend_S","Defend_S","Defend_S","Exchange","Ricochet","GearUp","Rearm","ShiftingGears","Foresight","Desolation","InstantArmor","Sunlight","Starlight","MurderousAura","Sabotage","Misdirection","Desolation","Deny","Initiator","Comet","BottledTime","FloweringNight","Hightail"]}],"is_beta":false,"boss_relics":[{"not_picked":["Fusion Hammer","Snecko Eye"],"picked":"SplendidAttire"},{"not_picked":["SacredBark","Coffee Dripper"],"picked":"Cursed Key"}],"items_purged_floors":[30],"is_endless":false,"potions_floor_spawned":[2,14,16,18,19,23,31,38,41,46],"ascension_level":0}}