{"host":"126yiuos2nq86se7","time":1614218399,"event":{"mods":["2.2 Compatiblity","AchievementEnabler","Act Like it!","BaseMod","Colored Map","Colored Powertips","Friendly Minions","Hermit","Highlight Path","KomeijiMod","Minty Spire (QoL Compilation)","StSLib","SuperFastMode","The Bug Knight","The Disciple","The Hierophant"],"gold_per_floor":[111,111,122,122,47,47,47,63,63,83,102,102,102,120,120,218,218,237,237,237,158,83,83,110,127,127,127,42,57,57,69,69,165,165,183,183,202,202,202,228,228,242,242,242,258,258,258,268,268,268],"floor_reached":51,"language":"ENG","playtime":2037,"items_purged":["Zap"],"score":805,"play_id":"c037226d-a9df-4d22-b8b9-01ee9238a5d6","local_time":"20210225125959","is_ascension_mode":true,"campfire_choices":[{"data":"Reinforced Body","floor":6,"key":"SMITH"},{"data":"Coolheaded","floor":12,"key":"SMITH"},{"data":"Redo","floor":15,"key":"SMITH"},{"data":"Compile Driver","floor":23,"key":"SMITH"},{"data":"Sweeping Beam","floor":27,"key":"SMITH"},{"floor":32,"key":"REST"},{"floor":41,"key":"REST"},{"floor":44,"key":"REST"},{"floor":47,"key":"REST"},{"floor":49,"key":"REST"}],"circlet_count":0,"master_deck":["Strike_B+1","Defend_B+1","Defend_B+1","Defend_B+1","Defend_B+1","Reinforced Body+1","Auto Shields","Coolheaded+1","Compile Driver+1","Redo+1","Consume+1","Capacitor+1","Barrage+1","Rebound","Leap+1","Sweeping Beam+1","Machine Learning","Coolheaded","Force Field+1","Capacitor+1"],"relics":["Cursed Key","ThirstyCross","Astrolabe","Regal Pillow","Potion Belt","Ancient Tea Set","Busted Crown","Strawberry","HoshigumaDish"],"acts_visited":["Exordium","TheCity","TheBeyond"],"potions_floor_usage":[16,24,24,33,40,50],"damage_taken":[{"damage":0,"enemies":"2 Louse","floor":1,"turns":2},{"damage":0,"enemies":"Small Slimes","floor":3,"turns":3},{"damage":0,"enemies":"Cultist","floor":8,"turns":4},{"damage":0,"enemies":"Blue Slaver","floor":10,"turns":5},{"damage":3,"enemies":"3 Louse","floor":11,"turns":4},{"damage":0,"enemies":"Looter","floor":14,"turns":3},{"damage":27,"enemies":"Slime Boss","floor":16,"turns":17},{"damage":8,"enemies":"Shell Parasite","floor":18,"turns":10},{"damage":4,"enemies":"2 Thieves","floor":22,"turns":5},{"damage":5,"enemies":"Book of Stabbing","floor":24,"turns":7},{"damage":3,"enemies":"Centurion and Healer","floor":25,"turns":10},{"damage":8,"enemies":"Snecko","floor":29,"turns":8},{"damage":8,"enemies":"Snake Plant","floor":31,"turns":6},{"damage":61,"enemies":"Automaton","floor":33,"turns":14},{"damage":19,"enemies":"3 Shapes","floor":35,"turns":4},{"damage":24,"enemies":"Orb Walker","floor":37,"turns":4},{"damage":34,"enemies":"Giant Head","floor":40,"turns":13},{"damage":6,"enemies":"3 Darklings","floor":42,"turns":9},{"damage":41,"enemies":"4 Shapes","floor":45,"turns":7},{"damage":24,"enemies":"Maw","floor":48,"turns":10},{"damage":49,"enemies":"Donu and Deca","floor":50,"turns":15}],"seed_played":"3378345240743507973","potions_obtained":[{"floor":3,"key":"CalmPotion"},{"floor":14,"key":"EssenceOfSteel"},{"floor":16,"key":"FocusPotion"},{"floor":18,"key":"DistilledChaos"},{"floor":29,"key":"Dexterity Potion"},{"floor":37,"key":"FocusPotion"},{"floor":45,"key":"BlessingOfTheForge"},{"floor":48,"key":"LiquidBronze"}],"is_trial":false,"path_per_floor":["M","?","M","?","$","R","$","M","T","M","M","R","?","M","R","B",null,"M","?","?","?","M","R","E","M","T","R","?","M","T","M","R","B",null,"M","?","M","?","?","E","R","M","T","R","M","?","R","M","R","B",null],"character_chosen":"DEFECT","items_purchased":[],"campfire_rested":5,"item_purchase_floors":[],"current_hp_per_floor":[75,75,75,75,75,75,75,75,75,75,72,72,72,72,72,45,75,67,75,75,75,71,71,66,63,63,63,63,55,55,47,75,14,75,56,71,47,47,54,20,59,53,53,82,41,41,80,56,82,33],"gold":268,"neow_bonus":"BOSS_RELIC","is_daily":false,"chose_seed":false,"campfire_upgraded":5,"win_rate":0.0,"timestamp":1614218399,"path_taken":["M","?","M","?","$","R","$","M","T","M","M","R","?","M","R","BOSS","M","?","?","?","M","R","E","?","T","R","?","M","?","M","R","BOSS","M","?","M","?","?","E","R","?","T","R","?","?","R","M","R","BOSS"],"items_purchased_type":[],"build_version":"2020-12-22","purchased_purges":1,"victory":true,"max_hp_per_floor":[75,75,75,75,75,75,75,75,75,75,75,75,75,75,75,75,75,75,75,75,75,75,75,75,75,75,75,75,75,75,75,75,75,75,75,75,75,75,82,82,82,82,82,82,82,82,82,82,82,82],"card_choices":[{"not_picked":["Stack","Sweeping Beam"],"picked":"Reinforced Body","floor":1},{"not_picked":["Barrage","Cold Snap"],"picked":"Auto Shields","floor":3},{"not_picked":["Go for the Eyes","Blizzard","Steam"],"picked":"SKIP","floor":8},{"not_picked":["Go for the Eyes","Steam"],"picked":"Coolheaded","floor":10},{"not_picked":["Coolheaded","Streamline"],"picked":"Compile Driver","floor":11},{"not_picked":["Turbo","Auto Shields"],"picked":"Redo","floor":14},{"not_picked":["Ball Lightning","Rebound"],"picked":"Sweeping Beam","floor":18},{"not_picked":["Leap","Compile Driver"],"picked":"Rebound","floor":22},{"not_picked":["Coolheaded","Redo+1"],"picked":"Leap+1","floor":24},{"not_picked":["Stack","Steam","Blizzard"],"picked":"SKIP","floor":25},{"not_picked":["Tempest+1","Ball Lightning","Barrage"],"picked":"SKIP","floor":29},{"not_picked":["Barrage","Streamline"],"picked":"Sweeping Beam+1","floor":31},{"not_picked":["Buffer","Seek"],"picked":"Machine Learning","floor":33},{"not_picked":["Hologram"],"picked":"SKIP","floor":35},{"not_picked":["Reprogram"],"picked":"SKIP","floor":37},{"not_picked":[],"picked":"Coolheaded","floor":39},{"not_picked":[],"picked":"Force Field+1","floor":40},{"not_picked":[],"picked":"Capacitor+1","floor":42},{"not_picked":["Barrage"],"picked":"SKIP","floor":45},{"not_picked":["Stack"],"picked":"SKIP","floor":48}],"player_experience":1589839,"relics_obtained":[{"floor":24,"key":"Potion Belt"},{"floor":39,"key":"Strawberry"},{"floor":40,"key":"HoshigumaDish"}],"event_choices":[{"cards_removed":["Dualcast"],"damage_healed":0,"gold_gain":0,"player_choice":"Forget","damage_taken":0,"max_hp_gain":0,"max_hp_loss":0,"event_name":"Living Wall","floor":2,"gold_loss":0},{"damage_healed":0,"gold_gain":0,"player_choice":"Ignored","damage_taken":0,"max_hp_gain":0,"max_hp_loss":0,"event_name":"Liars Game","floor":13,"gold_loss":0},{"damage_healed":0,"gold_gain":0,"player_choice":"Simplicity","damage_taken":0,"max_hp_gain":0,"max_hp_loss":0,"event_name":"Back to Basics","floor":20,"gold_loss":0,"cards_upgraded":["Strike_B","Defend_B","Defend_B","Defend_B","Defend_B"]},{"damage_healed":0,"gold_gain":0,"player_choice":"Paid Gold","damage_taken":0,"relics_obtained":["Regal Pillow"],"max_hp_gain":0,"max_hp_loss":0,"event_name":"WeMeetAgain","floor":21,"gold_loss":79},{"damage_healed":0,"gold_gain":0,"player_choice":"Obtained Relic","damage_taken":0,"relics_obtained":["Ancient Tea Set"],"max_hp_gain":0,"max_hp_loss":0,"event_name":"Addict","floor":28,"gold_loss":85},{"damage_healed":0,"gold_gain":0,"player_choice":"Ignored","damage_taken":0,"max_hp_gain":0,"max_hp_loss":0,"event_name":"Mysterious Sphere","floor":38,"gold_loss":0},{"damage_healed":0,"gold_gain":0,"player_choice":"Ignored","damage_taken":0,"max_hp_gain":0,"max_hp_loss":0,"event_name":"NoteForYourself","floor":46,"gold_loss":0}],"is_beta":false,"boss_relics":[{"not_picked":["Nuclear Battery","Pandora\u0027s Box"],"picked":"Astrolabe"},{"not_picked":["Snecko Eye","Tiny House"],"picked":"Busted Crown"}],"items_purged_floors":[5],"is_endless":false,"potions_floor_spawned":[3,14,16,18,29,37,45,48],"ascension_level":3}}