{"host":"rguvlafm46vqn9ib","time":1614228699,"event":{"mods":["2.2 Compatiblity","AchievementEnabler","Act Like it!","Arknights","Aspiration","BaseMod","Beaked The Cultist","Better Match","Better Note","Better Third Choice","BetterRewards","Colored Map","Downfall","Elementarium","GifTheSpireLib","Hermit","Highlight Path","Hubris","JesterMod","Mad Scientist","Minty Spire (QoL Compilation)","RRrroohrrRGHHhhh!!","Reliquary","Reorder Act Four","Replay The Spire","Retaliation","Ruina","SCP261 Mod","Small Relic Pack","Spikes Relics","StSLib","Stuff the Spire","The Blackbeard","The Blue Laboratory","The Bug Knight","The Construct","The Death Knight","The Disciple","The Forsaken","The Judge","The Marked","The Mystic","The Necromancer","The Problem Sleuth","The Runesmith","TheSwordswoman"],"gold_per_floor":[119,136,147,1,16,16,51,51,75,75,90,90,105,118,118,217,217,229,229,229,55,70,70,10,10,10,30,30,48,48,67,67,164,164,182,3,22,22,41,71,87,87,87],"floor_reached":42,"language":"ENG","playtime":3593,"items_purged":[],"score":475,"play_id":"98afc1a4-4479-429b-8297-849c7ee7b719","local_time":"20210225045139","is_ascension_mode":true,"campfire_choices":[{"data":"Runesmith:Fortify","floor":6,"key":"SMITH"},{"floor":8,"key":"REST"},{"floor":12,"key":"REST"},{"data":"Runesmith:CraftMagma","floor":15,"key":"SMITH"},{"floor":23,"key":"REST"},{"data":"Runesmith:ArcReactor","floor":32,"key":"SMITH"}],"circlet_count":0,"master_deck":["Runesmith:Strike_RS","Runesmith:Strike_RS","Runesmith:Strike_RS","Runesmith:Strike_RS+1","Runesmith:Defend_RS","Runesmith:Defend_RS+1","Runesmith:Defend_RS+1","Runesmith:Defend_RS+1","Runesmith:CraftFirestone+1","Runesmith:Fortify+1","Runesmith:EarthShield","Runesmith:CraftMagma+1","Runesmith:HeatExchange","Runesmith:OneForEveryone","Runesmith:GoWithTheFlow+1","Runesmith:EnergizedChisel","Runesmith:CraftSpiculum","Runesmith:BackupBattery","Runesmith:CraftMedicinae","Runesmith:CraftProtectio","Runesmith:GoWithTheFlow+1","ruina:Mimicry","Runesmith:CraftMagma+1","Runesmith:ArcReactor+1","Runesmith:RuneHurl+1","Runesmith:CreatorForm","Runesmith:Firestorm","Runesmith:LithiumIon","Runesmith:FissionHammer","Runesmith:LithiumIon","Runesmith:ChaoticBlast","Runesmith:DoubleUp+1","Runesmith:HammerAndChisel","Runesmith:RunicBlueprint+1"],"relics":["Runesmith:BrokenRuby","CherryCoatedStake","War Paint","aspiration:SeaSaltIceCream","aspiration:RunesmithSkillbook","Centennial Puzzle","Black Star","relicPack:OneForAll","HornCleat","construct:WeddingRing","War Paint","reliquary:BallBearing"],"acts_visited":["Exordium","Exordium","TheBeyond"],"potions_floor_usage":[16,22,27,29,33,37,42],"damage_taken":[{"damage":0,"enemies":"Cultist","floor":1,"turns":4},{"damage":0,"enemies":"Jaw Worm","floor":2,"turns":6},{"damage":0,"enemies":"Small Slimes","floor":3,"turns":4},{"damage":8,"enemies":"Looter","floor":5,"turns":4},{"damage":22,"enemies":"Lagavulin","floor":7,"turns":10},{"damage":0,"enemies":"2 Fungi Beasts","floor":11,"turns":3},{"damage":24,"enemies":"Gremlin Gang","floor":13,"turns":5},{"damage":0,"enemies":"Blue Slaver","floor":14,"turns":4},{"damage":14,"enemies":"Hexaghost","floor":16,"turns":9},{"damage":0,"enemies":"ruina:2_Scarecrows","floor":18,"turns":5},{"damage":6,"enemies":"ruina:Nosferatu","floor":22,"turns":5},{"damage":14,"enemies":"ruina:Woodsman","floor":27,"turns":5},{"damage":3,"enemies":"ruina:3_Scarecrows","floor":29,"turns":6},{"damage":8,"enemies":"ruina:KingOfGreed","floor":31,"turns":6},{"damage":40,"enemies":"ruina:Ozma","floor":33,"turns":12},{"damage":1,"enemies":"Orb Walker","floor":35,"turns":4},{"damage":18,"enemies":"3 Darklings","floor":37,"turns":5},{"damage":7,"enemies":"Spire Growth","floor":39,"turns":6},{"damage":8,"enemies":"beaked:SuperParasite","floor":40,"turns":7},{"damage":13,"enemies":"Maw","floor":41,"turns":8},{"damage":50,"enemies":"Reptomancer","floor":42,"turns":3}],"seed_played":"-3740908593954771330","potions_obtained":[{"floor":2,"key":"sneckomod:MuddlingPotion"},{"floor":11,"key":"GamblersBrew"},{"floor":14,"key":"blueLaboratory:EnragingPotion"},{"floor":16,"key":"blueLaboratory:FrostheartPotion"},{"floor":24,"key":"blueLaboratory:PlasmaFuel"},{"floor":27,"key":"BlessingOfTheForge"},{"floor":31,"key":"DistilledChaos"},{"floor":35,"key":"DeathKnight:RimePotion"},{"floor":37,"key":"blueLaboratory:NullPotion"},{"floor":40,"key":"Languid Potion"}],"is_trial":false,"path_per_floor":["M","M","M","$","M","R","E","R","T","?","M","R","M","M","R","B",null,"M","?","?","$","M","R","?","T","T","M","?","M","$","M","R","B",null,"M","$","M","?","M","E","M","E"],"character_chosen":"RUNESMITH_CLASS","items_purchased":["CherryCoatedStake","War Paint","ruina:Mimicry","Runesmith:LithiumIon","Runesmith:FissionHammer"],"campfire_rested":3,"item_purchase_floors":[0,4,21,36,36],"current_hp_per_floor":[61,61,64,64,56,56,34,55,55,41,41,62,45,45,45,31,70,70,70,49,49,43,64,64,64,64,63,70,70,70,70,70,55,70,69,69,53,53,46,38,40,0,0],"gold":87,"neow_bonus":"","is_daily":false,"chose_seed":false,"campfire_upgraded":3,"win_rate":0.0,"timestamp":1614228699,"path_taken":["M","M","M","$","M","R","E","R","T","?","M","R","M","M","R","BOSS","M","?","?","$","M","R","?","?","T","M","?","M","$","?","R","BOSS","M","$","M","?","?","E","M","E"],"items_purchased_type":["Relic","Relic","Card","Card","Card"],"build_version":"2020-12-22","purchased_purges":0,"victory":false,"max_hp_per_floor":[70,70,70,70,70,70,70,70,70,70,70,70,70,70,70,70,70,70,70,70,70,70,70,70,70,70,70,70,70,70,70,70,70,70,70,70,70,70,70,70,70,70,70],"card_choices":[{"not_picked":["Runesmith:Attraction","Runesmith:HammerThrow"],"picked":"Runesmith:EarthShield","floor":1},{"not_picked":["Runesmith:Discharge","Runesmith:Superposition"],"picked":"Runesmith:CraftMagma","floor":2},{"not_picked":["Runesmith:Overpower","Runesmith:UnstableHammer"],"picked":"Runesmith:HeatExchange","floor":3},{"not_picked":["Runesmith:Augment","Runesmith:LastStand"],"picked":"Runesmith:OneForEveryone","floor":5},{"not_picked":["Runesmith:CraftVitae","Runesmith:Repurpose"],"picked":"Runesmith:GoWithTheFlow","floor":7},{"not_picked":["Runesmith:Overpower","Runesmith:Retool","Runesmith:HeatedChisel"],"picked":"Runesmith:EnergizedChisel","floor":11},{"not_picked":["Runesmith:BackupBattery","Runesmith:HeatedChisel","Runesmith:Empowerment"],"picked":"Runesmith:CraftSpiculum","floor":13},{"not_picked":["Runesmith:RuneHurl","Runesmith:Grindstone","Runesmith:HeatedChisel"],"picked":"Runesmith:BackupBattery","floor":14},{"not_picked":["Runesmith:Duplicate","Runesmith:Supernova","Runesmith:GrandSlam"],"picked":"Runesmith:CraftMedicinae","floor":16},{"not_picked":["Runesmith:EarthShield","Runesmith:UnstableHammer","Runesmith:ChiselStab"],"picked":"Runesmith:CraftProtectio","floor":18},{"not_picked":["Runesmith:Empowerment+1","Runesmith:Malloc","Runesmith:CraftVitae"],"picked":"Runesmith:CraftMagma","floor":22},{"not_picked":["Runesmith:ChiselStab","Runesmith:CraftVitae","Runesmith:CraftProtectio"],"picked":"Runesmith:ArcReactor","floor":27},{"not_picked":["Runesmith:HammerAndChisel","Runesmith:ElementalConversion","Runesmith:Permafrost"],"picked":"Runesmith:Repurpose","floor":29},{"not_picked":["Runesmith:HeatExchange","Runesmith:HeatedChisel","Runesmith:StaticCage+1"],"picked":"Runesmith:RuneHurl+1","floor":31},{"not_picked":["Runesmith:FissionHammer","Runesmith:DuctTape","Runesmith:CraftIndustria"],"picked":"Runesmith:CreatorForm","floor":33},{"not_picked":["Runesmith:CraftMagma+1","Runesmith:Grindstone+1","Runesmith:RuneHurl+1"],"picked":"Runesmith:Firestorm","floor":35},{"not_picked":["Runesmith:Overpower+1","Runesmith:EarthShield","Runesmith:BackupBattery+1"],"picked":"Runesmith:LithiumIon","floor":37},{"not_picked":["Runesmith:Repurpose+1","Runesmith:Overpower","Runesmith:ChiselStab+1"],"picked":"Runesmith:DoubleUp+1","floor":39},{"not_picked":["Runesmith:Electrocute+1","Runesmith:Overpower","Runesmith:StaticCage"],"picked":"Runesmith:HammerAndChisel","floor":40},{"not_picked":["Runesmith:ShiftingStrike","Runesmith:Grindstone","Runesmith:CraftIndustria"],"picked":"Runesmith:RunicBlueprint+1","floor":41}],"player_experience":1019538,"relics_obtained":[{"floor":7,"key":"aspiration:SeaSaltIceCream"},{"floor":9,"key":"Centennial Puzzle"},{"floor":26,"key":"HornCleat"},{"floor":40,"key":"reliquary:SculptingSteel"},{"floor":40,"key":"reliquary:BallBearing"}],"event_choices":[{"damage_healed":55,"gold_gain":0,"player_choice":"Upgrade","damage_taken":14,"max_hp_gain":0,"max_hp_loss":70,"event_name":"betterThird:BetterShining","floor":10,"gold_loss":0,"cards_upgraded":["Runesmith:CraftFirestone","Runesmith:Strike_RS"]},{"damage_healed":0,"gold_gain":0,"cards_transformed":["Runesmith:Repurpose"],"player_choice":"Transformed","damage_taken":0,"max_hp_gain":0,"max_hp_loss":0,"event_name":"Transmorgrifier","floor":38,"gold_loss":0,"cards_obtained":["Runesmith:ChaoticBlast"]}],"is_beta":false,"boss_relics":[{"not_picked":["Busted Crown","Fusion Hammer"],"picked":"Black Star"},{"not_picked":["CosmicIsotope","hubris:GrandSneckoEye"],"picked":"construct:WeddingRing"}],"items_purged_floors":[],"is_endless":false,"potions_floor_spawned":[2,11,14,16,27,31,35,37,40],"killed_by":"Reptomancer","ascension_level":2}}