{"host":"8pl220r0zqtv6uof","time":1614245266,"event":{"mods":["BaseMod","Colored Map","DeckTracker","Highlight Path","Keyboard Shortcuts","Minty Spire (QoL Compilation)","Quick Restart","SuperFastMode"],"gold_per_floor":[115,65,78,8900,8917,8917,8945,8945,8997,8977,9007,8416,8443,8508,8508,8605,8605,8624,8549,8566,8481,7893,7927,7927,7957,8027,8052,8052,8085,8085,8101,8101,8196,8196,8207,7319,7319,7319,6297,6331,5552,5607,5633,5661,5679,0,0,14,14,14],"floor_reached":51,"language":"KOR","playtime":2510,"items_purged":["Strike_G","Strike_G","Defend_G","Defend_G","Defend_G"],"score":1333,"play_id":"05caa447-651e-4663-8e4a-bd80cac56ed8","local_time":"20210225182746","is_ascension_mode":true,"campfire_choices":[{"data":"Neutralize","floor":6,"key":"SMITH"},{"floor":8,"key":"REST"},{"floor":15,"key":"REST"},{"data":"Catalyst","floor":24,"key":"SMITH"},{"floor":32,"key":"REST"},{"data":"1","floor":47,"key":"LIFT"},{"data":"2","floor":49,"key":"LIFT"}],"circlet_count":0,"master_deck":["Defend_G","Survivor","Neutralize+1","Dagger Spray","Slice+1","Noxious Fumes","Bane","Adrenaline","Cloak And Dagger","Backflip","Outmaneuver","Prepared","Catalyst+1","Corpse Explosion","Poisoned Stab","Bouncing Flask","Deadly Poison","Blur","Backflip+1","Necronomicurse","Reflex","Bite","Bite","Bite","Bite","Bite","Prepared+1","Venomology","Poisoned Stab+1","Madness","Madness","Sadistic Nature","Deep Breath","Envenom","Panache","Dodge and Roll+1","Infinite Blades","Prepared"],"relics":["Ring of the Snake","Bronze Scales","Paper Crane","Whetstone","Anchor","Pear","Vajra","Dream Catcher","Sundial","Philosopher\u0027s Stone","Bag of Preparation","Gremlin Horn","Sling","Smiling Mask","Potion Belt","HornCleat","TungstenRod","Necronomicon","InkBottle","HoveringKite","Calipers","Mercury Hourglass","Lee\u0027s Waffle","PreservedInsect","Du-Vu Doll","Strange Spoon","Girya","Torii","Bag of Marbles","Chemical X","Lizard Tail","Orichalcum","Red Mask"],"acts_visited":["Exordium","TheCity","TheBeyond"],"potions_floor_usage":[7,13,14,16,23,25,27,27,31,33,40,40,42,42,45,50,50,50,50,50,50],"damage_taken":[{"damage":0,"enemies":"Jaw Worm","floor":1,"turns":4},{"damage":4,"enemies":"2 Louse","floor":3,"turns":2},{"damage":2,"enemies":"Small Slimes","floor":4,"turns":4},{"damage":6,"enemies":"Looter","floor":5,"turns":3},{"damage":15,"enemies":"3 Sentries","floor":7,"turns":7},{"damage":10,"enemies":"Lagavulin","floor":11,"turns":7},{"damage":4,"enemies":"Gremlin Nob","floor":13,"turns":4},{"damage":40,"enemies":"Lagavulin Event","floor":14,"turns":8},{"damage":27,"enemies":"Hexaghost","floor":16,"turns":9},{"damage":0,"enemies":"3 Byrds","floor":18,"turns":2},{"damage":8,"enemies":"Shell Parasite","floor":20,"turns":4},{"damage":2,"enemies":"Gremlin Leader","floor":23,"turns":4},{"damage":12,"enemies":"Book of Stabbing","floor":25,"turns":3},{"damage":0,"enemies":"Slavers","floor":27,"turns":3},{"damage":0,"enemies":"Gremlin Leader","floor":29,"turns":5},{"damage":0,"enemies":"Cultist and Chosen","floor":31,"turns":3},{"damage":57,"enemies":"Champ","floor":33,"turns":9},{"damage":0,"enemies":"3 Shapes","floor":35,"turns":2},{"damage":3,"enemies":"Giant Head","floor":40,"turns":5},{"damage":0,"enemies":"2 Orb Walkers","floor":42,"turns":2},{"damage":0,"enemies":"Nemesis","floor":44,"turns":5},{"damage":0,"enemies":"3 Darklings","floor":45,"turns":1},{"damage":0,"enemies":"Transient","floor":48,"turns":5},{"damage":25,"enemies":"Donu and Deca","floor":50,"turns":5}],"seed_played":"-3080600717167426091","potions_obtained":[{"floor":5,"key":"GhostInAJar"},{"floor":7,"key":"Energy Potion"},{"floor":13,"key":"ColorlessPotion"},{"floor":16,"key":"CunningPotion"},{"floor":23,"key":"LiquidBronze"},{"floor":25,"key":"Energy Potion"},{"floor":27,"key":"SpeedPotion"},{"floor":40,"key":"Weak Potion"},{"floor":45,"key":"GhostInAJar"},{"floor":48,"key":"DistilledChaos"}],"is_trial":false,"path_per_floor":["M","?","M","M","M","R","E","R","T","?","E","$","E","?","R","B",null,"M","?","M","?","$","E","R","E","T","E","?","E","?","M","R","B",null,"M","$","?","?","$","E","$","?","T","E","M","?","R","M","R","B",null],"character_chosen":"THE_SILENT","items_purchased":["Pear","Vajra","BlessingOfTheForge","PowerPotion","Backflip","Bouncing Flask","Gremlin Horn","Sling","PowerPotion","Calipers","Mercury Hourglass","Lee\u0027s Waffle","SkillPotion","Block Potion","FearPotion","Envenom","PreservedInsect","Du-Vu Doll","Strange Spoon","BlessingOfTheForge","Panache","Torii","Bag of Marbles","Chemical X","AttackPotion","Infinite Blades"],"campfire_rested":3,"item_purchase_floors":[12,12,12,12,12,22,22,22,22,36,36,36,36,36,36,39,39,39,39,39,39,41,41,41,41,41],"current_hp_per_floor":[63,63,59,57,51,51,36,57,57,57,47,57,53,13,37,10,63,63,63,55,55,55,53,53,41,41,41,29,29,29,37,53,9,44,46,63,56,47,47,52,52,58,58,58,58,58,58,63,63,40],"gold":14,"neow_bonus":"RANDOM_COMMON_RELIC","is_daily":false,"chose_seed":false,"campfire_upgraded":2,"win_rate":0.0,"timestamp":1614245266,"path_taken":["M","?","M","M","M","R","E","R","T","?","E","$","E","?","R","BOSS","M","?","M","?","$","E","R","E","T","E","?","E","?","M","R","BOSS","M","$","?","?","$","E","?","?","T","E","?","?","R","M","R","BOSS"],"items_purchased_type":["Relic","Relic","Potion","Potion","Card","Card","Relic","Relic","Potion","Relic","Relic","Relic","Potion","Potion","Potion","Card","Relic","Relic","Relic","Potion","Card","Relic","Relic","Relic","Potion","Card"],"build_version":"2020-12-22","purchased_purges":5,"victory":true,"max_hp_per_floor":[70,70,70,70,70,70,70,70,70,70,70,80,80,80,80,80,80,80,80,80,80,80,80,80,80,80,80,80,80,56,56,56,56,56,56,63,63,63,63,63,63,63,63,63,63,63,63,63,63,63],"card_choices":[{"not_picked":["Bane","Prepared"],"picked":"Dagger Spray","floor":1},{"not_picked":["Blur","Outmaneuver"],"picked":"Slice","floor":3},{"not_picked":["Acrobatics","Eviscerate"],"picked":"Noxious Fumes","floor":4},{"not_picked":["Cloak And Dagger","Underhanded Strike"],"picked":"Bane","floor":5},{"not_picked":["Slice","Deflect"],"picked":"Adrenaline","floor":7},{"not_picked":["Endless Agony","Blade Dance"],"picked":"Cloak And Dagger","floor":11},{"not_picked":["Dodge and Roll","Eviscerate"],"picked":"Outmaneuver","floor":13},{"not_picked":["Underhanded Strike","Concentrate"],"picked":"Prepared","floor":14},{"not_picked":["Dagger Throw","Distraction"],"picked":"Catalyst","floor":15},{"not_picked":["Venomology","Night Terror"],"picked":"Corpse Explosion","floor":16},{"not_picked":["Prepared","Bane"],"picked":"Poisoned Stab","floor":18},{"not_picked":["Cloak And Dagger+1","Sucker Punch","Dagger Spray+1"],"picked":"SKIP","floor":20},{"not_picked":["Deflect","Glass Knife"],"picked":"Deadly Poison","floor":23},{"not_picked":["PiercingWail","Dash+1"],"picked":"Blur","floor":25},{"not_picked":["Underhanded Strike+1","Deflect"],"picked":"Backflip+1","floor":27},{"not_picked":["Flying Knee","Underhanded Strike"],"picked":"Reflex","floor":29},{"not_picked":["Outmaneuver","Backflip","Accuracy+1"],"picked":"SKIP","floor":31},{"not_picked":["All Out Attack","Deadly Poison"],"picked":"Prepared+1","floor":32},{"not_picked":["Glass Knife","Malaise"],"picked":"Venomology","floor":33},{"not_picked":["Outmaneuver+1","Choke"],"picked":"Poisoned Stab+1","floor":35},{"not_picked":["Flash of Steel","Bandage Up"],"picked":"Sadistic Nature","floor":38},{"not_picked":["Dark Shackles","Impatience"],"picked":"Deep Breath","floor":38},{"not_picked":["Flechettes+1","Malaise"],"picked":"Dodge and Roll+1","floor":40},{"not_picked":["Dodge and Roll","Deadly Poison","Leg Sweep"],"picked":"SKIP","floor":44},{"not_picked":["Dagger Throw+1","Backflip+1"],"picked":"Prepared","floor":45},{"not_picked":["Dagger Spray+1","Eviscerate","Deadly Poison"],"picked":"SKIP","floor":48}],"player_experience":138517,"relics_obtained":[{"floor":7,"key":"Paper Crane"},{"floor":9,"key":"Whetstone"},{"floor":11,"key":"Anchor"},{"floor":13,"key":"Dream Catcher"},{"floor":14,"key":"Sundial"},{"floor":23,"key":"Smiling Mask"},{"floor":25,"key":"Potion Belt"},{"floor":26,"key":"HornCleat"},{"floor":27,"key":"TungstenRod"},{"floor":28,"key":"Necronomicon"},{"floor":29,"key":"InkBottle"},{"floor":40,"key":"Girya"},{"floor":42,"key":"Lizard Tail"},{"floor":44,"key":"Orichalcum"}],"event_choices":[{"cards_removed":["Strike_G"],"damage_healed":0,"gold_gain":0,"player_choice":"Card Removal","damage_taken":0,"max_hp_gain":0,"max_hp_loss":0,"event_name":"The Cleric","floor":2,"gold_loss":50},{"damage_healed":0,"gold_gain":0,"player_choice":"Left Gold","damage_taken":0,"max_hp_gain":0,"max_hp_loss":0,"event_name":"World of Goop","floor":10,"gold_loss":20},{"damage_healed":0,"gold_gain":30,"player_choice":"Searched \u00272\u0027 times","damage_taken":0,"max_hp_gain":0,"max_hp_loss":0,"event_name":"Dead Adventurer","floor":14,"gold_loss":0},{"cards_removed":["Defend_G"],"damage_healed":0,"gold_gain":0,"player_choice":"Gave Gold","damage_taken":0,"max_hp_gain":0,"max_hp_loss":0,"event_name":"Beggar","floor":19,"gold_loss":75},{"damage_healed":0,"gold_gain":0,"player_choice":"Obtained Relic","damage_taken":0,"relics_obtained":["Bag of Preparation"],"max_hp_gain":0,"max_hp_loss":0,"event_name":"Addict","floor":21,"gold_loss":85},{"damage_healed":0,"gold_gain":0,"player_choice":"Obtained Book","damage_taken":16,"max_hp_gain":0,"max_hp_loss":0,"event_name":"Cursed Tome","floor":28,"gold_loss":0},{"damage_healed":0,"gold_gain":0,"player_choice":"Became a vampire","damage_taken":0,"max_hp_gain":0,"max_hp_loss":24,"event_name":"Vampires","floor":30,"gold_loss":0,"cards_obtained":["Bite","Bite","Bite","Bite","Bite"]},{"damage_healed":0,"gold_gain":0,"player_choice":"Embrace Madness","damage_taken":8,"max_hp_gain":0,"max_hp_loss":0,"event_name":"Winding Halls","floor":37,"gold_loss":0,"cards_obtained":["Madness","Madness"]},{"damage_healed":0,"gold_gain":0,"player_choice":"Memory 3","damage_taken":10,"max_hp_gain":0,"max_hp_loss":0,"event_name":"SensoryStone","floor":38,"gold_loss":0},{"damage_healed":0,"gold_gain":0,"player_choice":"Fight","damage_taken":0,"max_hp_gain":0,"max_hp_loss":0,"event_name":"Mysterious Sphere","floor":42,"gold_loss":0},{"damage_healed":0,"gold_gain":0,"player_choice":"Paid","damage_taken":0,"relics_obtained":["Red Mask"],"max_hp_gain":0,"max_hp_loss":0,"event_name":"Tomb of Lord Red Mask","floor":46,"gold_loss":5679}],"is_beta":false,"boss_relics":[{"not_picked":["SacredBark","Coffee Dripper"],"picked":"Philosopher\u0027s Stone"},{"not_picked":["Fusion Hammer","Astrolabe"],"picked":"HoveringKite"}],"items_purged_floors":[12,22,36,39,41],"is_endless":false,"potions_floor_spawned":[5,7,13,16,23,25,27,40,45,48],"ascension_level":8}}