{"host":"38p8qnzhmsyj15s2","time":1614268185,"event":{"mods":["AchievementEnabler","Act Like it!","Aspiration","Bard","BaseMod","Better Note","Better Third Choice","BetterRewards","Challenge The Spire","Colored Powertips","Conspire","DeckTracker","Defuse TimeMaze Blight","Downfall","Energized Spire","GifTheSpireLib","GungeonMod","Halation","Hermit","Hubris","Infinite Spire","Jorbs\u0027s Wanderer Trilogy","Minty Spire (QoL Compilation)","Quick Restart","Random Character Button","Rare Cards Sparkle","Relic Sorter","Replay The Spire","Robot Space Explorer","StSLib","The Cursed","The Disciple","The Hayseed","The Hierophant","The Jungle","The Marked","The Mystic","The Poker Player","The Servant 0.9.4","TheBandit","TheFirefly","Wandering Minibosses","everything is the same but u backflip on backflip"],"gold_per_floor":[111,61,73,73,73,101,26,44,44,44,44,44,44,59,59,162,162,172,262,279,279,279,279,279],"floor_reached":22,"language":"ENG","playtime":1631,"items_purged":[],"score":182,"play_id":"528b27f1-6727-48d7-a384-9b01361cb3d0","local_time":"20210225154945","is_ascension_mode":false,"campfire_choices":[{"data":"wariomod:ChargeForth","floor":11,"key":"SMITH"},{"data":"wariomod:BoomAndDoom","floor":13,"key":"SMITH"},{"data":"wariomod:KeyFinisher","floor":15,"key":"SMITH"}],"circlet_count":0,"master_deck":["wariomod:Strike","wariomod:Strike","wariomod:Strike","wariomod:Defend","wariomod:Defend","wariomod:Defend","wariomod:Step","wariomod:Leap","wariomod:EmptyMind","wariomod:ChargeForth+1","Regret","wariomod:ShipSmash","wariomod:BoomAndDoom+1","wariomod:KeyFinisher+1","wariomod:HappyHit","infinitespire:TheBestDefense","wariomod:HastyRush","wariomod:Enshrine","wariomod:SpaceSwap","Replay:Parry","wariomod:DonateDraw+1"],"relics":["wariomod:TheHat","Replay:Towering Pillar of Hats","wariomod:AngryHat","conspire:Boomerang","aspiration:DefectSkillbook","infinitespire:Lucky Rock"],"acts_visited":["Exordium","TheCity"],"potions_floor_usage":[16,16],"damage_taken":[{"damage":8,"enemies":"Small Slimes","floor":1,"turns":3},{"damage":2,"enemies":"Jaw Worm","floor":3,"turns":3},{"damage":17,"enemies":"3 Sentries","floor":6,"turns":4},{"damage":12,"enemies":"conspire:RoseBush","floor":8,"turns":3},{"damage":2,"enemies":"3 Louse","floor":14,"turns":2},{"damage":11,"enemies":"Fading Forest","floor":16,"turns":11},{"damage":32,"enemies":"2 Thieves","floor":18,"turns":4},{"damage":19,"enemies":"Shell Parasite","floor":20,"turns":3},{"damage":3,"enemies":"Centurion and Healer","floor":22,"turns":2}],"seed_played":"-6110376629633648469","potions_obtained":[{"floor":1,"key":"EssenceOfSteel"},{"floor":6,"key":"AttackPotion"},{"floor":20,"key":"Dexterity Potion"}],"is_trial":false,"path_per_floor":["M","?","M","?","?","E","$","M","T","?","R","$","R","M","R","B",null,"M","?","M","T","M"],"character_chosen":"THE_BANDIT","items_purchased":["wariomod:KeyFinisher"],"campfire_rested":0,"item_purchase_floors":[7],"current_hp_per_floor":[80,80,78,78,78,61,61,49,49,28,28,28,28,26,26,25,88,56,32,13,13,10,10,10],"gold":279,"neow_bonus":"TEN_PERCENT_HP_BONUS","is_daily":false,"chose_seed":false,"campfire_upgraded":3,"win_rate":0.0,"timestamp":1614268185,"path_taken":["M","?","M","?","?","E","$","?","T","?","R","$","R","M","R","BOSS","M","?","M","?","M"],"items_purchased_type":["Card"],"build_version":"2020-12-22","purchased_purges":0,"victory":false,"max_hp_per_floor":[88,88,88,88,88,88,88,88,88,88,88,88,88,88,88,88,88,88,88,88,88,88,88,88],"card_choices":[{"not_picked":["wariomod:AwfulLook","wariomod:Game"],"picked":"wariomod:EmptyMind","floor":1},{"not_picked":["wariomod:ThatsNotAll","wariomod:Leapslam"],"picked":"wariomod:ChargeForth","floor":3},{"not_picked":["wariomod:EndlessBlast","wariomod:Hopshield"],"picked":"wariomod:BoomAndDoom","floor":6},{"not_picked":["wariomod:SmallSprint","wariomod:BodyBlock"],"picked":"wariomod:HappyHit","floor":8},{"not_picked":["infinitespire:Punishment","infinitespire:NeuralNetwork"],"picked":"infinitespire:TheBestDefense","floor":10},{"not_picked":["wariomod:Smackflip","wariomod:AwfulLook"],"picked":"wariomod:HastyRush","floor":14},{"not_picked":["wariomod:KeyFinisher","wariomod:FabulousPrizes"],"picked":"wariomod:Enshrine","floor":16},{"not_picked":["wariomod:Leapslam","Panic Button+1","wariomod:SmackSlam"],"picked":"wariomod:SpaceSwap","floor":18},{"not_picked":["BasicCrystalCard+1","wariomod:SimpleShield","Streamline"],"picked":"wariomod:DonateDraw+1","floor":20}],"player_experience":74154,"relics_obtained":[{"floor":6,"key":"wariomod:AngryHat"},{"floor":9,"key":"conspire:Boomerang"},{"floor":21,"key":"infinitespire:Lucky Rock"}],"event_choices":[{"cards_removed":["wariomod:Defend"],"damage_healed":0,"gold_gain":0,"player_choice":"Card Removal","damage_taken":0,"max_hp_gain":0,"max_hp_loss":0,"event_name":"The Cleric","floor":2,"gold_loss":50},{"damage_healed":0,"gold_gain":0,"player_choice":"Box","damage_taken":0,"relics_obtained":["Replay:Towering Pillar of Hats"],"max_hp_gain":0,"max_hp_loss":0,"event_name":"Big Fish","floor":4,"gold_loss":0,"cards_obtained":["Regret"]},{"damage_healed":0,"gold_gain":0,"cards_transformed":["wariomod:Strike"],"player_choice":"Transformed","damage_taken":0,"max_hp_gain":0,"max_hp_loss":0,"event_name":"Transmorgrifier","floor":5,"gold_loss":0,"cards_obtained":["wariomod:ShipSmash"]},{"damage_healed":0,"gold_gain":90,"player_choice":"CARD POTION GOLD ","damage_taken":24,"max_hp_gain":0,"max_hp_loss":0,"event_name":"Knowing Skull","floor":19,"potions_obtained":["BlessingOfTheForge"],"gold_loss":0,"cards_obtained":["Replay:Parry"]}],"is_beta":false,"boss_relics":[{"not_picked":["halation:ForbiddenBikini","SacredBark"],"picked":"aspiration:DefectSkillbook"}],"items_purged_floors":[],"is_endless":false,"potions_floor_spawned":[1,6,20],"killed_by":"Centurion and Healer","ascension_level":0}}