{"host":"p2ps6s9o3p66sm0r","time":1614237384,"event":{"mods":["BaseMod","Downfall","Hermit","Minty Spire (QoL Compilation)","Replay The Spire","StSLib","The Cursed","The Servant 0.9.4"],"gold_per_floor":[99,199,218,232,248,266,266,11,26,26,11,37,37,55,68,165,165,165,47,65,1,11,11,11,11,31,42,27,27,27,44,54,54,54,54],"floor_reached":33,"language":"ENG","playtime":3058,"items_purged":[],"score":243,"play_id":"c72199d5-8ea9-4f35-a193-7a147dd8aff8","local_time":"20210225021624","is_ascension_mode":false,"campfire_choices":[{"data":"sneckomod:Unknown","floor":1,"key":"SMITH"},{"data":"Dramatic Entrance","floor":10,"key":"SMITH"},{"floor":13,"key":"REST"},{"floor":25,"key":"REST"},{"floor":30,"key":"REST"}],"circlet_count":0,"master_deck":["sneckomod:Strike","sneckomod:Strike+1","sneckomod:Strike","sneckomod:Defend","sneckomod:Defend","sneckomod:Defend","sneckomod:TailWhip","sneckomod:SnekBite","sneckomod:Unknown+1","sneckomod:Unknown","sneckomod:Nope","sneckomod:WideSting","sneckomod:UnendingSupply","sneckomod:UnknownExhaust","sneckomod:Nope","Dramatic Entrance+1","sneckomod:Unknown0Cost","sneckomod:SerpentMind","sneckomod:UnknownBlock","sneckomod:DefensiveFlair","sneckomod:IronFang","expansioncontent:YouAreMine","sneckomod:UnknownDraw","sneckomod:SnekBeam","sneckomod:SnekBeam","sneckomod:DiceCrush","sneckomod:Unknown0Cost+1","sneckomod:ImprovisedAttack","sneckomod:UnendingSupply+1","sneckomod:Unknown1Cost","sneckomod:SoulDraw","sneckomod:UnknownStrike","sneckomod:UnknownClassRED","sneckomod:TrashToTreasure+1"],"relics":["sneckomod:SneckoSoul","HandDrill","Black Star","Blood Vial","MutagenicStrength"],"acts_visited":["Exordium","TheCity"],"potions_floor_usage":[16,16,16,19,22,26,26,26,31,32],"damage_taken":[{"damage":0,"enemies":"Small Slimes","floor":3,"turns":4},{"damage":4,"enemies":"Cultist","floor":4,"turns":5},{"damage":6,"enemies":"2 Louse","floor":5,"turns":2},{"damage":14,"enemies":"Lots of Slimes","floor":6,"turns":5},{"damage":5,"enemies":"downfall:FleeingMerchant","floor":8,"turns":4},{"damage":0,"enemies":"downfall:LooterAlt","floor":9,"turns":2},{"damage":16,"enemies":"downfall:FleeingMerchant","floor":11,"turns":4},{"damage":5,"enemies":"Exordium Wildlife","floor":12,"turns":4},{"damage":5,"enemies":"3 Louse","floor":14,"turns":2},{"damage":14,"enemies":"2 Fungi Beasts","floor":15,"turns":3},{"damage":8,"enemies":"SI_SHIV_ARCHETYPE","floor":16,"turns":9},{"damage":1,"enemies":"downfall:FleeingMerchant","floor":19,"turns":4},{"damage":26,"enemies":"3 Byrds","floor":20,"turns":7},{"damage":16,"enemies":"downfall:FleeingMerchant","floor":21,"turns":4},{"damage":10,"enemies":"Spheric Guardian","floor":22,"turns":3},{"damage":34,"enemies":"Snake Plant","floor":26,"turns":5},{"damage":7,"enemies":"Snecko","floor":27,"turns":5},{"damage":30,"enemies":"downfall:FleeingMerchant","floor":28,"turns":4},{"damage":17,"enemies":"Cultist and Chosen","floor":31,"turns":4},{"damage":27,"enemies":"Sentry and Sphere","floor":32,"turns":5},{"damage":8,"enemies":"DF_ARCHETYPE_CLAW","floor":33,"turns":2}],"seed_played":"-5035599972757758007","potions_obtained":[{"floor":5,"key":"SteroidPotion"},{"floor":9,"key":"Weak Potion"},{"floor":14,"key":"SteroidPotion"},{"floor":16,"key":"CultistPotion"},{"floor":20,"key":"Swift Potion"},{"floor":23,"key":"GamblersBrew"},{"floor":23,"key":"Fire Potion"},{"floor":23,"key":"Energy Potion"},{"floor":27,"key":"Explosive Potion"},{"floor":31,"key":"sneckomod:OffclassReductionPotion"}],"is_trial":false,"path_per_floor":["R","?","M","M","M","M","T","$","M","R","$","M","R","M","M","B",null,"R","$","M","$","M","?","T","R","M","M","$","?","R","M","M","B"],"character_chosen":"THE_SNECKO","items_purchased":["Dramatic Entrance","HandDrill","sneckomod:SnekBeam","sneckomod:DiceCrush","Weak Potion"],"campfire_rested":3,"item_purchase_floors":[8,8,19,19,21],"current_hp_per_floor":[99,99,99,95,89,75,75,70,70,70,54,49,78,73,63,80,103,103,102,76,60,50,50,50,80,48,43,15,15,45,30,5,0,0,0],"gold":54,"neow_bonus":"TEN_PERCENT_HP_BONUS","is_daily":false,"chose_seed":false,"campfire_upgraded":2,"win_rate":0.0,"timestamp":1614237384,"path_taken":["R","?","M","M","M","M","T","$","?","R","$","M","R","M","M","BOSS","R","$","M","?","M","?","T","R","M","?","$","?","R","M","M","BOSS"],"items_purchased_type":["Card","Relic","Card","Card","Potion"],"build_version":"2020-12-22","purchased_purges":0,"victory":false,"max_hp_per_floor":[99,99,99,99,99,99,99,99,99,99,99,99,99,99,103,103,103,103,103,103,103,103,103,103,103,103,103,103,103,103,103,103,103,103,103],"card_choices":[{"not_picked":["sneckomod:QuickMove","sneckomod:SerpentIdol"],"picked":"sneckomod:Nope","floor":3},{"not_picked":["sneckomod:UnendingSupply","sneckomod:Unknown1Cost"],"picked":"sneckomod:WideSting","floor":4},{"not_picked":["sneckomod:RainOfDice","sneckomod:QuickMove"],"picked":"sneckomod:UnendingSupply","floor":5},{"not_picked":["sneckomod:UnknownCommonSkill","sneckomod:DiceCrush"],"picked":"sneckomod:UnknownExhaust","floor":6},{"not_picked":["sneckomod:SnakeSap","sneckomod:SoulExchange"],"picked":"sneckomod:Nope","floor":8},{"not_picked":["sneckomod:UnknownExhaust","sneckomod:Unknown1Cost"],"picked":"sneckomod:Unknown0Cost","floor":9},{"not_picked":["sneckomod:MasterEye","sneckomod:DefensiveFlair"],"picked":"sneckomod:SerpentMind","floor":11},{"not_picked":["sneckomod:WideSting","sneckomod:SoulRoll"],"picked":"sneckomod:UnknownBlock","floor":12},{"not_picked":["sneckomod:SoulRoll","sneckomod:UnknownBlock"],"picked":"sneckomod:DefensiveFlair","floor":14},{"not_picked":["sneckomod:MasterEye","sneckomod:UnknownCommonAttack"],"picked":"sneckomod:IronFang","floor":15},{"not_picked":["sneckomod:DangerNoodle","sneckomod:UnknownRarePower"],"picked":"sneckomod:UnknownBoss","floor":16},{"not_picked":["sneckomod:UnknownCommonSkill","sneckomod:QuickBite"],"picked":"sneckomod:UnknownDraw","floor":19},{"not_picked":["sneckomod:DiceCrush","sneckomod:IronFang"],"picked":"sneckomod:Unknown0Cost+1","floor":20},{"not_picked":["sneckomod:QuickBite","sneckomod:Unknown3Cost"],"picked":"sneckomod:ImprovisedAttack","floor":21},{"not_picked":["sneckomod:SerpentIdol","sneckomod:DiceCrush"],"picked":"sneckomod:UnendingSupply+1","floor":22},{"not_picked":["sneckomod:UnknownClassRED","sneckomod:UnknownCommonAttack"],"picked":"sneckomod:Unknown1Cost","floor":26},{"not_picked":["sneckomod:UnknownBlock","sneckomod:TrashToTreasure"],"picked":"sneckomod:SoulDraw","floor":27},{"not_picked":["sneckomod:SoulCleanse","sneckomod:DiceBlock"],"picked":"sneckomod:UnknownStrike","floor":28},{"not_picked":["sneckomod:QuickMove","sneckomod:SnakeSap"],"picked":"sneckomod:UnknownClassRED","floor":31},{"not_picked":["sneckomod:QuickMove","sneckomod:Unknown1Cost"],"picked":"sneckomod:TrashToTreasure+1","floor":32}],"player_experience":195392,"relics_obtained":[{"floor":7,"key":"Pantograph"},{"floor":24,"key":"Blood Vial"}],"event_choices":[{"damage_healed":0,"gold_gain":0,"player_choice":"Inject Mutagens","damage_taken":0,"relics_obtained":["MutagenicStrength"],"max_hp_gain":0,"max_hp_loss":0,"event_name":"Drug Dealer","floor":29,"gold_loss":0}],"is_beta":false,"boss_relics":[{"not_picked":["Ring of Chaos","Fusion Hammer"],"picked":"Black Star"}],"items_purged_floors":[],"is_endless":false,"potions_floor_spawned":[5,9,14,16,20,27,31],"killed_by":"DF_ARCHETYPE_CLAW","ascension_level":0}}