{"host":"3l94tha3a4jgu0q4","time":1614265728,"event":{"mods":["2.2 Compatiblity","AchievementEnabler","Aspiration","BaseMod","Better Altar","Better Match","Better Note","Better Sensory Stone","Better Skull","Better Third Choice","Colored Map","Colored Powertips","Fox Events","Hermit","Highlight Path","Hubris","Humility","Minty Spire (QoL Compilation)","Monster B Gone","Permanent Neow","Relic Stats","Replay The Spire","Spikes Relics","StSLib","SuperFastMode","Wandering Minibosses"],"gold_per_floor":[112,131,52,63,43,43,76,88,115,128,128,128,142,158,158,281,281,304,304,323,323,338,338,377,302,379,379,402,415,440,440,440],"floor_reached":31,"language":"ENG","playtime":1223,"items_purged":[],"score":261,"play_id":"c6aa27f7-6483-4476-bc30-38c52b8cf4df","local_time":"20210225070848","is_ascension_mode":false,"campfire_choices":[{"data":"Neutralize","floor":6.0,"key":"SMITH"},{"data":"Survivor","floor":15.0,"key":"SMITH"},{"data":"Poison Darts","floor":23,"key":"SMITH"},{"data":"Dash","floor":27,"key":"SMITH"}],"circlet_count":0,"master_deck":["Strike_G","Strike_G","Strike_G","Strike_G","Strike_G","Defend_G","Defend_G","Defend_G","Defend_G","Defend_G","Survivor+1","Neutralize+1","Deflect","Flying Knee","Dash+1","Dagger Spray","Iron Wave+1","Poison Darts+1","Iron Wave+1","Slice+1","Seeing Red+1","Dual Wield+1","Genetic Algorithm+1","PiercingWail","Beam Cell"],"relics":["Ring of the Serpent","aspiration:Nostalgia","Iron Core","RollingBoulder","aspiration:Lifesprig","Golden Idol","Replay:Bottled Flurry","LugNut"],"acts_visited":["Exordium","TheCity"],"potions_floor_usage":[20,24,30,31],"damage_taken":[{"damage":7.0,"enemies":"Small Slimes","floor":1.0,"turns":5.0},{"damage":1.0,"enemies":"Cultist","floor":2.0,"turns":5.0},{"damage":0.0,"enemies":"2 Louse","floor":4.0,"turns":3.0},{"damage":3.0,"enemies":"Lagavulin","floor":7.0,"turns":4.0},{"damage":0.0,"enemies":"2 Fungi Beasts","floor":8.0,"turns":4.0},{"damage":6.0,"enemies":"Exordium Thugs","floor":10.0,"turns":4.0},{"damage":0.0,"enemies":"Looter","floor":13.0,"turns":3.0},{"damage":0.0,"enemies":"2 Fungi Beasts","floor":14.0,"turns":3.0},{"damage":15.0,"enemies":"The Guardian","floor":16.0,"turns":12.0},{"damage":8,"enemies":"3 Byrds","floor":18,"turns":4},{"damage":13,"enemies":"Spheric Guardian","floor":20,"turns":5},{"damage":14,"enemies":"Centurion and Healer","floor":22,"turns":6},{"damage":5,"enemies":"Book of Stabbing","floor":24,"turns":5},{"damage":15,"enemies":"Chosen and Byrds","floor":28,"turns":5},{"damage":4,"enemies":"Shelled Parasite and Fungi","floor":29,"turns":5},{"damage":18,"enemies":"3 Cultists","floor":30,"turns":7},{"damage":21,"enemies":"Gremlin Leader","floor":31,"turns":8}],"seed_played":"6907177395933542464","potions_obtained":[{"floor":1.0,"key":"FearPotion"},{"floor":4.0,"key":"ColorlessPotion"},{"floor":5.0,"key":"AttackPotion"},{"floor":8.0,"key":"Dexterity Potion"},{"floor":14.0,"key":"LiquidMemories"},{"floor":18,"key":"CunningPotion"},{"floor":21,"key":"foxEvents:VialedCaress"},{"floor":22,"key":"CultistPotion"},{"floor":30,"key":"LiquidMemories"}],"is_trial":false,"path_per_floor":["M","M","$","M","?","R","E","M","T","M","?","?","M","M","R","B",null,"M","?","M","?","M","R","E","?","T","R","M","M","M","E"],"character_chosen":"THE_SILENT","items_purchased":["Dash"],"campfire_rested":0,"item_purchase_floors":[3],"current_hp_per_floor":[63,62,62,62,62,62,59,59,59,53,53,53,53,53,53,38,65,57,57,44,44,30,30,25,25,25,25,10,6,15,0,0],"gold":440,"neow_bonus":"NOSTALGIA","is_daily":false,"chose_seed":false,"campfire_upgraded":4,"win_rate":0.0,"timestamp":1614265728,"path_taken":["M","M","$","M","?","R","E","M","T","?","?","?","M","M","R","BOSS","M","?","M","?","M","R","E","?","T","R","M","?","M","E"],"items_purchased_type":["Card"],"build_version":"2020-12-22","purchased_purges":0,"victory":false,"max_hp_per_floor":[70,70,70,70,70,70,70,70,70,70,65,65,65,65,65,65,65,65,65,65,55,55,55,55,55,55,55,55,55,55,55,55],"relic_stats":{"counters":[17,88],"Golden Idol":64,"obtain_stats":[{"Iron Core":0,"aspiration:Lifesprig":9,"aspiration:Nostalgia":0,"Golden Idol":11,"RollingBoulder":7,"Replay:Bottled Flurry":24,"Ring of the Serpent":17,"LugNut":26,"Ring of the Snake":0},{"Iron Core":0,"aspiration:Lifesprig":5,"aspiration:Nostalgia":0,"Golden Idol":6,"RollingBoulder":4,"Replay:Bottled Flurry":13,"Ring of the Serpent":9,"LugNut":13,"Ring of the Snake":0},{"Iron Core":0,"aspiration:Lifesprig":21,"aspiration:Nostalgia":0,"Golden Idol":25,"RollingBoulder":17,"Replay:Bottled Flurry":63,"Ring of the Serpent":43,"LugNut":63,"Ring of the Snake":0}]},"card_choices":[{"not_picked":["Tactician","InfectiousVector"],"picked":"Deflect","floor":1.0},{"not_picked":["Quick Slash","Choke"],"picked":"Flying Knee","floor":2.0},{"not_picked":["Atom Bomb","Blade Dance"],"picked":"Dagger Spray","floor":4.0},{"not_picked":["Body Slam","Bane","Outmaneuver"],"picked":"SKIP","floor":7.0},{"not_picked":["Accuracy","Dash","Warcry"],"picked":"SKIP","floor":8.0},{"not_picked":["Bane","Endless Agony"],"picked":"Iron Wave","floor":10.0},{"not_picked":["Dagger Spray","Well Laid Plans"],"picked":"Poison Darts","floor":13.0},{"not_picked":["Flex","Cloak And Dagger","Poisoned Stab"],"picked":"SKIP","floor":14.0},{"not_picked":["Scorching Beam","Heavy Blade+1"],"picked":"Iron Wave+1","floor":18},{"not_picked":["ReplayTheSpireMod:Muscle Training","PiercingWail"],"picked":"Slice+1","floor":20},{"not_picked":["WeaponsOverheat","Gash"],"picked":"Seeing Red+1","floor":22},{"not_picked":["Underhanded Strike","Expertise+1","ReplayTheSpireMod:System Scan"],"picked":"SKIP","floor":24},{"not_picked":["ReplayTheSpireMod:GoodbyeWorld+1","ReplayTheSpireMod:Muscle Training+1"],"picked":"Dual Wield+1","floor":25},{"not_picked":["ReplayTheSpireMod:Muscle Training","Catalyst"],"picked":"Genetic Algorithm+1","floor":28},{"not_picked":["Anger+1","Distraction"],"picked":"PiercingWail","floor":29},{"not_picked":["Escape Plan+1","Acrobatics+1"],"picked":"Beam Cell","floor":30}],"player_experience":1990579,"relics_obtained":[{"floor":7.0,"key":"RollingBoulder"},{"floor":9.0,"key":"aspiration:Lifesprig"},{"floor":24,"key":"Replay:Bottled Flurry"},{"floor":26,"key":"LugNut"}],"event_choices":[{"damage_healed":0.0,"max_hp_gain":0.0,"max_hp_loss":0.0,"gold_gain":0.0,"event_name":"The Woman in Blue","player_choice":"Bought 1 Potion","floor":5.0,"gold_loss":0.0,"damage_taken":0.0},{"damage_healed":0.0,"max_hp_gain":0.0,"max_hp_loss":5.0,"gold_gain":0.0,"event_name":"Golden Idol","player_choice":"Lose Max HP","floor":11.0,"gold_loss":0.0,"damage_taken":0.0,"relics_obtained":["Golden Idol"]},{"damage_healed":0.0,"max_hp_gain":0.0,"max_hp_loss":0.0,"gold_gain":0.0,"event_name":"Living Wall","player_choice":"Grow","floor":12.0,"gold_loss":0.0,"damage_taken":0.0,"cards_upgraded":["Iron Wave"]},{"damage_healed":0,"gold_gain":0,"player_choice":"Ignored","damage_taken":0,"max_hp_gain":0,"max_hp_loss":0,"event_name":"betterNote:BetterNote","floor":19,"gold_loss":0,"cards_obtained":["Tools of the Trade"]},{"damage_healed":0,"gold_gain":0,"player_choice":"2","damage_taken":0,"max_hp_gain":0,"max_hp_loss":0,"event_name":"betterMatch:BetterMatch","floor":25,"gold_loss":0,"cards_obtained":["betterMatch:UncommonCard"]}],"is_beta":false,"boss_relics":[{"not_picked":["Astrolabe","HoveringKite"],"picked":"Ring of the Serpent"}],"items_purged_floors":[],"is_endless":false,"potions_floor_spawned":[1,4,8,14,18,22,30],"killed_by":"Gremlin Leader","ascension_level":0,"is_humility":true}}