{"host":"0cm5wy4nhuju7tij","time":1614221384,"event":{"mods":["2.2 Compatiblity","AchievementEnabler","BaseMod","Better Third Choice","BetterRewards","Colored Powertips","Curses Come First","Custom Start","Displayed Cursed Tome","Downfall","Energized Spire","Evolution","Filter the Spire","Fireblade Mod","Highlight Path","Jess\u0027s Bottle","Minty Spire (QoL Compilation)","Permanent Neow","Poor People Problems","Relic Filter Mod","Relic Stats","Shop Mod","Spicy Shops","StSLib","The Cursed","The Servant 0.9.4","The Valiant","TheSwordswoman","TheVacant","Weighted Paths"],"gold_per_floor":[112,132,146,25,25,25,60,60,60,94,94,194,207,221,221,320,320,336,349,349,61,75,75,94,125,152,152,186,186,186,201,201,302,302,321,339,9,9,20,50,60,85,85,85,129,148,148,160,160,160,160],"floor_reached":50,"language":"ENG","playtime":3802,"items_purged":["Strike_S","Deadline"],"score":668,"play_id":"54c316dc-0049-45c2-a5dc-a1586d95d414","local_time":"20210224214944","is_ascension_mode":true,"campfire_choices":[{"data":"InstantArmor","floor":6,"key":"SMITH"},{"data":"Exchange","floor":8,"key":"SMITH"},{"floor":11,"key":"REST"},{"floor":15,"key":"REST"},{"data":"Luminosity","floor":23,"key":"SMITH"},{"floor":27,"key":"REST"},{"data":"RitualDagger","floor":30,"key":"SMITH"},{"floor":32,"key":"REST"},{"floor":44,"key":"REST"},{"floor":47,"key":"REST"},{"data":"Solidify","floor":49,"key":"SMITH"}],"circlet_count":0,"master_deck":["KidneyShot+1","Exchange+1","Rewind","Spin","InstantArmor+1","Rewind","Alleviate","ShiftingGears","Starlight","Manipulate","Moonlight","Dilation","SurpressingFire","RitualDagger+1","Luminosity+1","GearUp","Unruled","FastForward","DoubleEdge","Spin+1","Rearm","Solidify+1","DualDimension","StarChef","Shuttle","Barrier","Starlight+1","SurpressingFire","DoubleEdge+1","MurderousAura","FastForward"],"relics":["Uniform","EVO:Axolotl","HornCleat","Ancient Tea Set","Happy Flower","Busted Crown","Akabeko","InkBottle","Blood Vial","MealTicket","Pandora\u0027s Box","Membership Card","Anchor","Prayer Beads","CeramicFish","White Beast Statue","PreservedInsect"],"acts_visited":["Exordium","TheCity","TheBeyond"],"potions_floor_usage":[10,40,42],"damage_taken":[{"damage":7,"enemies":"Small Slimes","floor":1,"turns":4},{"damage":0,"enemies":"Jaw Worm","floor":2,"turns":5},{"damage":0,"enemies":"Cultist","floor":3,"turns":3},{"damage":34,"enemies":"Lagavulin","floor":7,"turns":9},{"damage":14,"enemies":"Gremlin Nob","floor":10,"turns":5},{"damage":0,"enemies":"Looter","floor":13,"turns":3},{"damage":0,"enemies":"2 Fungi Beasts","floor":14,"turns":3},{"damage":37,"enemies":"The Guardian","floor":16,"turns":17},{"damage":11,"enemies":"Spheric Guardian","floor":18,"turns":6},{"damage":12,"enemies":"3 Byrds","floor":19,"turns":5},{"damage":10,"enemies":"Snake Plant","floor":22,"turns":3},{"damage":1,"enemies":"Centurion and Healer","floor":24,"turns":6},{"damage":3,"enemies":"Book of Stabbing","floor":25,"turns":6},{"damage":6,"enemies":"Slavers","floor":28,"turns":6},{"damage":3,"enemies":"Cultist and Chosen","floor":31,"turns":4},{"damage":7,"enemies":"Champ","floor":33,"turns":14},{"damage":27,"enemies":"3 Shapes","floor":35,"turns":3},{"damage":0,"enemies":"Orb Walker","floor":36,"turns":7},{"damage":0,"enemies":"Sphere and 2 Shapes","floor":39,"turns":4},{"damage":14,"enemies":"Giant Head","floor":40,"turns":11},{"damage":26,"enemies":"Transient","floor":41,"turns":5},{"damage":20,"enemies":"Reptomancer","floor":42,"turns":9},{"damage":26,"enemies":"Giant Head","floor":45,"turns":10},{"damage":0,"enemies":"Spire Growth","floor":46,"turns":4},{"damage":0,"enemies":"3 Darklings","floor":48,"turns":2},{"damage":35,"enemies":"Time Eater","floor":50,"turns":6}],"seed_played":"6046873690388468967","potions_obtained":[{"floor":2,"key":"DistilledChaos"},{"floor":7,"key":"Fire Potion"},{"floor":10,"key":"FearPotion"},{"floor":18,"key":"LiquidMemories"},{"floor":45,"key":"Fire Potion"},{"floor":46,"key":"Guardian:BlockOnCardUsePotion"}],"is_trial":false,"path_per_floor":["M","M","M","$","?","R","E","R","T","E","R","?","M","M","R","B",null,"M","M","?","$","M","R","M","E","T","R","E","?","R","M","R","B",null,"M","M","$","?","M","E","M","E","T","R","E","M","R","M","R","B"],"character_chosen":"THE_SERVANT","items_purchased":["Rewind","Luminosity","GearUp","Akabeko","Membership Card","SurpressingFire","Anchor"],"campfire_rested":6,"item_purchase_floors":[4,21,21,21,37,37,37],"current_hp_per_floor":[58,58,58,58,58,58,24,24,24,10,29,29,29,29,48,11,65,54,42,36,36,26,26,25,22,22,41,37,26,26,25,46,41,70,43,45,60,60,62,50,26,8,8,29,5,7,28,30,30,0,0],"gold":160,"neow_bonus":"UPGRADE_CARD","is_daily":false,"chose_seed":false,"campfire_upgraded":5,"win_rate":0.0,"timestamp":1614221384,"path_taken":["M","M","M","$","?","R","E","R","T","E","R","?","M","?","R","BOSS","M","M","?","$","M","R","M","E","T","R","E","?","R","M","R","BOSS","M","M","$","?","M","E","M","E","T","R","E","M","R","M","R","BOSS"],"items_purchased_type":["Card","Card","Card","Relic","Relic","Card","Relic"],"build_version":"2020-12-22","purchased_purges":2,"victory":false,"max_hp_per_floor":[65,65,65,65,65,65,65,65,65,65,65,65,65,65,65,65,65,65,65,65,65,65,65,65,65,65,65,65,70,70,70,70,70,70,70,70,70,70,70,70,70,70,70,70,70,70,70,70,70,70,70],"relic_stats":{"Blood Vial":24,"Busted Crown":36,"Happy Flower":[46],"counters":[26,160],"CeramicFish":9,"MealTicket":15,"Pandora\u0027s Box":["Solidify","DualDimension","StarChef","Shuttle","Deadline","Barrier"],"PreservedInsect":0,"obtain_stats":[{"Happy Flower":10,"Prayer Beads":40,"CeramicFish":42,"PreservedInsect":45,"Uniform":0,"EVO:Axolotl":0,"Ancient Tea Set":9,"Akabeko":21,"White Beast Statue":43,"Blood Vial":26,"Anchor":37,"HornCleat":7,"Busted Crown":17,"MealTicket":28,"Pandora\u0027s Box":34,"Membership Card":37,"InkBottle":25},{"Happy Flower":5,"Prayer Beads":20,"CeramicFish":22,"PreservedInsect":23,"Uniform":0,"EVO:Axolotl":0,"Ancient Tea Set":4,"Akabeko":10,"White Beast Statue":22,"Blood Vial":13,"Anchor":18,"HornCleat":4,"Busted Crown":8,"MealTicket":14,"Pandora\u0027s Box":16,"Membership Card":18,"InkBottle":13},{"Happy Flower":26,"Prayer Beads":124,"CeramicFish":138,"PreservedInsect":148,"Uniform":0,"EVO:Axolotl":0,"Ancient Tea Set":21,"Akabeko":60,"White Beast Statue":138,"Blood Vial":75,"Anchor":109,"HornCleat":21,"Busted Crown":49,"MealTicket":81,"Pandora\u0027s Box":99,"Membership Card":109,"InkBottle":75}],"InkBottle":[39]},"card_choices":[{"not_picked":["BottledTime","FanOfKnives"],"picked":"Rewind","floor":1},{"not_picked":["Unruled","TimeWarp"],"picked":"Spin","floor":2},{"not_picked":["Collapse","FastForward"],"picked":"InstantArmor","floor":3},{"not_picked":["Rewind","DoubleEdge"],"picked":"ShiftingGears","floor":7},{"not_picked":["Comet","FloweringNight"],"picked":"Starlight","floor":10},{"not_picked":["FastForward","Unruled"],"picked":"Manipulate","floor":13},{"not_picked":["Starlight","Replace"],"picked":"Moonlight","floor":14},{"not_picked":["PendulumOfEternity","TheWorld"],"picked":"Dilation","floor":16},{"not_picked":[],"picked":"SurpressingFire","floor":18},{"not_picked":["Replace"],"picked":"SKIP","floor":19},{"not_picked":[],"picked":"Unruled","floor":22},{"not_picked":[],"picked":"FastForward","floor":24},{"not_picked":[],"picked":"DoubleEdge","floor":25},{"not_picked":[],"picked":"Spin+1","floor":28},{"not_picked":[],"picked":"Rearm","floor":31},{"not_picked":[],"picked":"Starlight+1","floor":35},{"not_picked":["Ricochet"],"picked":"SKIP","floor":36},{"not_picked":[],"picked":"DoubleEdge+1","floor":39},{"not_picked":[],"picked":"MurderousAura","floor":40},{"not_picked":["Replace"],"picked":"SKIP","floor":41},{"not_picked":["TimeWarp+1"],"picked":"SKIP","floor":42},{"not_picked":[],"picked":"FastForward","floor":45},{"not_picked":["TimeTheft"],"picked":"SKIP","floor":46},{"not_picked":["Rewind"],"picked":"SKIP","floor":48}],"player_experience":449680,"relics_obtained":[{"floor":7,"key":"HornCleat"},{"floor":9,"key":"Ancient Tea Set"},{"floor":10,"key":"Happy Flower"},{"floor":25,"key":"InkBottle"},{"floor":26,"key":"Blood Vial"},{"floor":28,"key":"MealTicket"},{"floor":40,"key":"Prayer Beads"},{"floor":42,"key":"CeramicFish"},{"floor":43,"key":"White Beast Statue"},{"floor":45,"key":"PreservedInsect"}],"event_choices":[{"damage_healed":0,"gold_gain":0,"cards_transformed":["Defend_S"],"player_choice":"Change","damage_taken":0,"max_hp_gain":0,"max_hp_loss":0,"event_name":"Living Wall","floor":5,"gold_loss":0,"cards_obtained":["Alleviate"]},{"damage_healed":0,"gold_gain":100,"player_choice":"Pray","damage_taken":0,"max_hp_gain":0,"max_hp_loss":0,"event_name":"Golden Shrine","floor":12,"gold_loss":0},{"damage_healed":0,"gold_gain":0,"player_choice":"Dagger","damage_taken":6,"max_hp_gain":0,"max_hp_loss":0,"event_name":"betterThird:BetterNest","floor":20,"gold_loss":0,"cards_obtained":["RitualDagger"]},{"damage_healed":0,"gold_gain":0,"player_choice":"Shed Blood","damage_taken":16,"max_hp_gain":5,"max_hp_loss":0,"event_name":"Forgotten Altar","floor":29,"gold_loss":0},{"damage_healed":0,"gold_gain":0,"player_choice":"Memory 1","damage_taken":0,"max_hp_gain":0,"max_hp_loss":0,"event_name":"SensoryStone","floor":38,"gold_loss":0}],"is_beta":false,"boss_relics":[{"not_picked":["Ectoplasm","SacredBark"],"picked":"Busted Crown"},{"not_picked":["Runic Dome","jessBottle:WaterBottleRelic"],"picked":"Pandora\u0027s Box"}],"items_purged_floors":[4,37],"is_endless":false,"potions_floor_spawned":[2,7,10,18,24,28,31,36,39,40,45,46,48],"killed_by":"Time Eater","ascension_level":2}}