{"host":"wy4vwr4x0uqk666t","time":1614256722,"event":{"mods":["Aspiration","BaseMod","BetterRewards","Colored Map","Colored Powertips","Curses Come First","Defuse TimeMaze Blight","Downfall","Hubris","Infinite Spire","Lobotomy","Minty Spire (QoL Compilation)","Quick Restart","Replay The Spire","StSLib"],"gold_per_floor":[119,138,155,155,12,39,39,39,117,117,144,144,159,177,177,276,276,292,1,1,21,31,31,31],"floor_reached":23,"language":"ENG","playtime":898,"items_purged":["Strike_R","Strike_R"],"score":231,"play_id":"c47c472f-bbcd-4647-b7ad-ee1fe8f4e3c5","local_time":"20210225133842","is_ascension_mode":true,"campfire_choices":[{"floor":7,"key":"REST"},{"floor":12,"key":"REST"},{"data":"ReplayTheSpireMod:Corrosion Curse","floor":15,"key":"SMITH"}],"circlet_count":0,"master_deck":["Strike_R","Strike_R","Strike_R","Defend_R","Defend_R","Defend_R","Defend_R","Bash","ReplayTheSpireMod:Corrosion Curse+1","Cleave","True Grit","Rupture","Headbutt","Juggernaut","Twin Strike+1","Fiend Fire+1","Hemogenesis+1","Spot Weakness","Corruption","True Grit","Flame Barrier","Armaments+1"],"relics":["Painkiller Herb","hubris:Icosahedron","Omamori","Potion Belt","Molten Egg 2","Du-Vu Doll","Calling Bell","Bronze Scales","Mercury Hourglass","hubris:Zylophone","Red Skull"],"acts_visited":["Exordium","TheCity"],"potions_floor_usage":[6,11,11,16,16],"damage_taken":[{"damage":0,"enemies":"Small Slimes","floor":1,"turns":2},{"damage":6,"enemies":"Jaw Worm","floor":2,"turns":3},{"damage":0,"enemies":"2 Louse","floor":3,"turns":2},{"damage":68,"enemies":"Lagavulin","floor":6,"turns":9},{"damage":17,"enemies":"3 Sentries","floor":11,"turns":5},{"damage":0,"enemies":"2 Fungi Beasts","floor":13,"turns":2},{"damage":3,"enemies":"Blue Slaver","floor":14,"turns":3},{"damage":31,"enemies":"The Guardian","floor":16,"turns":10},{"damage":28,"enemies":"Spheric Guardian","floor":18,"turns":4},{"damage":13,"enemies":"3 Byrds","floor":21,"turns":3},{"damage":28,"enemies":"Centurion and Healer","floor":22,"turns":6},{"damage":20,"enemies":"Book of Stabbing","floor":23,"turns":2}],"seed_played":"-5214487137108859154","potions_obtained":[{"floor":2,"key":"Toxic Potion"},{"floor":3,"key":"Doom Potion"},{"floor":6,"key":"HeartOfIron"},{"floor":11,"key":"PowerPotion"},{"floor":14,"key":"LiquidBronze"},{"floor":21,"key":"Ancient Potion"}],"is_trial":false,"path_per_floor":["?","?","?","?","T","E","T","?","T","?","E","T","?","?","T","B",null,"?","T","?","?","?","E"],"character_chosen":"IRONCLAD","items_purchased":["Rupture","Corruption","True Grit"],"campfire_rested":2,"item_purchase_floors":[5,19,19],"current_hp_per_floor":[80,74,74,74,74,6,30,30,30,30,13,37,37,34,34,3,80,52,52,52,39,11,0,0],"gold":31,"neow_bonus":"BOSS_RELIC","is_daily":false,"chose_seed":false,"campfire_upgraded":1,"win_rate":0.0,"timestamp":1614256722,"path_taken":["?","?","?","?","T","E","T","?","T","?","E","T","?","?","T","BOSS","?","T","?","?","?","E"],"items_purchased_type":["Card","Card","Card"],"build_version":"2020-12-22","purchased_purges":2,"victory":false,"max_hp_per_floor":[80,80,80,80,80,80,80,80,80,80,80,80,80,80,80,80,80,80,80,80,80,80,80,80],"card_choices":[{"not_picked":["Warcry","Blood for Blood"],"picked":"ReplayTheSpireMod:Corrosion Curse","floor":1},{"not_picked":["Dark Embrace","Rage"],"picked":"Cleave","floor":2},{"not_picked":["ReplayTheSpireMod:Strike From Hell","hubris:ReadiedAction"],"picked":"True Grit","floor":3},{"not_picked":["Clothesline","Run Through"],"picked":"Headbutt","floor":6},{"not_picked":["hubris:CleavingFinish+1","Battle Trance"],"picked":"Twin Strike+1","floor":11},{"not_picked":["Thunderclap+1","ReplayReversal"],"picked":"Fiend Fire+1","floor":13},{"not_picked":["Heavy Blade+1","Cleave+1","Thunderclap+1"],"picked":"SKIP","floor":14},{"not_picked":["Limit Break","Berserk"],"picked":"Hemogenesis+1","floor":16},{"not_picked":["Flex+1","Blood for Blood+1"],"picked":"Spot Weakness","floor":18},{"not_picked":["Heavy Blade+1","Entrench"],"picked":"Flame Barrier","floor":21},{"not_picked":["Clash+1","Thunderclap+1"],"picked":"Armaments+1","floor":22}],"player_experience":3755347,"relics_obtained":[{"floor":6,"key":"Omamori"},{"floor":9,"key":"Molten Egg 2"},{"floor":11,"key":"Du-Vu Doll"},{"floor":17,"key":"Bronze Scales"},{"floor":17,"key":"Mercury Hourglass"},{"floor":17,"key":"hubris:Zylophone"}],"event_choices":[{"damage_healed":0,"gold_gain":0,"player_choice":"Searched \u00271\u0027 times","damage_taken":0,"relics_obtained":["Potion Belt"],"max_hp_gain":0,"max_hp_loss":0,"event_name":"Dead Adventurer","floor":8,"gold_loss":0}],"is_beta":false,"boss_relics":[{"not_picked":["Fusion Hammer","ChewingGum"],"picked":"Calling Bell"}],"items_purged_floors":[5,19],"is_endless":false,"potions_floor_spawned":[2,3,6,11,14,21],"killed_by":"Book of Stabbing","ascension_level":3}}