{"host":"djrarsjwv6revew5","time":1614258171,"event":{"mods":["2.2 Compatiblity","AchievementEnabler","BaseMod","Colored Map","Colored Powertips","DeckTracker","Highlight Path","Minty Spire (QoL Compilation)","Quick Restart","Random Character Button","Rare Cards Sparkle","Relic Stats","StSLib","SuperFastMode"],"gold_per_floor":[116,132,150,166,178,178,24,24,24,24,24,24,36,46,46,148,148,163,15,15,32,52,52,52,151,151,151,8,20,20,31,31,31,31],"floor_reached":33,"language":"POL","playtime":1491,"items_purged":["Writhe"],"score":264,"play_id":"6b37a544-fd9b-49f8-afb3-913fd11efccc","local_time":"20210225140251","is_ascension_mode":false,"campfire_choices":[{"data":"Glacier","floor":6,"key":"SMITH"},{"data":"Dualcast","floor":8,"key":"SMITH"},{"data":"Zap","floor":10,"key":"SMITH"},{"data":"Hologram","floor":12,"key":"SMITH"},{"data":"Stack","floor":15,"key":"SMITH"},{"floor":23,"key":"REST"},{"data":"Reinforced Body","floor":27,"key":"SMITH"},{"floor":32,"key":"REST"}],"circlet_count":0,"master_deck":["Defend_B","Defend_B","Defend_B","Defend_B","Zap+1","Dualcast+1","Hologram+1","Glacier+1","Beam Cell","Beam Cell","Compile Driver","Stack+1","Sweeping Beam","Multi-Cast","Leap","Bite","Bite","Bite","Bite","Bite","Reinforced Body+1","Streamline+1","Electrodynamics","Blizzard","Conserve Battery","Aggregate","Lockon"],"relics":["Cracked Core","NeowsBlessing","Mango","Nuclear Battery","Dream Catcher","Question Card","Blue Candle"],"acts_visited":["Exordium","TheCity"],"potions_floor_usage":[33,33,33],"damage_taken":[{"damage":0,"enemies":"Cultist","floor":1,"turns":1},{"damage":0,"enemies":"Small Slimes","floor":2,"turns":1},{"damage":0,"enemies":"2 Louse","floor":3,"turns":1},{"damage":6,"enemies":"Lots of Slimes","floor":4,"turns":6},{"damage":0,"enemies":"Blue Slaver","floor":5,"turns":4},{"damage":0,"enemies":"Large Slime","floor":13,"turns":4},{"damage":2,"enemies":"3 Louse","floor":14,"turns":3},{"damage":45,"enemies":"Hexaghost","floor":16,"turns":14},{"damage":16,"enemies":"Spheric Guardian","floor":18,"turns":5},{"damage":18,"enemies":"2 Thieves","floor":21,"turns":5},{"damage":21,"enemies":"Snake Plant","floor":22,"turns":7},{"damage":18,"enemies":"Sentry and Sphere","floor":29,"turns":6},{"damage":13,"enemies":"Centurion and Healer","floor":31,"turns":9},{"damage":121,"enemies":"Collector","floor":33,"turns":14}],"seed_played":"-3680601714151814303","potions_obtained":[{"floor":1,"key":"Strength Potion"},{"floor":3,"key":"GamblersBrew"},{"floor":4,"key":"Explosive Potion"},{"floor":22,"key":"Explosive Potion"}],"is_trial":false,"path_per_floor":["M","M","M","M","M","R","$","R","T","R","?","R","M","M","R","B",null,"M","$","?","M","M","R","?","?","T","R","$","M","$","M","R","B"],"character_chosen":"DEFECT","items_purchased":["Blood Vial","Dream Catcher","Blizzard"],"campfire_rested":2,"item_purchase_floors":[7,19,28],"current_hp_per_floor":[75,75,75,69,69,69,69,69,83,83,83,83,85,85,85,42,89,73,73,73,59,46,72,72,72,72,72,72,64,64,63,89,0,0],"gold":31,"neow_bonus":"THREE_ENEMY_KILL","is_daily":false,"chose_seed":false,"campfire_upgraded":6,"win_rate":0.0,"timestamp":1614258171,"path_taken":["M","?","M","M","?","R","$","R","T","R","?","R","M","M","R","BOSS","M","$","?","M","M","R","?","?","T","R","?","M","$","?","R","BOSS"],"items_purchased_type":["Relic","Relic","Card"],"build_version":"2020-12-22","purchased_purges":1,"victory":false,"max_hp_per_floor":[75,75,75,75,75,75,75,75,89,89,89,89,89,89,89,89,89,89,89,89,89,89,89,89,89,89,89,89,89,89,89,89,89,89],"relic_stats":{"Dream Catcher":2,"counters":[14,80],"Blue Candle":[0],"Question Card":3,"obtain_stats":[{"Blood Vial":7,"Dream Catcher":19,"NeowsBlessing":0,"Blue Candle":26,"Mango":9,"Cracked Core":0,"Question Card":24,"Nuclear Battery":17},{"Blood Vial":5,"Dream Catcher":9,"NeowsBlessing":0,"Blue Candle":11,"Mango":5,"Cracked Core":0,"Question Card":11,"Nuclear Battery":8},{"Blood Vial":13,"Dream Catcher":39,"NeowsBlessing":0,"Blue Candle":51,"Mango":13,"Cracked Core":0,"Question Card":51,"Nuclear Battery":34}]},"card_choices":[{"not_picked":["Loop","Reprogram"],"picked":"Hologram","floor":1},{"not_picked":["Stack","Go for the Eyes"],"picked":"Glacier","floor":2},{"not_picked":["Genetic Algorithm","Rebound"],"picked":"Beam Cell","floor":3},{"not_picked":["White Noise","Consume"],"picked":"Beam Cell","floor":4},{"not_picked":["Rip and Tear","Aggregate"],"picked":"Compile Driver","floor":5},{"not_picked":["Sweeping Beam","Seek"],"picked":"Stack","floor":13},{"not_picked":["Stack","Gash"],"picked":"Sweeping Beam","floor":14},{"not_picked":["Biased Cognition","Fission"],"picked":"Multi-Cast","floor":16},{"not_picked":["Darkness","Beam Cell+1"],"picked":"Leap","floor":18},{"not_picked":["Chill","Aggregate"],"picked":"Reinforced Body","floor":21},{"not_picked":["Rebound","Aggregate+1"],"picked":"Streamline+1","floor":22},{"not_picked":["Leap","Reprogram"],"picked":"Electrodynamics","floor":23},{"not_picked":["Leap","Coolheaded","Steam"],"picked":"Conserve Battery","floor":29},{"not_picked":["Cold Snap","Heatsinks","Stack"],"picked":"Aggregate","floor":31},{"not_picked":["Chill","Go for the Eyes","Barrage"],"picked":"Lockon","floor":32}],"player_experience":94826,"relics_obtained":[{"floor":9,"key":"Mango"},{"floor":26,"key":"Blue Candle"}],"event_choices":[{"damage_healed":0,"gold_gain":0,"player_choice":"Searched \u00270\u0027 times","damage_taken":0,"max_hp_gain":0,"max_hp_loss":0,"event_name":"Dead Adventurer","floor":11,"gold_loss":0},{"damage_healed":0,"gold_gain":0,"player_choice":"Became a vampire (Vial)","damage_taken":0,"max_hp_gain":0,"max_hp_loss":0,"event_name":"Vampires","floor":20,"relics_lost":["Blood Vial"],"gold_loss":0,"cards_obtained":["Bite","Bite","Bite","Bite","Bite"]},{"damage_healed":0,"gold_gain":0,"player_choice":"Opened","damage_taken":0,"relics_obtained":["Question Card"],"max_hp_gain":0,"max_hp_loss":0,"event_name":"The Mausoleum","floor":24,"gold_loss":0,"cards_obtained":["Writhe"]},{"damage_healed":0,"gold_gain":99,"player_choice":"Stole From Cult","damage_taken":0,"max_hp_gain":0,"max_hp_loss":0,"event_name":"Nest","floor":25,"gold_loss":0}],"is_beta":false,"boss_relics":[{"not_picked":["Runic Dome","Sozu"],"picked":"Nuclear Battery"}],"items_purged_floors":[28],"is_endless":false,"potions_floor_spawned":[1,3,4,22],"killed_by":"Collector","ascension_level":0}}