{"host":"nihqlga4zpmrcpl9","time":1614247544,"event":{"mods":["BaseMod","LagranYue(拉格朗・月)","Marisa（F雨　魔理沙）","Minty Spire (QoL Compilation)","Replay The Spire","Shop Mod","StSLib","The Bug Knight","The Cursed","The Hierophant","The Servant 0.9.4"],"gold_per_floor":[111,127,144,144,164,196,196,196,496,496,525,625,638,247,247,247,247],"floor_reached":16,"language":"ZHS","playtime":736,"items_purged":["Hallucinations"],"score":169,"play_id":"4170d696-f011-44f2-a249-a68b366fa717","local_time":"20210225180544","is_ascension_mode":true,"campfire_choices":[{"data":"Deadly Poison","floor":7,"key":"SMITH"},{"data":"Deadly Poison","floor":15,"key":"SMITH"}],"circlet_count":0,"master_deck":["Strike_G","Strike_G","Strike_G","Strike_G","Strike_G+1","Defend_G","Defend_G","Defend_G","Defend_G","Defend_G","Survivor","Neutralize+1","Deadly Poison+1","Underhanded Strike","Flying Knee","Eviscerate","Deadly Poison+1","Bane","Cloak And Dagger","Caltrops+1"],"relics":["Ring of the Snake","LagranYue:RandomDrawCardRelic","HollowMod:StagPassRelic","ReplayTheSpireMod:Ring of Challenge","Old Coin","Ice Cream","Frozen Egg 2"],"acts_visited":["Exordium"],"potions_floor_usage":[16,16,16],"damage_taken":[{"damage":0,"enemies":"Jaw Worm","floor":1,"turns":6},{"damage":0,"enemies":"2 Louse","floor":2,"turns":3},{"damage":0,"enemies":"Small Slimes","floor":3,"turns":3},{"damage":6,"enemies":"Gremlin Gang","floor":5,"turns":6},{"damage":0,"enemies":"HollowMod:MossKnight","floor":6,"turns":11},{"damage":19,"enemies":"Replay:BlueRogue","floor":11,"turns":6},{"damage":4,"enemies":"2 Fungi Beasts","floor":13,"turns":3},{"damage":48,"enemies":"Slime Boss","floor":16,"turns":9}],"seed_played":"2513748791535151949","potions_obtained":[{"floor":3,"key":"Reflective Coating"},{"floor":6,"key":"PowerPotion"},{"floor":11,"key":"LifebloodPotion"}],"is_trial":false,"path_per_floor":["M","M","M","?","M","E","R","?","T","?","E","?","M","$","R","B"],"character_chosen":"THE_SILENT","items_purchased":["Frozen Egg 2","Caltrops+1"],"campfire_rested":0,"item_purchase_floors":[14,14],"current_hp_per_floor":[77,77,77,77,71,71,71,71,71,71,52,52,48,48,48,0,0],"gold":247,"neow_bonus":"TEN_PERCENT_HP_BONUS","is_daily":false,"chose_seed":false,"campfire_upgraded":2,"win_rate":0.0,"timestamp":1614247544,"path_taken":["M","M","M","?","M","E","R","?","T","?","E","?","M","$","R","BOSS"],"items_purchased_type":["Relic","Card"],"build_version":"2020-12-22","purchased_purges":1,"victory":false,"max_hp_per_floor":[77,77,77,77,77,77,77,77,77,77,77,77,77,77,77,77,77],"card_choices":[{"not_picked":["Quick Slash","Reflex"],"picked":"Deadly Poison","floor":1},{"not_picked":["Masterful Stab","Cloak And Dagger"],"picked":"Underhanded Strike","floor":2},{"not_picked":["Prepared","Dodge and Roll"],"picked":"Flying Knee","floor":3},{"not_picked":["Underhanded Strike","Cloak And Dagger"],"picked":"Eviscerate","floor":5},{"not_picked":["Toxin Wave","Slice"],"picked":"Deadly Poison","floor":6},{"not_picked":["Calculated Gamble","Caltrops"],"picked":"Bane","floor":11},{"not_picked":["Wraith Form v2","Deadly Poison"],"picked":"Cloak And Dagger","floor":13}],"player_experience":818800,"relics_obtained":[{"floor":6,"key":"HollowMod:StagPassRelic"},{"floor":8,"key":"ReplayTheSpireMod:Ring of Challenge"},{"floor":9,"key":"Old Coin"},{"floor":11,"key":"Ice Cream"}],"event_choices":[{"damage_healed":0,"gold_gain":0,"player_choice":"Grow","damage_taken":0,"max_hp_gain":0,"max_hp_loss":0,"event_name":"Living Wall","floor":4,"gold_loss":0,"cards_upgraded":["Neutralize"]},{"damage_healed":0,"gold_gain":100,"player_choice":"Pray","damage_taken":0,"max_hp_gain":0,"max_hp_loss":0,"event_name":"Golden Shrine","floor":12,"gold_loss":0}],"is_beta":false,"boss_relics":[],"items_purged_floors":[14],"is_endless":false,"potions_floor_spawned":[3,6,11,13],"killed_by":"Slime Boss","ascension_level":5}}