{"host":"spd19cimorv47raq","time":1614267669,"event":{"mods":["AchievementEnabler","BaseMod","Colored Map","DeckTracker","Keyboard Shortcuts","Minty Spire (QoL Compilation)","Quick Restart","StSLib","SuperFastMode"],"gold_per_floor":[10,30,49,62,62,62,62,62,85,97,22,32,61,75,75,175,175,193,193,212,231,231,231,243,254,254,254,279,299,299,319,319,319,319],"floor_reached":33,"language":"KOR","playtime":1389,"items_purged":["Strike_R"],"score":273,"play_id":"ea07d9b0-26a6-4dbd-898a-1f1e8b6a0df6","local_time":"20210226004109","is_ascension_mode":false,"campfire_choices":[{"data":"Immolate","floor":6.0,"key":"SMITH"},{"data":"Combust","floor":8.0,"key":"SMITH"},{"data":"Dark Embrace","floor":15.0,"key":"SMITH"},{"data":"Bash","floor":23.0,"key":"SMITH"},{"data":"Flame Barrier","floor":27.0,"key":"SMITH"},{"floor":30.0,"key":"REST"},{"data":"Clothesline","floor":32.0,"key":"SMITH"}],"circlet_count":0,"master_deck":["Strike_R","Strike_R","Defend_R","Defend_R","Defend_R","Defend_R","Bash+1","Immolate+1","Heavy Blade","Sever Soul","Dark Embrace+1","Combust+1","Feel No Pain","Flame Barrier+1","Flame Barrier","Fiend Fire","Rupture+1","Metallicize","True Grit+1","Spot Weakness","Headbutt","Power Through+1","Pommel Strike+1","Clothesline+1"],"relics":["Burning Blood","Potion Belt","Nunchaku","Philosopher\u0027s Stone","PreservedInsect","InkBottle"],"acts_visited":["Exordium","TheCity"],"potions_floor_usage":[],"damage_taken":[{"damage":1.0,"enemies":"Cultist","floor":1.0,"turns":3.0},{"damage":1.0,"enemies":"Jaw Worm","floor":2.0,"turns":3.0},{"damage":3.0,"enemies":"Small Slimes","floor":3.0,"turns":3.0},{"damage":4.0,"enemies":"Blue Slaver","floor":4.0,"turns":3.0},{"damage":11.0,"enemies":"Red Slaver","floor":10.0,"turns":3.0},{"damage":2.0,"enemies":"Large Slime","floor":12.0,"turns":3.0},{"damage":17.0,"enemies":"3 Sentries","floor":13.0,"turns":4.0},{"damage":3.0,"enemies":"Lots of Slimes","floor":14.0,"turns":2.0},{"damage":48.0,"enemies":"The Guardian","floor":16.0,"turns":13.0},{"damage":7.0,"enemies":"Shell Parasite","floor":18.0,"turns":5.0},{"damage":16.0,"enemies":"Spheric Guardian","floor":20.0,"turns":4.0},{"damage":13.0,"enemies":"Shelled Parasite and Fungi","floor":21.0,"turns":6.0},{"damage":16.0,"enemies":"Snake Plant","floor":24.0,"turns":3.0},{"damage":15.0,"enemies":"Chosen and Byrds","floor":25.0,"turns":4.0},{"damage":12.0,"enemies":"Gremlin Leader","floor":28.0,"turns":4.0},{"damage":17.0,"enemies":"Cultist and Chosen","floor":29.0,"turns":5.0},{"damage":16.0,"enemies":"Shelled Parasite and Fungi","floor":31.0,"turns":5.0},{"damage":65,"enemies":"Automaton","floor":33,"turns":6}],"seed_played":"-6549019932558378886","potions_obtained":[{"floor":2.0,"key":"HeartOfIron"},{"floor":3.0,"key":"Ancient Potion"},{"floor":10.0,"key":"ColorlessPotion"},{"floor":12.0,"key":"ElixirPotion"},{"floor":13.0,"key":"EssenceOfSteel"},{"floor":16.0,"key":"Dexterity Potion"},{"floor":24.0,"key":"Fire Potion"},{"floor":25.0,"key":"LiquidMemories"},{"floor":28.0,"key":"LiquidMemories"}],"is_trial":false,"path_per_floor":["M","M","M","M","?","R","?","R","T","M","$","M","E","M","R","B",null,"M","?","M","M","?","R","M","M","T","R","E","M","R","M","R","B"],"character_chosen":"IRONCLAD","items_purchased":[],"campfire_rested":1,"item_purchase_floors":[],"current_hp_per_floor":[80,80,80,80,80,80,73,73,73,68,68,72,61,64,64,22,80,79,79,69,62,80,80,70,61,61,61,55,44,68,58,58,0,0],"gold":319,"neow_bonus":"THREE_RARE_CARDS","is_daily":false,"chose_seed":false,"campfire_upgraded":6,"win_rate":0.0,"timestamp":1614267669,"path_taken":["M","M","?","M","?","R","?","R","T","M","$","M","E","M","R","BOSS","M","?","M","?","?","R","M","?","T","R","E","M","R","M","R","BOSS"],"items_purchased_type":[],"build_version":"2020-12-22","purchased_purges":1,"victory":false,"max_hp_per_floor":[80,80,80,80,80,80,80,80,80,80,80,80,80,80,80,80,80,80,80,80,80,80,80,80,80,80,80,80,80,80,80,80,80,80],"card_choices":[{"not_picked":["Exhume","Berserk"],"picked":"Immolate","floor":0.0},{"not_picked":["Warcry","Dark Embrace"],"picked":"Heavy Blade","floor":1.0},{"not_picked":["Perfected Strike","Wild Strike"],"picked":"Sever Soul","floor":2.0},{"not_picked":["Wild Strike","Heavy Blade","Sword Boomerang"],"picked":"SKIP","floor":3.0},{"not_picked":["Searing Blow","Rampage"],"picked":"Dark Embrace","floor":4.0},{"not_picked":["Shrug It Off","Exhume"],"picked":"Feel No Pain","floor":10.0},{"not_picked":["Perfected Strike","Seeing Red"],"picked":"Fire Breathing","floor":12.0},{"not_picked":["Dark Embrace","Havoc"],"picked":"Flame Barrier","floor":13.0},{"not_picked":["Pommel Strike","Sever Soul"],"picked":"Flame Barrier","floor":14.0},{"not_picked":["Juggernaut","Exhume"],"picked":"Fiend Fire","floor":16.0},{"not_picked":["Perfected Strike+1","Clash+1"],"picked":"Rupture+1","floor":18.0},{"not_picked":["Thunderclap","Clash"],"picked":"Metallicize","floor":20.0},{"not_picked":["Rampage+1","Cleave+1"],"picked":"True Grit+1","floor":21.0},{"not_picked":["Battle Trance","Juggernaut"],"picked":"Spot Weakness","floor":24.0},{"not_picked":["Pommel Strike","Warcry"],"picked":"Headbutt","floor":25.0},{"not_picked":["Armaments","Rampage+1"],"picked":"Power Through+1","floor":28.0},{"not_picked":["Wild Strike","Cleave"],"picked":"Pommel Strike+1","floor":29.0},{"not_picked":["Entrench","Iron Wave"],"picked":"Clothesline","floor":31.0}],"player_experience":912254,"relics_obtained":[{"floor":9.0,"key":"Potion Belt"},{"floor":13.0,"key":"Nunchaku"},{"floor":26.0,"key":"PreservedInsect"},{"floor":28.0,"key":"InkBottle"}],"event_choices":[{"damage_healed":0.0,"max_hp_gain":0.0,"max_hp_loss":0.0,"gold_gain":0.0,"cards_transformed":["Strike_R"],"event_name":"Living Wall","player_choice":"Change","floor":5.0,"gold_loss":0.0,"damage_taken":0.0,"cards_obtained":["Combust"]},{"cards_removed":["Strike_R"],"damage_healed":0.0,"max_hp_gain":0.0,"max_hp_loss":0.0,"gold_gain":0.0,"event_name":"Golden Wing","player_choice":"Card Removal","floor":7.0,"gold_loss":0.0,"damage_taken":7.0},{"damage_healed":0.0,"max_hp_gain":0.0,"max_hp_loss":0.0,"gold_gain":0.0,"event_name":"Match and Keep!","player_choice":"0 cards matched","floor":19.0,"gold_loss":0.0,"damage_taken":0.0,"cards_obtained":[]},{"cards_removed":["Fire Breathing"],"damage_healed":18.0,"max_hp_gain":0.0,"max_hp_loss":0.0,"gold_gain":0.0,"event_name":"Bonfire Elementals","player_choice":"Offered Uncommon","floor":22.0,"gold_loss":0.0,"damage_taken":0.0}],"is_beta":false,"boss_relics":[{"not_picked":["Ectoplasm","Astrolabe"],"picked":"Philosopher\u0027s Stone"}],"items_purged_floors":[11],"is_endless":false,"potions_floor_spawned":[2,3,10,12,13,16,24,25,28],"killed_by":"Automaton","ascension_level":0}}