{"host":"dl909bjyolgrn2uw","time":1614228313,"event":{"mods":["2.2 Compatiblity","AchievementEnabler","BaseMod","Bestiary","Better Altar","Better Note","Better Sensory Stone","Better Skull","Better Vampires","Better-Laid Plans","Colored Powertips","Curses Come First","Disable Question Mark Monsters","Displayed Cursed Tome","Downfall","Emptier Cage","Minty Spire (QoL Compilation)","Morshu Shopkeeper","Permanent Neow","Quick Restart","Rare Cards Sparkle","Relic Stats","Shop Mod","Spicy Shops","StSLib","SuperFastMode","Transform Curses"],"gold_per_floor":[99,117,129,149,149,162,162,3,3,38,57,87,99,127,147,245,245,45,64,75,75,75,103,103,103,103,135,135,161,161,173,190,295,295,295,305,316,333,548,548,548,95,128,142,142,162,179,179,199,199],"floor_reached":51,"language":"ENG","playtime":3491,"items_purged":[],"score":1240,"play_id":"428bc198-1a49-4520-bbe9-c0fc131a6e01","local_time":"20210224224513","is_ascension_mode":true,"campfire_choices":[{"floor":1.0,"key":"RECALL"},{"floor":9.0,"key":"REST"},{"floor":18.0,"key":"DIG"},{"floor":25.0,"key":"DIG"},{"floor":28.0,"key":"DIG"},{"floor":30.0,"key":"DIG"},{"floor":35,"key":"DIG"},{"floor":40,"key":"DIG"},{"floor":45,"key":"DIG"}],"circlet_count":0,"master_deck":["Guardian:Defend_Guardian+1","Guardian:Defend_Guardian+1","Guardian:Defend_Guardian+1","Guardian:Defend_Guardian+1","Guardian:CurlUp+1","Guardian:TwinSlam","Guardian:DecasProtection","Guardian:WalkerClaw","champ:HoldFirm+1","Guardian:ChargeCore","Guardian:Clone","Guardian:Recover+1","Guardian:HyperBeam_Guardian","Guardian:ShieldSpikes","Guardian:TimeCapacitor","Guardian:Recover","Guardian:AncientConstruct","Guardian:Repulse","Bite","Bite","Bite","Bite","Guardian:ChargeCore+1","Guardian:FloatingOrbs","Guardian:Recover+1","Guardian:ShieldCharger+1","Guardian:ConstructionForm","Guardian:TimeCapacitor","Guardian:SentryBeam+1","Guardian:SphericShield","Guardian:TemporalShield+1","Guardian:Gem_White","Mind Blast","Guardian:TemporalShield+1"],"relics":["Fusion Hammer","Kunai","Orrery","Shovel","Ornamental Fan","Meat on the Bone","Snecko Eye","downfall:HeartBlessingRed","downfall:HeartBlessingGreen","Pantograph","Eternal Feather","Singing Bowl","Shuriken","FossilizedHelix","Lantern","Happy Flower","StrikeDummy","Cursed Key","The Courier","War Paint","Question Card","Bottled Tornado","Ice Cream","Art of War","Bag of Preparation"],"acts_visited":["Exordium","TheCity","TheBeyond"],"potions_floor_usage":[50,50,50],"damage_taken":[{"damage":2.0,"enemies":"Small Slimes","floor":2.0,"turns":3.0},{"damage":0.0,"enemies":"Cultist","floor":3.0,"turns":5.0},{"damage":7.0,"enemies":"Jaw Worm","floor":4.0,"turns":4.0},{"damage":0.0,"enemies":"Large Slime","floor":6.0,"turns":4.0},{"damage":0.0,"enemies":"downfall:FleeingMerchant","floor":8.0,"turns":4.0},{"damage":7.0,"enemies":"Gremlin Nob","floor":10.0,"turns":4.0},{"damage":0.0,"enemies":"downfall:LooterAlt","floor":11.0,"turns":3.0},{"damage":9.0,"enemies":"3 Sentries","floor":12.0,"turns":5.0},{"damage":3.0,"enemies":"Red Slaver","floor":13.0,"turns":2.0},{"damage":8.0,"enemies":"Lagavulin","floor":14.0,"turns":5.0},{"damage":0.0,"enemies":"Large Slime","floor":15.0,"turns":5.0},{"damage":10.0,"enemies":"DF_ARCHETYPE_STREAMLINE","floor":16.0,"turns":11.0},{"damage":13.0,"enemies":"3 Byrds","floor":19.0,"turns":4.0},{"damage":0.0,"enemies":"Chosen","floor":20.0,"turns":3.0},{"damage":0.0,"enemies":"Gremlin Leader","floor":23.0,"turns":5.0},{"damage":0.0,"enemies":"Book of Stabbing","floor":27.0,"turns":5.0},{"damage":7.0,"enemies":"Slavers","floor":29.0,"turns":3.0},{"damage":10,"enemies":"Centurion and Healer","floor":31,"turns":10},{"damage":0,"enemies":"Sentry and Sphere","floor":32,"turns":2},{"damage":0,"enemies":"IC_MUSHROOM_ARCHETYPE","floor":33,"turns":5},{"damage":0,"enemies":"Orb Walker","floor":36,"turns":3},{"damage":0,"enemies":"3 Shapes","floor":37,"turns":2},{"damage":0,"enemies":"Maw","floor":38,"turns":5},{"damage":0,"enemies":"downfall:FleeingMerchant","floor":42,"turns":4},{"damage":0,"enemies":"Reptomancer","floor":43,"turns":4},{"damage":0,"enemies":"4 Shapes","floor":44,"turns":3},{"damage":0,"enemies":"Writhing Mass","floor":46,"turns":7},{"damage":0,"enemies":"Transient","floor":47,"turns":5},{"damage":0,"enemies":"4 Shapes","floor":49,"turns":2},{"damage":0,"enemies":"SI_POISON_ARCHETYPE","floor":50,"turns":5}],"seed_played":"5563857121811404386","potions_obtained":[{"floor":2.0,"key":"Strength Potion"},{"floor":3.0,"key":"Fruit Juice"},{"floor":10.0,"key":"Fruit Juice"},{"floor":11.0,"key":"FearPotion"},{"floor":12.0,"key":"LiquidBronze"},{"floor":14.0,"key":"Ancient Potion"},{"floor":29.0,"key":"champ:CounterPotion"},{"floor":31,"key":"FairyPotion"},{"floor":44,"key":"Guardian:AcceleratePotion"},{"floor":49,"key":"Strength Potion"}],"is_trial":false,"path_per_floor":["R","M","M","M","?","M","T","$","R","E","M","E","M","E","M","B",null,"R","M","M","?","?","E","T","R","?","E","R","E","R","M","M","B",null,"R","M","M","M","?","R","T","$","E","M","R","M","M","?","M","B",null],"character_chosen":"GUARDIAN","items_purchased":["Orrery","Bottled Tornado","Ice Cream"],"campfire_rested":1,"item_purchase_floors":[8,42,42],"current_hp_per_floor":[80,78,78,71,71,71,71,71,80,73,78,74,71,63,63,53,90,90,77,77,77,68,68,68,68,68,68,68,63,68,68,70,70,70,70,70,72,72,41,56,56,62,68,70,72,74,76,78,78,78],"gold":199,"neow_bonus":"BOSS_RELIC","is_daily":false,"chose_seed":false,"campfire_upgraded":0,"win_rate":0.0,"timestamp":1614228313,"path_taken":["R","M","M","M","?","M","T","?","R","E","M","E","M","E","M","BOSS","R","M","M","?","?","E","T","R","?","E","R","E","R","M","M","BOSS","R","M","M","M","?","R","T","$","E","M","R","M","?","?","M","BOSS"],"items_purchased_type":["Relic","Relic","Relic"],"build_version":"2020-12-22","purchased_purges":0,"victory":true,"max_hp_per_floor":[80,80,80,80,80,80,80,80,80,80,85,90,90,90,90,90,90,90,90,90,90,68,68,68,68,68,68,68,68,68,68,70,70,70,70,70,72,72,72,72,72,72,72,72,72,74,76,78,78,78],"relic_stats":{"Singing Bowl":10,"Happy Flower":[19],"counters":[30,132],"Eternal Feather":22,"Bag of Preparation":[8],"War Paint":["Guardian:Recover","Guardian:CurlUp"],"Cursed Key":0,"Question Card":8,"Shovel":7,"Ornamental Fan":[100],"Shuriken":[21],"Pantograph":0,"Snecko Eye":[143,142,146,150],"Art of War":[3],"Kunai":[28],"obtain_stats":[{"Ice Cream":42,"Lantern":28,"Singing Bowl":24,"downfall:HeartBlessingGreen":18,"Bag of Preparation":45,"Bottled Tornado":42,"Cursed Key":34,"Shovel":10,"Pantograph":18,"Fusion Hammer":0,"Kunai":7,"downfall:HeartBlessingRed":18,"Happy Flower":29,"Guardian:ModeShifter":0,"Eternal Feather":23,"The Courier":35,"War Paint":39,"Question Card":40,"Ornamental Fan":12,"Shuriken":25,"Orrery":8,"Snecko Eye":17,"Art of War":43,"StrikeDummy":30,"FossilizedHelix":27,"Meat on the Bone":14},{"Ice Cream":24,"Lantern":16,"Singing Bowl":15,"downfall:HeartBlessingGreen":12,"Bag of Preparation":26,"Bottled Tornado":24,"Cursed Key":20,"Shovel":6,"Pantograph":12,"Fusion Hammer":0,"Kunai":4,"downfall:HeartBlessingRed":12,"Happy Flower":17,"Guardian:ModeShifter":0,"Eternal Feather":15,"The Courier":20,"War Paint":23,"Question Card":23,"Ornamental Fan":8,"Shuriken":15,"Orrery":5,"Snecko Eye":12,"Art of War":25,"StrikeDummy":17,"FossilizedHelix":16,"Meat on the Bone":10},{"Ice Cream":106,"Lantern":72,"Singing Bowl":67,"downfall:HeartBlessingGreen":55,"Bag of Preparation":113,"Bottled Tornado":106,"Cursed Key":92,"Shovel":24,"Pantograph":55,"Fusion Hammer":0,"Kunai":16,"downfall:HeartBlessingRed":55,"Happy Flower":75,"Guardian:ModeShifter":0,"Eternal Feather":67,"The Courier":92,"War Paint":102,"Question Card":102,"Ornamental Fan":32,"Shuriken":67,"Orrery":20,"Snecko Eye":55,"Art of War":110,"StrikeDummy":75,"FossilizedHelix":72,"Meat on the Bone":39}],"Meat on the Bone":0},"card_choices":[{"not_picked":["Guardian:PolyBeam","Guardian:VentSteam"],"picked":"Guardian:DecasProtection","floor":2.0},{"not_picked":["Guardian:CrystalBeam","Guardian:PrismaticBarrier"],"picked":"Guardian:WalkerClaw","floor":3.0},{"not_picked":["Guardian:ArmoredProtocol","Guardian:VentSteam","Guardian:TimeCapacitor"],"picked":"SKIP","floor":4.0},{"not_picked":["Guardian:Gem_Blue","Guardian:PiercingHide"],"picked":"Guardian:ChargeCore","floor":6.0},{"not_picked":["Guardian:ShieldSpikes","Guardian:Reroute"],"picked":"Guardian:Gem_White","floor":8.0},{"not_picked":["Guardian:CrystalBeam","Guardian:Recover"],"picked":"Guardian:Clone","floor":8.0},{"not_picked":["Guardian:WalkerClaw","Guardian:CrystalBeam"],"picked":"Guardian:Recover","floor":8.0},{"not_picked":["Guardian:Incinerate","Guardian:ArmoredProtocol"],"picked":"Guardian:HyperBeam_Guardian","floor":8.0},{"not_picked":["Guardian:VentSteam","Guardian:PiercingHide"],"picked":"Guardian:ShieldSpikes","floor":10.0},{"not_picked":["Guardian:RefractedBeam","Guardian:Gem_Red"],"picked":"Guardian:Gem_Crimson","floor":11.0},{"not_picked":["Guardian:TemporalShield","Guardian:Recover"],"picked":"Guardian:Gem_Crimson","floor":12.0},{"not_picked":["Guardian:RefractedBeam","Guardian:VentSteam"],"picked":"Guardian:TimeCapacitor","floor":13.0},{"not_picked":["Guardian:Gem_Yellow","Guardian:FastForward"],"picked":"Guardian:Recover","floor":14.0},{"not_picked":["Guardian:VentSteam","Guardian:GuardianWhirl","Guardian:WalkerClaw"],"picked":"SKIP","floor":15.0},{"not_picked":["Guardian:FierceBash","Guardian:RevengeProtocol"],"picked":"Guardian:AncientConstruct","floor":16.0},{"not_picked":["Guardian:SpikerProtocol","Guardian:Planning","Guardian:Emergency"],"picked":"SKIP","floor":19.0},{"not_picked":["Guardian:GuardianWhirl","Guardian:CrystalBeam","Guardian:Planning+1"],"picked":"SKIP","floor":20.0},{"not_picked":["Guardian:ArmoredProtocol","Guardian:Reroute"],"picked":"Guardian:ChargeCore+1","floor":23.0},{"not_picked":["Guardian:Gem_Red","Guardian:PiercingHide"],"picked":"Guardian:FloatingOrbs","floor":27.0},{"not_picked":["Guardian:Gem_Green","Guardian:Reroute"],"picked":"Guardian:Recover+1","floor":29.0},{"not_picked":["Guardian:CrystalBeam","Guardian:RollAttack+1"],"picked":"Guardian:ShieldCharger+1","floor":31},{"not_picked":["Guardian:EvasiveProtocol","Guardian:VentSteam","Guardian:RollAttack+1"],"picked":"Singing Bowl","floor":32},{"not_picked":["Guardian:FierceBash","Guardian:GemFire"],"picked":"Guardian:ConstructionForm","floor":33},{"not_picked":["Guardian:Emergency","Guardian:Incinerate"],"picked":"Guardian:TimeCapacitor","floor":36},{"not_picked":["Guardian:BronzeOrb","Guardian:PrismaticBeam+1","Guardian:PrismaticBarrier+1"],"picked":"Singing Bowl","floor":37},{"not_picked":["Guardian:RefractedBeam","Guardian:MultiBeam"],"picked":"Guardian:SentryBeam+1","floor":38},{"not_picked":["Guardian:TemporalStrike+1","Guardian:WalkerClaw","Guardian:RollAttack+1"],"picked":"Guardian:SphericShield","floor":42},{"not_picked":["Guardian:Gem_Synthetic","Guardian:SentryBeam+1","Guardian:Suspension+1"],"picked":"Guardian:TemporalShield+1","floor":43},{"not_picked":["Guardian:FloatingOrbs","Guardian:EvasiveProtocol+1","Guardian:Reroute"],"picked":"Guardian:Gem_White","floor":44},{"not_picked":["Guardian:BodySlam","Guardian:Reroute","Guardian:Preprogram+1","Guardian:WalkerClaw+1"],"picked":"Singing Bowl","floor":46},{"not_picked":["Guardian:Suspension","Guardian:RollAttack+1","Guardian:Incinerate","Guardian:Gem_Lightblue"],"picked":"Singing Bowl","floor":47},{"not_picked":["Discovery","Bandage Up","Swift Strike","PanicButton"],"picked":"Singing Bowl","floor":48},{"not_picked":["Impatience","Discovery","Trip"],"picked":"Mind Blast","floor":48},{"not_picked":["Guardian:PrimingBeam+1","Guardian:GatlingBeam","Guardian:Incinerate+1"],"picked":"Guardian:TemporalShield+1","floor":49}],"player_experience":544882,"relics_obtained":[{"floor":7.0,"key":"Kunai"},{"floor":10.0,"key":"Shovel"},{"floor":12.0,"key":"Ornamental Fan"},{"floor":14.0,"key":"Meat on the Bone"},{"floor":18.0,"key":"Pantograph"},{"floor":23.0,"key":"Eternal Feather"},{"floor":24.0,"key":"Singing Bowl"},{"floor":25.0,"key":"Shuriken"},{"floor":27.0,"key":"FossilizedHelix"},{"floor":28.0,"key":"Lantern"},{"floor":29.0,"key":"Happy Flower"},{"floor":30.0,"key":"StrikeDummy"},{"floor":35,"key":"The Courier"},{"floor":40,"key":"Question Card"},{"floor":43,"key":"Art of War"},{"floor":45,"key":"Bag of Preparation"}],"event_choices":[{"cards_removed":["Guardian:DecasProtection"],"damage_healed":0.0,"max_hp_gain":0.0,"max_hp_loss":0.0,"gold_gain":0.0,"event_name":"betterNote:BetterNote","player_choice":"Take \u0026 Give","floor":5.0,"gold_loss":0.0,"damage_taken":0.0,"cards_obtained":["champ:HoldFirm"]},{"damage_healed":0.0,"max_hp_gain":0.0,"max_hp_loss":0.0,"gold_gain":0.0,"event_name":"The Library","player_choice":"Read","floor":21.0,"gold_loss":0.0,"damage_taken":0.0,"cards_obtained":["Guardian:Repulse"]},{"damage_healed":0.0,"max_hp_gain":0.0,"max_hp_loss":22.0,"gold_gain":0.0,"event_name":"Vampires","player_choice":"Became a vampire","floor":22.0,"gold_loss":0.0,"damage_taken":0.0,"cards_obtained":["Bite","Bite","Bite","Bite"]},{"damage_healed":0,"gold_gain":215,"player_choice":"GO GO RE ","damage_taken":35,"relics_obtained":["War Paint"],"max_hp_gain":0,"max_hp_loss":0,"event_name":"betterSkull:BetterSkull","floor":39,"gold_loss":0,"cards_upgraded":[]},{"damage_healed":0,"gold_gain":3,"player_choice":"1","damage_taken":0,"max_hp_gain":0,"max_hp_loss":0,"event_name":"betterStone:BetterStone","floor":48,"gold_loss":0}],"is_beta":false,"boss_relics":[{"not_picked":["Velvet Choker","Philosopher\u0027s Stone"],"picked":"Snecko Eye"},{"not_picked":["Runic Dome","Sozu"],"picked":"Cursed Key"}],"items_purged_floors":[],"is_endless":false,"potions_floor_spawned":[2,3,10,11,12,14,29,31,32,37,43,44,49],"ascension_level":1}}