{"host":"30jsp143e4v19aze","time":1614279331,"event":{"mods":["BaseMod","Colored Map","Colored Powertips","Curses Come First","DeckTracker","Highlight Path","Minty Spire (QoL Compilation)","Quick Restart","Relic Stats","StSLib","everything is the same but u backflip on backflip","slay the spire mod where everything is the same but ironclad has a cowboy hat"],"gold_per_floor":[114,84,94,94,94,94,138,138,138,138,138],"floor_reached":10,"language":"ENG","playtime":188,"items_purged":[],"score":178,"play_id":"ab29e098-0cfa-4ac6-9ead-fb1e7856abb5","local_time":"20210225195531","is_ascension_mode":true,"campfire_choices":[{"data":"Bash","floor":6,"key":"SMITH"},{"data":"Disarm","floor":8,"key":"SMITH"}],"circlet_count":0,"master_deck":["AscendersBane","Strike_R","Strike_R","Strike_R","Strike_R","Strike_R","Defend_R+1","Defend_R","Defend_R","Defend_R","Bash+1","Clothesline+1","Disarm+1","Offering"],"relics":["Burning Blood","NeowsBlessing","Golden Idol","MealTicket","CaptainsWheel"],"acts_visited":["Exordium"],"potions_floor_usage":[10,10],"damage_taken":[{"damage":0,"enemies":"Jaw Worm","floor":1,"turns":1},{"damage":0,"enemies":"Cultist","floor":3,"turns":1},{"damage":0,"enemies":"Lagavulin","floor":7,"turns":1},{"damage":38,"enemies":"3 Sentries","floor":10,"turns":8}],"seed_played":"-4911721139320922974","potions_obtained":[{"floor":2,"key":"GamblersBrew"},{"floor":2,"key":"EntropicBrew"}],"is_trial":false,"path_per_floor":["M","?","M","?","?","R","E","R","T","E"],"character_chosen":"IRONCLAD","items_purchased":[],"campfire_rested":0,"item_purchase_floors":[],"current_hp_per_floor":[74,74,75,52,26,26,32,32,32,0,0],"gold":138,"neow_bonus":"THREE_ENEMY_KILL","is_daily":false,"chose_seed":false,"campfire_upgraded":2,"win_rate":0.0,"timestamp":1614279331,"path_taken":["M","?","?","?","?","R","E","R","T","E"],"items_purchased_type":[],"build_version":"2020-12-22","purchased_purges":0,"victory":false,"max_hp_per_floor":[75,75,75,75,75,75,75,75,75,75,75],"relic_stats":{"counters":[4,11],"Golden Idol":9,"MealTicket":0,"obtain_stats":[{"CaptainsWheel":9,"NeowsBlessing":0,"Golden Idol":5,"MealTicket":7,"Burning Blood":0},{"CaptainsWheel":3,"NeowsBlessing":0,"Golden Idol":2,"MealTicket":3,"Burning Blood":0},{"CaptainsWheel":3,"NeowsBlessing":0,"Golden Idol":2,"MealTicket":3,"Burning Blood":0}],"Burning Blood":13},"card_choices":[{"not_picked":["Sever Soul","Perfected Strike"],"picked":"Clothesline","floor":1},{"not_picked":["Perfected Strike","Headbutt"],"picked":"Disarm","floor":3},{"not_picked":["Heavy Blade","Second Wind"],"picked":"Offering","floor":7}],"player_experience":3301028,"relics_obtained":[{"floor":7,"key":"MealTicket"},{"floor":9,"key":"CaptainsWheel"}],"event_choices":[{"damage_healed":0,"gold_gain":0,"player_choice":"Bought 2 Potions","damage_taken":0,"max_hp_gain":0,"max_hp_loss":0,"event_name":"The Woman in Blue","floor":2,"gold_loss":0},{"damage_healed":0,"gold_gain":0,"player_choice":"Entered Light","damage_taken":23,"max_hp_gain":0,"max_hp_loss":0,"event_name":"Shining Light","floor":4,"gold_loss":0,"cards_upgraded":["Clothesline","Defend_R"]},{"damage_healed":0,"gold_gain":0,"player_choice":"Take Damage","damage_taken":26,"relics_obtained":["Golden Idol"],"max_hp_gain":0,"max_hp_loss":0,"event_name":"Golden Idol","floor":5,"gold_loss":0}],"is_beta":false,"boss_relics":[],"items_purged_floors":[],"is_endless":false,"potions_floor_spawned":[],"killed_by":"3 Sentries","ascension_level":20}}