{"host":"p9xedk00duaz8l9n","time":1614274362,"event":{"mods":["BaseMod","Colored Map","DeckTracker","Highlight Path","Minty Spire (QoL Compilation)","Relic Stats","SuperFastMode"],"gold_per_floor":[118,118,118,131,31,56,56,68,68,87,115,125,158,172,172,249,249,227,142,142,2,2,2,2,2],"floor_reached":24,"language":"JPN","playtime":709,"items_purged":["Strike_G","Strike_G"],"score":478,"play_id":"e5be0712-6e33-4ba3-8995-2af52a889939","local_time":"20210226023242","is_ascension_mode":true,"campfire_choices":[{"data":"Catalyst","floor":7,"key":"SMITH"},{"floor":15,"key":"REST"},{"data":"Deadly Poison","floor":23,"key":"SMITH"}],"circlet_count":0,"master_deck":["AscendersBane","Strike_G","Defend_G","Defend_G","Defend_G","Defend_G","Defend_G","Survivor","Neutralize","Deadly Poison+1","Catalyst+1","Poisoned Stab","Dagger Throw","Dodge and Roll","Catalyst","Blur","Bouncing Flask","Backflip","Night Terror","Poisoned Stab+1","Unload","Venomology","Footwork","Decay"],"relics":["Ring of the Snake","NeowsBlessing","Lizard Tail","Ninja Scroll","Ancient Tea Set","Orichalcum","Cursed Key","Happy Flower"],"acts_visited":["Exordium","TheCity"],"potions_floor_usage":[8,11,11,13,14,16,16],"damage_taken":[{"damage":0,"enemies":"Cultist","floor":1,"turns":1},{"damage":0,"enemies":"Small Slimes","floor":4,"turns":1},{"damage":0,"enemies":"Gremlin Nob","floor":6,"turns":1},{"damage":0,"enemies":"2 Louse","floor":8,"turns":3},{"damage":3,"enemies":"Looter","floor":10,"turns":2},{"damage":24,"enemies":"3 Sentries","floor":11,"turns":11},{"damage":2,"enemies":"3 Louse","floor":12,"turns":3},{"damage":19,"enemies":"Lagavulin","floor":13,"turns":4},{"damage":0,"enemies":"2 Fungi Beasts","floor":14,"turns":3},{"damage":25,"enemies":"Slime Boss","floor":16,"turns":10},{"damage":17,"enemies":"2 Thieves","floor":18,"turns":4},{"damage":0,"enemies":"Gremlin Leader","floor":24,"turns":1}],"seed_played":"3390905801616847696","potions_obtained":[{"floor":1,"key":"Poison Potion"},{"floor":3,"key":"DuplicationPotion"},{"floor":8,"key":"Dexterity Potion"},{"floor":12,"key":"Strength Potion"},{"floor":13,"key":"EntropicBrew"}],"is_trial":false,"path_per_floor":["M","?","?","M","$","E","R","M","T","M","E","M","E","M","R","B",null,"M","?","?","$","?","R","E"],"character_chosen":"THE_SILENT","items_purchased":["Poisoned Stab","Footwork"],"campfire_rested":1,"item_purchase_floors":[5,21],"current_hp_per_floor":[59,64,64,64,64,64,64,64,64,61,37,35,16,16,37,12,56,39,39,39,39,39,39,39,39],"gold":2,"neow_bonus":"THREE_ENEMY_KILL","is_daily":false,"chose_seed":false,"campfire_upgraded":2,"win_rate":0.0,"timestamp":1614274362,"path_taken":["M","?","?","?","$","E","R","M","T","M","E","?","E","M","R","BOSS","M","?","?","$","?","R","E"],"items_purchased_type":["Card","Card"],"build_version":"2020-12-22","purchased_purges":2,"victory":false,"max_hp_per_floor":[66,71,71,71,71,71,71,71,71,71,71,71,71,71,71,71,71,71,71,71,71,71,71,71,71],"relic_stats":{"Lizard Tail":0,"Happy Flower":[0],"counters":[12,44],"Orichalcum":[42],"Cursed Key":0,"obtain_stats":[{"Lizard Tail":6,"NeowsBlessing":0,"Happy Flower":19,"Ninja Scroll":9,"Orichalcum":13,"Ancient Tea Set":11,"Cursed Key":17,"Ring of the Snake":0},{"Lizard Tail":3,"NeowsBlessing":0,"Happy Flower":11,"Ninja Scroll":4,"Orichalcum":8,"Ancient Tea Set":6,"Cursed Key":10,"Ring of the Snake":0},{"Lizard Tail":3,"NeowsBlessing":0,"Happy Flower":43,"Ninja Scroll":6,"Orichalcum":26,"Ancient Tea Set":19,"Cursed Key":39,"Ring of the Snake":0}],"Ring of the Snake":[24]},"card_choices":[{"not_picked":["Concentrate","PiercingWail"],"picked":"Deadly Poison","floor":1},{"not_picked":["Quick Slash","Distraction"],"picked":"Catalyst","floor":4},{"not_picked":["Underhanded Strike","Bane"],"picked":"Dagger Throw","floor":6},{"not_picked":["Setup","Endless Agony"],"picked":"Dodge and Roll","floor":8},{"not_picked":["Footwork","Blade Dance"],"picked":"Catalyst","floor":10},{"not_picked":["Skewer","Poisoned Stab"],"picked":"Blur","floor":11},{"not_picked":["Doppelganger","Underhanded Strike","Sucker Punch"],"picked":"SKIP","floor":12},{"not_picked":["Eviscerate","Poisoned Stab"],"picked":"Bouncing Flask","floor":13},{"not_picked":["Masterful Stab","Skewer"],"picked":"Backflip","floor":14},{"not_picked":["Envenom","Corpse Explosion"],"picked":"Night Terror","floor":16},{"not_picked":["Dodge and Roll","Cloak And Dagger"],"picked":"Poisoned Stab+1","floor":18}],"player_experience":872043,"relics_obtained":[{"floor":6,"key":"Lizard Tail"},{"floor":9,"key":"Ninja Scroll"},{"floor":11,"key":"Ancient Tea Set"},{"floor":13,"key":"Orichalcum"}],"event_choices":[{"damage_healed":0,"gold_gain":0,"player_choice":"Donut","damage_taken":0,"max_hp_gain":5,"max_hp_loss":0,"event_name":"Big Fish","floor":2,"gold_loss":0},{"damage_healed":0,"gold_gain":0,"player_choice":"Got Potions","damage_taken":0,"max_hp_gain":0,"max_hp_loss":0,"event_name":"Lab","floor":3,"gold_loss":0},{"damage_healed":0,"gold_gain":0,"player_choice":"Obtained Relic","damage_taken":0,"relics_obtained":["Happy Flower"],"max_hp_gain":0,"max_hp_loss":0,"event_name":"Addict","floor":19,"gold_loss":85},{"damage_healed":0,"gold_gain":0,"cards_transformed":["Strike_G","Strike_G"],"player_choice":"Became Test Subject","damage_taken":0,"max_hp_gain":0,"max_hp_loss":0,"event_name":"Drug Dealer","floor":20,"gold_loss":0,"cards_obtained":["Unload","Venomology"]},{"damage_healed":0,"gold_gain":0,"player_choice":"Smashed Altar","damage_taken":0,"max_hp_gain":0,"max_hp_loss":0,"event_name":"Forgotten Altar","floor":22,"gold_loss":0,"cards_obtained":["Decay"]}],"is_beta":false,"boss_relics":[{"not_picked":["Calling Bell","Black Star"],"picked":"Cursed Key"}],"items_purged_floors":[5,21],"is_endless":false,"potions_floor_spawned":[1,8,10,12,13],"killed_by":"Gremlin Leader","ascension_level":20}}