{"host":"ndpbn7fqb3wjbd7p","time":1614227704,"event":{"mods":["AchievementEnabler","Act Like it!","AlwaysNeverKeys","BaseMod","Better Vampires","Block Reminder","Colored Powertips","DeckTracker","Defuse TimeMaze Blight","Friendly Minions","Highlight Path","MarisaÅiñ∂âJÅ@ñÇóùçπÅj","Minty Spire (QoL Compilation)","Permanent Neow","StSLib","SuperFastMode","Synergy Search","Unceasing Turn Reminder","Wandering Minibosses"],"gold_per_floor":[16,34,34,34,34,34,69,69,92,92,112,137,137,155,155,279,279,303,319,244,244,265,265,281,302,302,302,322,322,322,322],"floor_reached":30,"language":"ENG","playtime":1568,"items_purged":["Strike_P"],"score":313,"play_id":"57236e16-cd72-43ed-9e05-f061a4064e85","local_time":"20210225053504","is_ascension_mode":true,"campfire_choices":[{"data":"SashWhip","floor":6,"key":"SMITH"},{"floor":10,"key":"REST"},{"data":"PathToVictory","floor":13,"key":"SMITH"},{"data":"Vigilance","floor":15,"key":"SMITH"},{"floor":23,"key":"REST"},{"data":"Perseverance","floor":27,"key":"SMITH"},{"data":"Study","floor":29,"key":"SMITH"}],"circlet_count":0,"master_deck":["Strike_P","Strike_P","Defend_P","Defend_P","Defend_P","Vigilance+1","ClearTheMind","SashWhip+1","Vault","PathToVictory+1","EmptyBody","Establishment","Meditate+1","Blind","DeceiveReality","Perseverance+1","Study+1"],"relics":["PureWater","Golden Idol","Anchor","Potion Belt","VioletLotus","HornCleat"],"acts_visited":["Exordium","TheCity"],"potions_floor_usage":[7,16,22,24,24],"damage_taken":[{"damage":5,"enemies":"2 Louse","floor":1,"turns":5},{"damage":6,"enemies":"Small Slimes","floor":2,"turns":6},{"damage":34,"enemies":"3 Sentries","floor":7,"turns":9},{"damage":0,"enemies":"Cultist","floor":11,"turns":4},{"damage":0,"enemies":"Gremlin Gang","floor":12,"turns":9},{"damage":2,"enemies":"2 Fungi Beasts","floor":14,"turns":3},{"damage":22,"enemies":"Hexaghost","floor":16,"turns":11},{"damage":24,"enemies":"Spheric Guardian","floor":18,"turns":8},{"damage":4,"enemies":"Shell Parasite","floor":19,"turns":6},{"damage":21,"enemies":"Sentry and Sphere","floor":22,"turns":9},{"damage":5,"enemies":"Snake Plant","floor":24,"turns":6},{"damage":10,"enemies":"Shelled Parasite and Fungi","floor":25,"turns":9},{"damage":3,"enemies":"Chosen and Byrds","floor":28,"turns":9},{"damage":9,"enemies":"Snake Plant","floor":30,"turns":6}],"seed_played":"-2861305879640493253","potions_obtained":[{"floor":1,"key":"LiquidBronze"},{"floor":2,"key":"Ancient Potion"},{"floor":11,"key":"Weak Potion"},{"floor":14,"key":"SpeedPotion"},{"floor":22,"key":"SkillPotion"},{"floor":25,"key":"SteroidPotion"}],"is_trial":false,"path_per_floor":["M","M","?","?","?","R","E","$","T","R","M","M","R","M","R","B",null,"M","M","$","?","M","R","M","M","T","R","M","R","M"],"character_chosen":"WATCHER","items_purchased":[],"campfire_rested":2,"item_purchase_floors":[],"current_hp_per_floor":[60,54,54,47,47,47,13,13,13,33,33,33,33,31,31,9,53,29,25,25,25,4,24,19,9,9,9,6,6,0,0],"gold":322,"neow_bonus":"REMOVE_TWO","is_daily":false,"chose_seed":false,"campfire_upgraded":5,"win_rate":0.0,"timestamp":1614227704,"path_taken":["M","M","?","?","?","R","E","$","T","R","M","M","R","M","R","BOSS","M","M","$","?","?","R","M","M","T","R","M","R","?"],"items_purchased_type":[],"build_version":"2020-12-22","purchased_purges":1,"victory":false,"max_hp_per_floor":[72,72,67,67,67,67,67,67,67,67,67,67,67,67,67,67,67,67,67,67,67,67,67,67,67,67,67,67,67,67,67],"card_choices":[{"not_picked":["Indignation","ReachHeaven"],"picked":"ClearTheMind","floor":1},{"not_picked":["CrushJoints","ForeignInfluence"],"picked":"SashWhip","floor":2},{"not_picked":["Pray","CutThroughFate"],"picked":"Vault","floor":7},{"not_picked":["CrushJoints","WreathOfFlame"],"picked":"PathToVictory","floor":11},{"not_picked":["Indignation","Prostrate","WindmillStrike"],"picked":"SKIP","floor":12},{"not_picked":["EmptyFist","DeceiveReality"],"picked":"EmptyBody","floor":14},{"not_picked":["Vault","Devotion"],"picked":"Establishment","floor":16},{"not_picked":["Conclude","Consecrate+1"],"picked":"Meditate+1","floor":18},{"not_picked":["FollowUp","Halt","Collect"],"picked":"SKIP","floor":19},{"not_picked":["WreathOfFlame","TalkToTheHand+1","Fasting2"],"picked":"SKIP","floor":22},{"not_picked":["BowlingBash","Consecrate"],"picked":"DeceiveReality","floor":24},{"not_picked":["JustLucky+1","FlyingSleeves+1"],"picked":"Perseverance","floor":25},{"not_picked":["Worship","Prostrate"],"picked":"Study","floor":28}],"player_experience":1219844,"relics_obtained":[{"floor":7,"key":"Anchor"},{"floor":9,"key":"Potion Belt"},{"floor":26,"key":"HornCleat"}],"event_choices":[{"damage_healed":0,"gold_gain":0,"player_choice":"Lose Max HP","damage_taken":0,"relics_obtained":["Golden Idol"],"max_hp_gain":0,"max_hp_loss":5,"event_name":"Golden Idol","floor":3,"gold_loss":0},{"cards_removed":["Defend_P"],"damage_healed":0,"gold_gain":0,"player_choice":"Card Removal","damage_taken":7,"max_hp_gain":0,"max_hp_loss":0,"event_name":"Golden Wing","floor":4,"gold_loss":0},{"damage_healed":0,"gold_gain":0,"player_choice":"Ignored","damage_taken":0,"max_hp_gain":0,"max_hp_loss":0,"event_name":"Liars Game","floor":5,"gold_loss":0},{"damage_healed":0,"gold_gain":0,"player_choice":"1 cards matched","damage_taken":0,"max_hp_gain":0,"max_hp_loss":0,"event_name":"Match and Keep!","floor":21,"gold_loss":0,"cards_obtained":["Blind"]}],"is_beta":false,"boss_relics":[{"not_picked":["Philosopher\u0027s Stone","Tiny House"],"picked":"VioletLotus"}],"items_purged_floors":[20],"is_endless":false,"potions_floor_spawned":[1,2,11,14,22,25],"killed_by":"Snake Plant","ascension_level":7}}