{"host":"uceopoba4zvqsgiy","time":1614227438,"event":{"mods":["2.2 Compatiblity","Act Like it!","BaseMod","Better Skull","Better Third Choice","Elementarium","Evolution","GifTheSpireLib","Hermit","Humility","Infinite Spire","Jorbs\u0027s Wanderer Trilogy","Marked Mod","Minty Spire (QoL Compilation)","Potionbrewer","Reliquary","Replay The Spire","Robot Space Explorer","Shade Mod","Spicy Shops","StS++","StSLib","Stuff the Spire","The Blue Laboratory","The Caster","The Cursed","The Dragon Tamer","The Dragonkin","The Hierophant","The Judge","The Jungle","TheSurvivalist","Wandering Minibosses"],"gold_per_floor":[109,126,126,142,201,201,228,228,228,240,240,259,259,292,292,394,444,460,66,66,83,83,83,83],"floor_reached":23,"language":"ENG","playtime":2523,"items_purged":[],"score":374,"play_id":"d10d09b0-60ec-45d0-8fb2-d1a44123d4ce","local_time":"20210225150038","is_ascension_mode":true,"campfire_choices":[{"data":"WordoMod:BloodThinning","floor":6,"key":"SMITH"},{"floor":11,"key":"REST"},{"floor":15,"key":"REST"}],"circlet_count":0,"master_deck":["WordoMod:Unchained","WordoMod:Unchained","WordoMod:Unchained","WordoMod:Unchained","WordoMod:ShackleGuard","WordoMod:DefendCard+1","WordoMod:DefendCard","WordoMod:DefendCard","WordoMod:Accursed","WordoMod:IllWill","WordoMod:Cremate","Voices","WordoMod:BloodThinning+1","WordoMod:Cataclysm","Normality","WordoMod:EndOfTheWorld","WordoMod:Penitence","ReplayTheSpireMod:Restless Dread","WordoMod:Plague","WordoMod:DarkForm","WordoMod:Sacrilege+1","Shame","Pot Of Greed","Pot Of Greed"],"relics":["WordoMod:Obsidian","WordoMod:Effigy","EVO:Axolotl","NeowsBlessing","StuffTheSpire:PointBlank","Blue Candle","StSpp:SailingBoat","Tiny House","StSpp:WoodenPendulum","Grinning Jar"],"acts_visited":["Exordium","TheCity"],"potions_floor_usage":[10,14,16,16,16,16,16,23,23],"damage_taken":[{"damage":0,"enemies":"Cultist","floor":1,"turns":1},{"damage":0,"enemies":"2 Louse","floor":2,"turns":1},{"damage":0,"enemies":"Small Slimes","floor":4,"turns":1},{"damage":25,"enemies":"3 Sentries","floor":7,"turns":3},{"damage":10,"enemies":"Exordium Thugs","floor":10,"turns":2},{"damage":7,"enemies":"Exordium Wildlife","floor":12,"turns":2},{"damage":37,"enemies":"Lagavulin","floor":14,"turns":4},{"damage":18,"enemies":"Fading Forest","floor":16,"turns":11},{"damage":12,"enemies":"Chosen","floor":18,"turns":5},{"damage":17,"enemies":"Spheric Guardian","floor":21,"turns":5},{"damage":47,"enemies":"Book of Stabbing","floor":23,"turns":5}],"seed_played":"-2121472521395704729","potions_obtained":[{"floor":2,"key":"Weak Potion"},{"floor":4,"key":"blueLaboratory:SavagePotion"},{"floor":8,"key":"blueLaboratory:FruitPreserves"},{"floor":8,"key":"Milkshake"},{"floor":10,"key":"EntropicBrew"},{"floor":16,"key":"blueLaboratory:TrueEctoplasm"},{"floor":17,"key":"blueLaboratory:NullPotion"}],"is_trial":false,"path_per_floor":["M","M","?","M","?","R","E","?","T","M","R","M","?","E","R","B",null,"M","$","?","M","?","E"],"character_chosen":"JUDGE_CLASS","items_purchased":["WordoMod:DarkForm","StSpp:WoodenPendulum"],"campfire_rested":2,"item_purchase_floors":[19,19],"current_hp_per_floor":[75,75,75,75,75,75,50,50,50,40,62,55,55,18,40,32,69,57,57,57,40,40,0,0],"gold":83,"neow_bonus":"THREE_ENEMY_KILL","is_daily":false,"chose_seed":false,"campfire_upgraded":1,"win_rate":0.0,"timestamp":1614227438,"path_taken":["M","M","?","M","?","R","E","?","T","?","R","M","?","E","R","BOSS","M","$","?","M","?","E"],"items_purchased_type":["Card","Relic"],"build_version":"2020-12-22","purchased_purges":0,"victory":false,"max_hp_per_floor":[75,75,75,75,75,75,75,75,75,75,75,75,75,75,75,75,80,80,80,80,80,80,80,80],"card_choices":[{"not_picked":["WordoMod:BoundlessGreed","WordoMod:Sacrilege"],"picked":"WordoMod:Cremate","floor":1},{"not_picked":["WordoMod:Vulgarity","WordoMod:MementoMori","WordoMod:BeneathTheMask"],"picked":"SKIP","floor":2},{"not_picked":["Shame","Replay:Hysterical Blindness"],"picked":"Voices","floor":4},{"not_picked":["WordoMod:BadMemories","WordoMod:BeneathTheMask"],"picked":"WordoMod:BloodThinning","floor":4},{"not_picked":["WordoMod:Behead","WordoMod:InfectiousCulture","WordoMod:BreakChains"],"picked":"SKIP","floor":7},{"not_picked":["WordoMod:Behead","WordoMod:MonkeysPaw","WordoMod:SoulSpear"],"picked":"SKIP","floor":10},{"not_picked":["ReplayTheSpireMod:Splinters","Elementarium:StickyTar"],"picked":"ReplayTheSpireMod:Doomed","floor":12},{"not_picked":["WordoMod:LanternFlame","WordoMod:BadMemories"],"picked":"WordoMod:Cataclysm","floor":12},{"not_picked":["WordoMod:MementoMori","WordoMod:HoldTheFort","WordoMod:BoundlessGreed"],"picked":"SKIP","floor":14},{"not_picked":["WordoMod:UltimateSacrifice","WordoMod:TheCure"],"picked":"WordoMod:EndOfTheWorld","floor":16},{"not_picked":["WordoMod:BurdenOfSin","WordoMod:Unchained"],"picked":"WordoMod:Penitence","floor":17},{"not_picked":["Delirium","Hallucinations"],"picked":"ReplayTheSpireMod:Restless Dread","floor":18},{"not_picked":["WordoMod:Repent+1","WordoMod:Behead"],"picked":"WordoMod:Plague","floor":18},{"not_picked":["WordoMod:BloodThinning","WordoMod:DarkBead","WordoMod:MementoMori+1","WordoMod:Sickness"],"picked":"WordoMod:Sacrilege+1","floor":21}],"player_experience":1890929,"relics_obtained":[{"floor":7,"key":"StuffTheSpire:PointBlank"},{"floor":9,"key":"Blue Candle"},{"floor":14,"key":"StSpp:SailingBoat"}],"event_choices":[{"damage_healed":0,"gold_gain":0,"player_choice":"Leave","damage_taken":0,"max_hp_gain":0,"max_hp_loss":0,"event_name":"The Cleric","floor":3,"gold_loss":0},{"damage_healed":0,"gold_gain":59,"player_choice":"Gained Gold","damage_taken":0,"max_hp_gain":0,"max_hp_loss":0,"event_name":"Golden Wing","floor":5,"gold_loss":0},{"damage_healed":0,"gold_gain":0,"player_choice":"Got Potions","damage_taken":0,"max_hp_gain":0,"max_hp_loss":0,"event_name":"Lab","floor":8,"gold_loss":0},{"damage_healed":0,"gold_gain":0,"cards_transformed":["ReplayTheSpireMod:Doomed"],"player_choice":"Transformed","damage_taken":0,"max_hp_gain":0,"max_hp_loss":0,"event_name":"Transmorgrifier","floor":13,"gold_loss":0,"cards_obtained":["Normality"]},{"damage_healed":0,"gold_gain":0,"player_choice":"Ignored","damage_taken":0,"max_hp_gain":0,"max_hp_loss":0,"event_name":"Ghosts","floor":20,"gold_loss":0},{"damage_healed":0,"gold_gain":0,"player_choice":"Stole Relic","damage_taken":0,"relics_obtained":["Grinning Jar"],"max_hp_gain":0,"max_hp_loss":0,"event_name":"Addict","floor":22,"gold_loss":0,"cards_obtained":["Shame"]}],"is_beta":false,"boss_relics":[{"not_picked":["Replay:Grab Bag","StuffTheSpire:RunicConfusion"],"picked":"Tiny House"}],"items_purged_floors":[],"is_endless":false,"potions_floor_spawned":[2,4,10,12,16],"killed_by":"Book of Stabbing","ascension_level":5,"is_humility":true}}