{"host":"71mgpozmht821pzh","time":1614285285,"event":{"mods":["BaseMod","Downfall","Minty Spire (QoL Compilation)","Replay The Spire","StSLib"],"gold_per_floor":[99,109,109,61,61,86,96,96,96,96,62,87,98,114,114,211,211,224,224,224,88,88,120,120,120,120,149,6,6,6,16,16,116,116,152,152,130,130,168,223,223,223,223,249,249,249,276,9,9,9],"floor_reached":51,"language":"ENG","playtime":3060,"items_purged":["Defend_P"],"score":806,"play_id":"1e82eae5-4772-42b2-9bdd-34ca82ac06da","local_time":"20210225143445","is_ascension_mode":true,"campfire_choices":[{"data":"Eruption","floor":8.0,"key":"SMITH"},{"data":"ForeignInfluence","floor":24.0,"key":"SMITH"},{"data":"Slimebound:MassFeed","floor":29.0,"key":"SMITH"},{"data":"Slimebound:Repurpose","floor":32.0,"key":"SMITH"},{"data":"Wish","floor":41,"key":"SMITH"},{"data":"Madness","floor":46,"key":"SMITH"},{"data":"Slimebound:Recycling","floor":49,"key":"SMITH"}],"circlet_count":0,"master_deck":["Strike_P+1","Strike_P+1","Defend_P","Defend_P+1","Eruption+1","Vigilance","EmptyBody+1","ForeignInfluence+1","Steam","Replay:BluntJabs+1","JustLucky","DeceiveReality","Slimebound:SplitLeeching+1","JustLucky+1","LessonLearned","FollowUp+1","Slimebound:SplitMire","Slimebound:Recycling+1","Evaluate+1","Meditate+1","Slimebound:SamplingLick+1","BowlingBash+1","Slimebound:MassFeed+1","Slimebound:Repurpose+1","Wish+1","AbeCurse","Crescendo","Madness+1","Madness","Protect","Slimebound:SplitAcid+1","Slimebound:HauntingLick+1","BowlingBash+1","Slimebound:Recollect+1"],"relics":["PureWater","Pet Ghost","Bag of Marbles","NeowsBlessing","Garlic","Philosopher\u0027s Stone","NeowsBlessing","NeowsBlessing","ReplayTheSpireMod:TigerMarble","Question Card","Replay:Ringing Soul","Abe\u0027s Treasure","NeowsBlessing","ReplayTheSpireMod:Ninjato","Vajra","Replay:Mystery Machine","Yang","Bottled Lightning","TheAbacus"],"acts_visited":["Exordium","TheCity","TheBeyond"],"potions_floor_usage":[47,50,50],"damage_taken":[{"damage":0.0,"enemies":"2 Louse","floor":2.0,"turns":1.0},{"damage":12.0,"enemies":"3 Sentries","floor":6.0,"turns":7.0},{"damage":0.0,"enemies":"Jaw Worm","floor":7.0,"turns":2.0},{"damage":0.0,"enemies":"Gremlin Nob","floor":12.0,"turns":1.0},{"damage":0.0,"enemies":"Cultist","floor":13.0,"turns":1.0},{"damage":0.0,"enemies":"3 Louse","floor":14.0,"turns":3.0},{"damage":4.0,"enemies":"Hexaghost","floor":16.0,"turns":7.0},{"damage":0.0,"enemies":"2 Thieves","floor":18.0,"turns":3.0},{"damage":0.0,"enemies":"Book of Stabbing","floor":23.0,"turns":1.0},{"damage":0.0,"enemies":"Gremlin Leader","floor":27.0,"turns":2.0},{"damage":0.0,"enemies":"3 Byrds","floor":31.0,"turns":4.0},{"damage":0.0,"enemies":"Pondfish","floor":33.0,"turns":1.0},{"damage":0.0,"enemies":"3 Shapes","floor":35.0,"turns":2.0},{"damage":0.0,"enemies":"3 Darklings","floor":39.0,"turns":2.0},{"damage":0.0,"enemies":"R_Hoarder","floor":40.0,"turns":1.0},{"damage":0,"enemies":"Giant Head","floor":44,"turns":2},{"damage":0,"enemies":"Reptomancer","floor":47,"turns":8},{"damage":7,"enemies":"Replay:Hell Engine","floor":50,"turns":8}],"seed_played":"-7880282276131101349","potions_obtained":[{"floor":5.0,"key":"Death Potion"},{"floor":5.0,"key":"Death Potion"},{"floor":5.0,"key":"Adrenaline Potion"},{"floor":6.0,"key":"Strength Potion"},{"floor":13.0,"key":"StancePotion"},{"floor":16.0,"key":"Toxic Potion"},{"floor":23.0,"key":"SteroidPotion"},{"floor":39.0,"key":"Adrenaline Potion"}],"is_trial":true,"path_per_floor":["WH","M","?","$","?","E","M","R","T","WH","$","E","M","M","R","B",null,"M","WH","WH","$","?","E","R","?","T","E","$","R","$","M","R","B",null,"M","?","$","WH","M","E","R","?","T","E","T","R","E","$","R","B",null],"character_chosen":"WATCHER","items_purchased":["Replay:BluntJabs","Slimebound:SplitLeeching+1","Meditate+1","Slimebound:MassFeed","Protect","Slimebound:Recollect+1","TheAbacus","EssenceOfSteel"],"campfire_rested":0,"item_purchase_floors":[4,11,21,28,37,48,48,48],"current_hp_per_floor":[72,72,72,72,72,60,60,60,60,60,60,60,60,60,60,56,72,72,72,72,72,72,72,72,59,59,62,65,65,65,76,76,79,100,111,100,103,103,107,114,114,114,114,117,117,117,120,123,123,116],"gold":9,"neow_bonus":"THREE_ENEMY_KILL","is_daily":false,"chose_seed":false,"campfire_upgraded":7,"win_rate":0.0,"timestamp":1614285285,"path_taken":["WH","M","?","$","?","E","M","R","T","WH","$","E","M","M","R","BOSS","M","WH","WH","?","?","E","R","?","T","E","$","R","$","M","R","BOSS","M","?","$","WH","M","E","R","?","T","E","?","R","E","?","R","BOSS"],"items_purchased_type":["Card","Card","Card","Card","Card","Card","Relic","Potion"],"build_version":"2020-12-22","purchased_purges":1,"victory":true,"max_hp_per_floor":[72,72,72,72,72,72,72,72,72,72,72,72,72,72,72,72,72,72,72,72,72,72,72,72,77,77,80,83,83,83,94,94,97,100,111,114,117,117,121,128,128,128,128,131,131,131,134,137,137,137],"card_choices":[{"not_picked":["Slimebound:GoopTackle","ClearTheMind"],"picked":"EmptyBody","floor":2.0},{"not_picked":["EmptyFist","EmptyMind"],"picked":"JustLucky","floor":6.0},{"not_picked":["Replay:Vibes","SashWhip"],"picked":"DeceiveReality","floor":7.0},{"not_picked":["Swivel","Evaluate"],"picked":"JustLucky","floor":12.0},{"not_picked":["Sanctity","Slimebound:LeadByExample"],"picked":"LessonLearned","floor":13.0},{"not_picked":["Replay:BluntJabs","CrushJoints"],"picked":"FollowUp","floor":14.0},{"not_picked":["Replay:AllIn","Slimebound:DouseInSlime"],"picked":"Slimebound:Recycling","floor":16.0},{"not_picked":["Sanctity","Slimebound:LeechingTouch"],"picked":"Evaluate","floor":18.0},{"not_picked":["Slimebound:SplitMire","Tantrum"],"picked":"Slimebound:SamplingLick+1","floor":23.0},{"not_picked":["Slimebound:DivideAndConquer","Slimebound:ItLooksTasty","WreathOfFlame"],"picked":"BowlingBash","floor":27.0},{"not_picked":["Slimebound:ItLooksTasty","Slimebound:GrowthPunch","Slimebound:Prepare"],"picked":"Slimebound:Repurpose","floor":31.0},{"not_picked":["Brilliance","Slimebound:DuplicatedForm","Slimebound:CheckThePlaybook"],"picked":"Wish","floor":33.0},{"not_picked":["Slimebound:ProtectTheBoss+1","Slimebound:SplitMire","Slimebound:ServeAndProtect+1"],"picked":"Crescendo","floor":35.0},{"not_picked":["Slimebound:SplitAcid","Slimebound:Schlurp","Consecrate","FlyingSleeves"],"picked":"SKIP","floor":39.0},{"not_picked":["Slimebound:LeechingTouch","Slimebound:LevelUp+1","Slimebound:SlimeBarrage+1"],"picked":"Slimebound:SplitAcid+1","floor":40.0},{"not_picked":["Slimebound:SplitAcid+1","Slimebound:ItLooksTasty","Slimebound:MassFeed"],"picked":"Slimebound:HauntingLick+1","floor":44},{"not_picked":["Slimebound:BestDefense","CrushJoints","SashWhip"],"picked":"BowlingBash+1","floor":47}],"player_experience":6562038,"relics_obtained":[{"floor":6.0,"key":"Pet Ghost"},{"floor":9.0,"key":"Bag of Marbles"},{"floor":12.0,"key":"Garlic"},{"floor":23.0,"key":"ReplayTheSpireMod:TigerMarble"},{"floor":26.0,"key":"Question Card"},{"floor":27.0,"key":"Replay:Ringing Soul"},{"floor":40.0,"key":"ReplayTheSpireMod:Ninjato"},{"floor":43,"key":"Vajra"},{"floor":44,"key":"Replay:Mystery Machine"},{"floor":45,"key":"Yang"},{"floor":47,"key":"Bottled Lightning"}],"event_choices":[{"damage_healed":0.0,"max_hp_gain":0.0,"max_hp_loss":0.0,"gold_gain":0.0,"event_name":"Lab","player_choice":"Got Potions","floor":5.0,"gold_loss":0.0,"damage_taken":0.0},{"damage_healed":0.0,"max_hp_gain":5.0,"max_hp_loss":0.0,"gold_gain":0.0,"event_name":"Forgotten Altar","player_choice":"Shed Blood","floor":25.0,"gold_loss":0.0,"damage_taken":18.0},{"damage_healed":0.0,"max_hp_gain":0.0,"max_hp_loss":0.0,"gold_gain":0.0,"event_name":"Winding Halls","player_choice":"Embrace Madness","floor":36.0,"gold_loss":0.0,"damage_taken":14.0,"cards_obtained":["Madness","Madness"]},{"damage_healed":0,"gold_gain":0,"player_choice":"Ignored","damage_taken":0,"max_hp_gain":0,"max_hp_loss":0,"event_name":"Tomb of Lord Red Mask","floor":42,"gold_loss":0}],"is_beta":false,"boss_relics":[{"not_picked":["Replay:Drink Me","Ring of Chaos"],"picked":"Philosopher\u0027s Stone"},{"not_picked":["Tiny House","Kintsugi"],"picked":"Abe\u0027s Treasure"}],"items_purged_floors":[21],"is_endless":false,"potions_floor_spawned":[6,13,16,23,27,33,39,40],"ascension_level":1}}