{"host":"zwfzlkwql9nyrw94","time":1614288106,"event":{"mods":["AchievementEnabler","BaseMod","Colored Map","Filter the Spire","Grow up Mod","Highlight Path","Minty Spire (QoL Compilation)","Remove Card Discount Mod"],"gold_per_floor":[362,512,440,453,0,31,31,58,58,68,85,116,106,117,117,188,188,207,225,243,261,95,95,127,127,178,212,212,240,340,370,370,445,445,465,465,294,305,305,305,333,4,4,4,4,18,53,71,71,71,71],"floor_reached":52,"language":"ENG","playtime":2995,"items_purged":["Doubt","Strike_R","Defend_R","Strike_R","Defend_R","Defend_R","Defend_R","Strike_R","Strike_R","Strike_R","Seeing Red"],"score":2112,"play_id":"a6f96799-3897-4ffe-94d4-127b70f01691","local_time":"20210225152146","is_ascension_mode":true,"campfire_choices":[{"data":"1","floor":7.0,"key":"LIFT"},{"data":"2","floor":15.0,"key":"LIFT"},{"data":"3","floor":23.0,"key":"LIFT"},{"data":"Armaments","floor":25.0,"key":"SMITH"},{"data":"Limit Break","floor":32,"key":"SMITH"},{"data":"Limit Break","floor":40,"key":"SMITH"},{"data":"Dual Wield","floor":44,"key":"SMITH"},{"data":"Flex","floor":49,"key":"SMITH"}],"circlet_count":0,"master_deck":["AscendersBane","Bash","Whirlwind","Sword Boomerang","Spot Weakness","Dual Wield+1","Twin Strike","Twin Strike","Heavy Blade","Flex+1","Armaments+1","Limit Break+1","Heavy Blade","Thunderclap","Flex+1","Thunderclap","Limit Break+1","Feed","Madness","Inflame"],"relics":["Burning Blood","Girya","Akabeko","Red Skull","Orichalcum","Darkstone Periapt","Bottled Lightning","Art of War","Sozu","Strange Spoon","Potion Belt","Bronze Scales","Toy Ornithopter","Blood Vial","Champion Belt","Pantograph","MealTicket","Velvet Choker","Omamori","White Beast Statue","Bag of Marbles","Lee\u0027s Waffle","HornCleat"],"acts_visited":["Exordium","TheCity","TheBeyond"],"potions_floor_usage":[50,51],"damage_taken":[{"damage":3.0,"enemies":"2 Louse","floor":1.0,"turns":2.0},{"damage":24.0,"enemies":"Jaw Worm","floor":4.0,"turns":4.0},{"damage":11.0,"enemies":"Gremlin Nob","floor":6.0,"turns":3.0},{"damage":7.0,"enemies":"3 Sentries","floor":8.0,"turns":4.0},{"damage":0.0,"enemies":"Cultist","floor":10.0,"turns":2.0},{"damage":0.0,"enemies":"Looter","floor":11.0,"turns":1.0},{"damage":14.0,"enemies":"Lagavulin","floor":12.0,"turns":4.0},{"damage":0.0,"enemies":"Blue Slaver","floor":14.0,"turns":1.0},{"damage":30.0,"enemies":"The Guardian","floor":16.0,"turns":4.0},{"damage":0.0,"enemies":"Chosen","floor":18.0,"turns":2.0},{"damage":6.0,"enemies":"3 Byrds","floor":19.0,"turns":3.0},{"damage":18.0,"enemies":"Snake Plant","floor":20.0,"turns":3.0},{"damage":8.0,"enemies":"Centurion and Healer","floor":21.0,"turns":2.0},{"damage":23.0,"enemies":"Book of Stabbing","floor":24.0,"turns":3.0},{"damage":38.0,"enemies":"Slavers","floor":27.0,"turns":3.0},{"damage":23,"enemies":"Book of Stabbing","floor":29,"turns":2},{"damage":24,"enemies":"Colosseum Slavers","floor":30,"turns":4},{"damage":7,"enemies":"Colosseum Nobs","floor":30,"turns":3},{"damage":17,"enemies":"Slavers","floor":31,"turns":3},{"damage":38,"enemies":"Collector","floor":33,"turns":4},{"damage":3,"enemies":"3 Darklings","floor":35,"turns":2},{"damage":6,"enemies":"Orb Walker","floor":38,"turns":2},{"damage":108,"enemies":"Nemesis","floor":41,"turns":9},{"damage":21,"enemies":"Sphere and 2 Shapes","floor":46,"turns":2},{"damage":0,"enemies":"Reptomancer","floor":47,"turns":2},{"damage":0,"enemies":"3 Darklings","floor":48,"turns":1},{"damage":36,"enemies":"Donu and Deca","floor":50,"turns":4},{"damage":61,"enemies":"Time Eater","floor":51,"turns":5}],"seed_played":"-2352608601944677025","potions_obtained":[{"floor":4.0,"key":"SkillPotion"},{"floor":6.0,"key":"BlessingOfTheForge"},{"floor":10.0,"key":"Swift Potion"},{"floor":16.0,"key":"Dexterity Potion"}],"is_trial":false,"path_per_floor":["M","?","?","M","$","E","R","E","T","M","M","E","$","M","R","B",null,"M","M","M","M","$","R","E","R","T","E","?","E","?","E","R","B",null,"M","?","$","M","?","R","E","$","T","R","?","M","E","M","R","B","B",null],"character_chosen":"IRONCLAD","items_purchased":["Spot Weakness","Akabeko","Red Skull","Dual Wield","Strange Spoon","Omamori","Bag of Marbles","Lee\u0027s Waffle"],"campfire_rested":0,"item_purchase_floors":[5,5,5,5,22,37,42,42],"current_hp_per_floor":[73,83,93,85,95,100,110,119,129,145,161,163,173,189,199,185,240,256,266,264,272,282,292,285,295,305,283,293,286,281,282,292,297,396,411,421,446,462,388,398,308,516,526,536,546,544,562,579,589,572,557],"gold":71,"neow_bonus":"TWO_FIFTY_GOLD","is_daily":false,"chose_seed":false,"campfire_upgraded":5,"win_rate":0.0,"timestamp":1614288106,"path_taken":["M","?","?","?","$","E","R","E","T","M","M","E","$","M","R","BOSS","M","M","M","M","$","R","E","R","T","E","?","E","?","E","R","BOSS","M","?","$","M","?","R","E","$","T","R","?","M","E","M","R","BOSS","BOSS"],"items_purchased_type":["Card","Relic","Relic","Card","Relic","Relic","Relic","Relic"],"build_version":"2020-12-22","purchased_purges":11,"victory":true,"max_hp_per_floor":[95,105,115,125,135,145,155,165,175,185,195,205,215,225,235,245,255,265,275,285,295,305,315,325,335,345,355,365,375,385,395,405,415,425,435,445,455,469,479,489,499,516,526,536,546,559,569,579,589,602,612],"card_choices":[{"not_picked":["Anger","Sever Soul"],"picked":"Whirlwind","floor":1.0},{"not_picked":["Flame Barrier","Searing Blow"],"picked":"Sword Boomerang","floor":4.0},{"not_picked":["Anger","Clash"],"picked":"Twin Strike","floor":6.0},{"not_picked":["Pommel Strike","Havoc"],"picked":"Twin Strike","floor":8.0},{"not_picked":["Twin Strike","Sever Soul"],"picked":"Heavy Blade","floor":10.0},{"not_picked":["Thunderclap","Wild Strike"],"picked":"Flex","floor":11.0},{"not_picked":["Infernal Blade","Whirlwind","Warcry"],"picked":"SKIP","floor":12.0},{"not_picked":["Burning Pact","Headbutt"],"picked":"Armaments","floor":14.0},{"not_picked":["Barricade","Offering"],"picked":"Limit Break","floor":16.0},{"not_picked":["Clothesline","Bloodletting","True Grit"],"picked":"SKIP","floor":18.0},{"not_picked":["Havoc","Whirlwind"],"picked":"Heavy Blade","floor":19.0},{"not_picked":["Armaments","Disarm","Reckless Charge"],"picked":"SKIP","floor":20.0},{"not_picked":["Ghostly Armor","Perfected Strike"],"picked":"Seeing Red","floor":21.0},{"not_picked":["Feel No Pain","Bloodletting"],"picked":"Thunderclap","floor":24.0},{"not_picked":["Barricade","Corruption","Shrug It Off"],"picked":"SKIP","floor":27.0},{"not_picked":["Battle Trance","Thunderclap"],"picked":"Flex+1","floor":29},{"not_picked":["Anger","True Grit"],"picked":"Thunderclap","floor":30},{"not_picked":["Havoc","Wild Strike"],"picked":"Limit Break","floor":31},{"not_picked":["Juggernaut","Demon Form"],"picked":"Feed","floor":33},{"not_picked":["Searing Blow","Reckless Charge","Clash"],"picked":"SKIP","floor":35},{"not_picked":["Seeing Red","Thunderclap","Bloodletting"],"picked":"SKIP","floor":38},{"not_picked":["Body Slam+1","Blood for Blood+1"],"picked":"Inflame","floor":41},{"not_picked":["Clothesline","True Grit","Reckless Charge+1"],"picked":"SKIP","floor":46},{"not_picked":["Rupture","Sentinel","Second Wind"],"picked":"SKIP","floor":47},{"not_picked":["Armaments","True Grit","Headbutt"],"picked":"SKIP","floor":48}],"player_experience":251492,"relics_obtained":[{"floor":6.0,"key":"Orichalcum"},{"floor":8.0,"key":"Darkstone Periapt"},{"floor":9.0,"key":"Bottled Lightning"},{"floor":12.0,"key":"Art of War"},{"floor":24.0,"key":"Potion Belt"},{"floor":26.0,"key":"Bronze Scales"},{"floor":27.0,"key":"Toy Ornithopter"},{"floor":29,"key":"Blood Vial"},{"floor":30,"key":"Champion Belt"},{"floor":30,"key":"Pantograph"},{"floor":31,"key":"MealTicket"},{"floor":41,"key":"White Beast Statue"},{"floor":47,"key":"HornCleat"}],"event_choices":[{"damage_healed":0.0,"max_hp_gain":0.0,"max_hp_loss":0.0,"gold_gain":150.0,"event_name":"Liars Game","player_choice":"AGREE","floor":2.0,"gold_loss":0.0,"damage_taken":0.0,"cards_obtained":["Doubt"]},{"damage_healed":0.0,"max_hp_gain":0.0,"max_hp_loss":0.0,"gold_gain":0.0,"event_name":"WeMeetAgain","player_choice":"Paid Gold","floor":3.0,"gold_loss":72.0,"damage_taken":0.0,"relics_obtained":["Girya"]},{"damage_healed":0.0,"max_hp_gain":0.0,"max_hp_loss":0.0,"gold_gain":0.0,"event_name":"Beggar","player_choice":"Ignored","floor":28.0,"gold_loss":0.0,"damage_taken":0.0},{"damage_healed":0,"gold_gain":0,"player_choice":"Fight","damage_taken":0,"max_hp_gain":0,"max_hp_loss":0,"event_name":"Colosseum","floor":30,"gold_loss":0},{"damage_healed":0,"gold_gain":0,"player_choice":"Fought Nobs","damage_taken":0,"max_hp_gain":0,"max_hp_loss":0,"event_name":"Colosseum","floor":30,"gold_loss":0},{"damage_healed":0,"gold_gain":0,"player_choice":"Ignored","damage_taken":0,"max_hp_gain":0,"max_hp_loss":0,"event_name":"Tomb of Lord Red Mask","floor":36,"gold_loss":0},{"damage_healed":0,"gold_gain":0,"player_choice":"Embrace Madness","damage_taken":84,"max_hp_gain":0,"max_hp_loss":0,"event_name":"Winding Halls","floor":39,"gold_loss":0,"cards_obtained":["Madness","Madness"]},{"cards_removed":["Madness"],"damage_healed":0,"gold_gain":0,"player_choice":"Removed Skill","damage_taken":0,"max_hp_gain":0,"max_hp_loss":0,"event_name":"Falling","floor":45,"gold_loss":0}],"is_beta":false,"boss_relics":[{"not_picked":["Snecko Eye","Runic Cube"],"picked":"Sozu"},{"not_picked":["Calling Bell","Black Star"],"picked":"Velvet Choker"}],"items_purged_floors":[5,5,5,5,5,13,13,13,13,13,37],"is_endless":false,"potions_floor_spawned":[4,6,10,16,18,20,30,30,33,41,46,47,48],"ascension_level":20}}