{"host":"1poy056mauca3bbh","time":1614214964,"event":{"mods":["Ascension Unlocker","BaseMod","Bestiary","Block Reminder","Colored Map","Colored Powertips","Curses Come First","Highlight Path","Minty Spire (QoL Compilation)","Permanent Neow","Quick Restart","Rare Cards Sparkle","Relic Stats","Smile Girya","StSLib","UnlockEverythingMod"],"gold_per_floor":[114,133,133,31,41,41,61,61,61,78,90,14,78,95,95,170,170,180,196,196,196,23,23,23,23,23],"floor_reached":25,"language":"ENG","playtime":1449,"items_purged":[],"score":386,"play_id":"59963fe2-276c-43dd-971c-6806674d1bc7","local_time":"20210224200244","is_ascension_mode":true,"campfire_choices":[{"data":"Dash","floor":6.0,"key":"SMITH"},{"floor":8.0,"key":"REST"},{"floor":15.0,"key":"REST"},{"floor":23,"key":"REST"}],"circlet_count":0,"master_deck":["AscendersBane","Strike_G","Strike_G","Strike_G","Strike_G","Defend_G","Defend_G","Defend_G","Defend_G","Defend_G","Survivor","Neutralize","Slice","Accuracy","Quick Slash","Cloak And Dagger","Deadly Poison","Dash+1","Tactician","Outmaneuver","Terror","Infinite Blades","Well Laid Plans","Poisoned Stab","After Image","Dagger Throw","Accuracy"],"relics":["Ring of the Snake","Lizard Tail","White Beast Statue","Mercury Hourglass","Busted Crown","Nilry\u0027s Codex","Pen Nib","Bottled Lightning"],"acts_visited":["Exordium","TheCity"],"potions_floor_usage":[19,19,25],"damage_taken":[{"damage":7.0,"enemies":"Cultist","floor":1.0,"turns":5.0},{"damage":0.0,"enemies":"2 Louse","floor":2.0,"turns":3.0},{"damage":3.0,"enemies":"Small Slimes","floor":5.0,"turns":4.0},{"damage":6.0,"enemies":"Blue Slaver","floor":7.0,"turns":4.0},{"damage":11.0,"enemies":"Exordium Thugs","floor":10.0,"turns":5.0},{"damage":3.0,"enemies":"Red Slaver","floor":11.0,"turns":3.0},{"damage":21.0,"enemies":"Lagavulin Event","floor":13.0,"turns":5.0},{"damage":2.0,"enemies":"Looter","floor":14.0,"turns":2.0},{"damage":33.0,"enemies":"Slime Boss","floor":16.0,"turns":8.0},{"damage":19.0,"enemies":"Shell Parasite","floor":18.0,"turns":5.0},{"damage":12,"enemies":"2 Thieves","floor":19,"turns":2},{"damage":56,"enemies":"Gremlin Leader","floor":25,"turns":2}],"seed_played":"-233402365262341122","potions_obtained":[{"floor":5.0,"key":"LiquidBronze"},{"floor":10.0,"key":"DuplicationPotion"},{"floor":13.0,"key":"Energy Potion"},{"floor":16.0,"key":"BlessingOfTheForge"},{"floor":18.0,"key":"PowerPotion"},{"floor":19,"key":"SpeedPotion"}],"is_trial":false,"path_per_floor":["M","M","?","$","M","R","M","R","T","M","M","$","?","M","R","B",null,"M","M","?","?","$","R","T","E"],"character_chosen":"THE_SILENT","items_purchased":["Cloak And Dagger","Deadly Poison","Infinite Blades","Pen Nib"],"campfire_rested":3,"item_purchase_floors":[4,4,12,22],"current_hp_per_floor":[52,52,52,52,49,49,43,60,60,49,46,46,25,23,41,8,47,28,16,16,30,30,48,48,0,0],"gold":23,"neow_bonus":"ONE_RARE_RELIC","is_daily":false,"chose_seed":false,"campfire_upgraded":1,"win_rate":0.0,"timestamp":1614214964,"path_taken":["M","?","?","$","?","R","M","R","T","M","M","$","?","M","R","BOSS","M","M","?","?","$","R","?","E"],"items_purchased_type":["Card","Card","Card","Relic"],"build_version":"2020-12-22","purchased_purges":0,"victory":false,"max_hp_per_floor":[60,60,60,60,60,60,60,60,60,60,60,60,60,60,60,60,60,60,60,60,60,60,60,60,60,60],"relic_stats":{"Lizard Tail":30,"Busted Crown":4,"counters":[12,48],"Pen Nib":[0],"obtain_stats":[{"Lizard Tail":0,"Busted Crown":17,"Nilry\u0027s Codex":21,"Pen Nib":22,"Bottled Lightning":24,"White Beast Statue":9,"Ring of the Snake":0,"Mercury Hourglass":13},{"Lizard Tail":0,"Busted Crown":9,"Nilry\u0027s Codex":11,"Pen Nib":11,"Bottled Lightning":11,"White Beast Statue":4,"Ring of the Snake":0,"Mercury Hourglass":7},{"Lizard Tail":0,"Busted Crown":39,"Nilry\u0027s Codex":46,"Pen Nib":46,"Bottled Lightning":46,"White Beast Statue":16,"Ring of the Snake":0,"Mercury Hourglass":29}],"Ring of the Snake":[24],"Mercury Hourglass":[72]},"card_choices":[{"not_picked":["PiercingWail","Cloak And Dagger"],"picked":"Slice","floor":1.0},{"not_picked":["Dodge and Roll","Reflex"],"picked":"Accuracy","floor":2.0},{"not_picked":["Concentrate","Acrobatics"],"picked":"Dash","floor":5.0},{"not_picked":["Flying Knee","Sucker Punch"],"picked":"Tactician","floor":7.0},{"not_picked":["Choke","Prepared"],"picked":"Outmaneuver","floor":10.0},{"not_picked":["Outmaneuver","Slice"],"picked":"Terror","floor":11.0},{"not_picked":["Dodge and Roll","Choke"],"picked":"Well Laid Plans","floor":13.0},{"not_picked":["Backflip","Quick Slash"],"picked":"Poisoned Stab","floor":14.0},{"not_picked":["Unload","Grand Finale"],"picked":"After Image","floor":16.0},{"not_picked":[],"picked":"Dagger Throw","floor":18.0},{"not_picked":[],"picked":"Accuracy","floor":19}],"player_experience":179790,"relics_obtained":[{"floor":9.0,"key":"White Beast Statue"},{"floor":13.0,"key":"Mercury Hourglass"},{"floor":21,"key":"Nilry\u0027s Codex"},{"floor":24,"key":"Bottled Lightning"}],"event_choices":[{"damage_healed":0.0,"max_hp_gain":0.0,"max_hp_loss":0.0,"gold_gain":0.0,"cards_transformed":["Strike_G"],"event_name":"Transmorgrifier","player_choice":"Transformed","floor":3.0,"gold_loss":0.0,"damage_taken":0.0,"cards_obtained":["Quick Slash"]},{"damage_healed":0.0,"max_hp_gain":0.0,"max_hp_loss":0.0,"gold_gain":30.0,"event_name":"Dead Adventurer","player_choice":"Searched \u00272\u0027 times","floor":13.0,"gold_loss":0.0,"damage_taken":0.0},{"damage_healed":0,"gold_gain":0,"player_choice":"Ignored","damage_taken":0,"max_hp_gain":0,"max_hp_loss":0,"event_name":"Beggar","floor":20,"gold_loss":0},{"damage_healed":0,"gold_gain":0,"player_choice":"Obtained Book","damage_taken":21,"max_hp_gain":0,"max_hp_loss":0,"event_name":"Cursed Tome","floor":21,"gold_loss":0}],"is_beta":false,"boss_relics":[{"not_picked":["Runic Dome","Sozu"],"picked":"Busted Crown"}],"items_purged_floors":[],"is_endless":false,"potions_floor_spawned":[5,10,11,13,14,16,18,19],"killed_by":"Gremlin Leader","ascension_level":20}}