{"host":"ormi09wwzv7sq47a","time":1614221144,"event":{"mods":["2.2 Compatiblity","AchievementEnabler","Act Like it!","BaseMod","Bestiary","Better Altar","Better Note","Better Sensory Stone","Better Silent Start","Better Skull","Better Third Choice","Better Vampires","BetterRewards","Block Reminder","Card Forge","Colored Map","Colored Powertips","Curses Come First","Downfall","Highlight Path","Minty Spire (QoL Compilation)","Permanent Neow","Quick Restart","Rare Cards Sparkle","Relic Stats","Shop Mod","StSLib","The Jungle"],"gold_per_floor":[111,111,129,142,142,142,173,173,173,173,173,173,198,214,214,307,307,320,334,44,44,59,93,93,93,93,93,105,117,117,137,137,216,216,236,253,270,283,38,38,53,53,53,53,53,53,53,92,92,92,92],"floor_reached":50,"language":"ENG","playtime":2600,"items_purged":[],"score":887,"play_id":"a774ebb6-3044-4cdb-84aa-213902cb635b","local_time":"20210224234544","is_ascension_mode":true,"campfire_choices":[{"floor":6.0,"key":"REST"},{"floor":8.0,"key":"REST"},{"data":"Sadistic Nature","floor":11.0,"key":"SMITH"},{"data":"Phantasmal Killer","floor":15.0,"key":"SMITH"},{"floor":24.0,"key":"REST"},{"data":"Noxious Fumes","floor":27.0,"key":"SMITH"},{"data":"Corpse Explosion","floor":30.0,"key":"SMITH"},{"floor":32.0,"key":"DIG"},{"data":"Phantasmal Killer","floor":40.0,"key":"SMITH"},{"floor":42.0,"key":"REST"},{"floor":45,"key":"DIG"},{"floor":49,"key":"REST"}],"circlet_count":0,"master_deck":["AscendersBane","Strike_G","Strike_G","Defend_G","Defend_G","Defend_G","Defend_G","Survivor","Neutralize","Sadistic Nature+1","Skewer","Tactician","Footwork","Leg Sweep","Predator","Deflect","Concentrate","Flying Knee","Expertise","Choke","Phantasmal Killer+1","Footwork","Phantasmal Killer+1","CurseOfTheBell","Cloak And Dagger+1","Noxious Fumes+1","Leg Sweep+1","PiercingWail","Concentrate","Tactician","Cloak And Dagger+1","Well Laid Plans+1","Distraction+1","Eviscerate","Corpse Explosion+1","Bane","Skewer+1","Glass Knife","Outmaneuver+1","Caltrops","Outmaneuver+1","Dagger Throw+1","Acrobatics+1","Escape Plan+1","Caltrops+1","Predator+1","Dark Shackles","Secret Weapon","Blur"],"relics":["Ring of the Snake","Hammer of Thor","Seething Fire","Anvil of the Gods","ClockworkSouvenir","Prayer Wheel","Shovel","Lizard Tail","The Specimen","Ornamental Fan","Bloody Idol","Calling Bell","Strawberry","Question Card","Girya","TwistedFunnel","Bronze Scales","Omamori","sneckomod:BlankCard","Juzu Bracelet","Busted Crown","Bottled Lightning","bronze:DecasWashers","CeramicFish","Pocketwatch"],"acts_visited":["Exordium","TheCity","TheBeyond"],"potions_floor_usage":[48,50],"damage_taken":[{"damage":6.0,"enemies":"Jaw Worm","floor":1.0,"turns":4.0},{"damage":0.0,"enemies":"2 Louse","floor":3.0,"turns":3.0},{"damage":0.0,"enemies":"Small Slimes","floor":4.0,"turns":4.0},{"damage":28.0,"enemies":"3 Sentries","floor":7.0,"turns":11.0},{"damage":0.0,"enemies":"Red Slaver","floor":13.0,"turns":5.0},{"damage":0.0,"enemies":"3 Louse","floor":14.0,"turns":4.0},{"damage":1.0,"enemies":"Slime Boss","floor":16.0,"turns":10.0},{"damage":15.0,"enemies":"3 Byrds","floor":18.0,"turns":8.0},{"damage":10.0,"enemies":"Spheric Guardian","floor":19.0,"turns":5.0},{"damage":27.0,"enemies":"Cultist and Chosen","floor":22.0,"turns":5.0},{"damage":10.0,"enemies":"Gremlin Leader","floor":23.0,"turns":5.0},{"damage":0.0,"enemies":"Centurion and Healer","floor":28.0,"turns":7.0},{"damage":6.0,"enemies":"Shelled Parasite and Fungi","floor":29.0,"turns":7.0},{"damage":0.0,"enemies":"3 Cultists","floor":31.0,"turns":2.0},{"damage":37.0,"enemies":"Collector","floor":33.0,"turns":8.0},{"damage":2.0,"enemies":"Orb Walker","floor":35.0,"turns":4.0},{"damage":12.0,"enemies":"3 Darklings","floor":36.0,"turns":2.0},{"damage":5.0,"enemies":"Spire Growth","floor":37.0,"turns":4.0},{"damage":9.0,"enemies":"4 Shapes","floor":38.0,"turns":4.0},{"damage":45.0,"enemies":"Maw","floor":41.0,"turns":7.0},{"damage":60,"enemies":"Nemesis","floor":48,"turns":7},{"damage":46,"enemies":"Awakened One","floor":50,"turns":6}],"seed_played":"-6942444541737336049","potions_obtained":[{"floor":1.0,"key":"CunningPotion"},{"floor":4.0,"key":"ColorlessPotion"},{"floor":13.0,"key":"Weak Potion"},{"floor":18.0,"key":"Strength Potion"},{"floor":19.0,"key":"sneckomod:MuddlingPotion"},{"floor":28.0,"key":"CultistPotion"},{"floor":36.0,"key":"CunningPotion"},{"floor":37.0,"key":"DistilledChaos"},{"floor":38.0,"key":"Ancient Potion"}],"is_trial":false,"path_per_floor":["M","?","M","M","?","R","E","R","T","?","R","?","M","M","R","B",null,"M","M","$","?","M","E","R","?","T","R","M","M","R","M","R","B",null,"M","M","M","M","$","R","M","R","T","?","R","?","?","E","R","B"],"character_chosen":"THE_SILENT","items_purchased":["ClockworkSouvenir","Prayer Wheel","Sadistic Nature","Skewer","TwistedFunnel","Bronze Scales","Bottled Lightning"],"campfire_rested":5,"item_purchase_floors":[0,0,0,0,20,20,39],"current_hp_per_floor":[25,18,18,18,15,36,8,29,29,29,29,29,29,29,29,28,67,52,42,42,41,19,14,37,37,37,37,42,41,41,46,46,14,61,64,57,57,53,53,53,13,36,36,36,36,36,36,25,46,0,0],"gold":92,"neow_bonus":"","is_daily":false,"chose_seed":false,"campfire_upgraded":5,"win_rate":0.0,"timestamp":1614221144,"path_taken":["M","?","M","M","?","R","E","R","T","?","R","?","M","?","R","BOSS","M","M","$","?","M","E","R","?","T","R","M","M","R","M","R","BOSS","M","M","M","M","$","R","M","R","T","?","R","?","?","E","R","BOSS"],"items_purchased_type":["Relic","Relic","Card","Card","Relic","Relic","Relic"],"build_version":"2020-12-22","purchased_purges":0,"victory":false,"max_hp_per_floor":[70,70,70,70,70,70,70,70,70,70,70,70,70,70,70,70,77,77,77,77,77,77,77,77,77,77,77,77,77,77,77,77,77,77,77,77,77,77,77,77,77,77,77,77,77,77,73,73,73,73,73],"relic_stats":{"counters":[22,122],"CeramicFish":9,"Juzu Bracelet":2,"Question Card":27,"Lizard Tail":36,"Shovel":2,"Busted Crown":26,"Ornamental Fan":[80],"Bloody Idol":65,"Bronze Scales":[183],"Prayer Wheel":16,"obtain_stats":[{"TwistedFunnel":20,"sneckomod:BlankCard":26,"CeramicFish":45,"Hammer of Thor":0,"Juzu Bracelet":32,"ClockworkSouvenir":0,"Lizard Tail":5,"Shovel":0,"Strawberry":17,"Prayer Wheel":0,"Ring of the Snake":0,"Girya":17,"The Specimen":7,"Golden Idol":10,"bronze:DecasWashers":43,"Omamori":23,"Seething Fire":0,"Question Card":17,"Calling Bell":17,"Busted Crown":34,"Anvil of the Gods":0,"Ornamental Fan":9,"Bronze Scales":20,"Bloody Idol":21,"Bottled Lightning":39,"Pocketwatch":48},{"TwistedFunnel":9,"sneckomod:BlankCard":11,"CeramicFish":20,"Hammer of Thor":0,"Juzu Bracelet":14,"ClockworkSouvenir":0,"Lizard Tail":3,"Shovel":0,"Strawberry":7,"Prayer Wheel":0,"Ring of the Snake":0,"Girya":7,"The Specimen":4,"Golden Idol":4,"bronze:DecasWashers":20,"Omamori":11,"Seething Fire":0,"Question Card":7,"Calling Bell":7,"Busted Crown":15,"Anvil of the Gods":0,"Ornamental Fan":4,"Bronze Scales":9,"Bloody Idol":9,"Bottled Lightning":19,"Pocketwatch":21},{"TwistedFunnel":54,"sneckomod:BlankCard":64,"CeramicFish":109,"Hammer of Thor":0,"Juzu Bracelet":80,"ClockworkSouvenir":0,"Lizard Tail":11,"Shovel":0,"Strawberry":41,"Prayer Wheel":0,"Ring of the Snake":0,"Girya":41,"The Specimen":22,"Golden Idol":22,"bronze:DecasWashers":109,"Omamori":64,"Seething Fire":0,"Question Card":41,"Calling Bell":41,"Busted Crown":88,"Anvil of the Gods":0,"Ornamental Fan":22,"Bronze Scales":54,"Bloody Idol":54,"Bottled Lightning":102,"Pocketwatch":116}],"Ring of the Snake":[110],"Pocketwatch":[6]},"card_choices":[{"not_picked":["Reflex","Dagger Throw"],"picked":"Tactician","floor":1.0},{"not_picked":["Outmaneuver","Escape Plan"],"picked":"Footwork","floor":1.0},{"not_picked":["Reflex","Blade Dance"],"picked":"Leg Sweep","floor":3.0},{"not_picked":["Flying Knee","Prepared"],"picked":"Predator","floor":3.0},{"not_picked":["Flying Knee","Prepared"],"picked":"Deflect","floor":4.0},{"not_picked":["Riddle With Holes","Poisoned Stab","Bane"],"picked":"SKIP","floor":4.0},{"not_picked":["Bane","Dodge and Roll"],"picked":"Concentrate","floor":7.0},{"not_picked":["Cloak And Dagger","Flying Knee"],"picked":"Expertise","floor":13.0},{"not_picked":["Cloak And Dagger","Deflect"],"picked":"Choke","floor":13.0},{"not_picked":["Infinite Blades","Riddle With Holes"],"picked":"Phantasmal Killer","floor":14.0},{"not_picked":["Cloak And Dagger","Deadly Poison"],"picked":"Footwork","floor":14.0},{"not_picked":["Tools of the Trade","Grand Finale"],"picked":"Phantasmal Killer","floor":16.0},{"not_picked":["Outmaneuver","Concentrate","Bane"],"picked":"Cloak And Dagger+1","floor":18.0},{"not_picked":["Accuracy","Concentrate","Deadly Poison+1"],"picked":"Noxious Fumes","floor":18.0},{"not_picked":["Heel Hook","Quick Slash","Masterful Stab"],"picked":"Leg Sweep+1","floor":19.0},{"not_picked":["Skewer","Eviscerate","Flying Knee"],"picked":"PiercingWail","floor":19.0},{"not_picked":["Deflect","Blade Dance","Endless Agony"],"picked":"Concentrate","floor":22.0},{"not_picked":["Escape Plan","Poisoned Stab","Skewer"],"picked":"Tactician","floor":22.0},{"not_picked":["Sucker Punch+1","Predator+1","Blade Dance+1"],"picked":"Cloak And Dagger+1","floor":23.0},{"not_picked":["Quick Slash","PiercingWail","Escape Plan"],"picked":"Well Laid Plans+1","floor":28.0},{"not_picked":["Deadly Poison+1","Bane","Poisoned Stab"],"picked":"Distraction+1","floor":28.0},{"not_picked":["Distraction","Choke","Predator"],"picked":"Eviscerate","floor":29.0},{"not_picked":["Sucker Punch","Skewer+1","Concentrate"],"picked":"Corpse Explosion","floor":29.0},{"not_picked":["Slice","Dagger Spray","Deadly Poison"],"picked":"Bane","floor":31.0},{"not_picked":["Slice","Sucker Punch","Flying Knee"],"picked":"Skewer+1","floor":31.0},{"not_picked":["Night Terror","Malaise","Bullet Time"],"picked":"Glass Knife","floor":33.0},{"not_picked":["Dodge and Roll"],"picked":"Outmaneuver+1","floor":35.0},{"not_picked":["Slice"],"picked":"Caltrops","floor":35.0},{"not_picked":["Backstab"],"picked":"Outmaneuver+1","floor":36.0},{"not_picked":["Masterful Stab","Quick Slash"],"picked":"SKIP","floor":36.0},{"not_picked":["Cloak And Dagger"],"picked":"Dagger Throw+1","floor":37.0},{"not_picked":["Bane","Underhanded Strike"],"picked":"SKIP","floor":37.0},{"not_picked":["Quick Slash"],"picked":"Acrobatics+1","floor":38.0},{"not_picked":["Choke+1"],"picked":"Escape Plan+1","floor":38.0},{"not_picked":["Leg Sweep"],"picked":"Caltrops+1","floor":41.0},{"not_picked":["Outmaneuver"],"picked":"Predator+1","floor":41.0},{"not_picked":["Forethought"],"picked":"Dark Shackles","floor":44},{"not_picked":["Madness"],"picked":"Secret Weapon","floor":44},{"not_picked":["Slice"],"picked":"Blur","floor":48}],"player_experience":1158057,"relics_obtained":[{"floor":7.0,"key":"The Specimen"},{"floor":9.0,"key":"Ornamental Fan"},{"floor":17.0,"key":"Strawberry"},{"floor":17.0,"key":"Question Card"},{"floor":17.0,"key":"Girya"},{"floor":23.0,"key":"Omamori"},{"floor":26.0,"key":"sneckomod:BlankCard"},{"floor":32.0,"key":"Juzu Bracelet"},{"floor":43,"key":"bronze:DecasWashers"},{"floor":45,"key":"CeramicFish"},{"floor":48,"key":"Pocketwatch"}],"event_choices":[{"cards_removed":["Strike_G"],"damage_healed":0.0,"max_hp_gain":0.0,"max_hp_loss":0.0,"gold_gain":0.0,"event_name":"Golden Wing","player_choice":"Card Removal","floor":2.0,"gold_loss":0.0,"damage_taken":7.0},{"damage_healed":0.0,"max_hp_gain":0.0,"max_hp_loss":0.0,"gold_gain":1.0,"event_name":"betterThird:BetterScrap","player_choice":"Relic ","floor":5.0,"gold_loss":0.0,"damage_taken":3.0,"cards_obtained":["SpiritShield"]},{"damage_healed":0.0,"max_hp_gain":0.0,"max_hp_loss":0.0,"gold_gain":0.0,"event_name":"Golden Idol","player_choice":"Take Wound","floor":10.0,"gold_loss":0.0,"damage_taken":0.0,"relics_obtained":["Golden Idol"],"cards_obtained":["Injury"]},{"damage_healed":0.0,"max_hp_gain":0.0,"max_hp_loss":0.0,"gold_gain":0.0,"cards_transformed":["Strike_G"],"event_name":"Transmorgrifier","player_choice":"Transformed","floor":12.0,"gold_loss":0.0,"damage_taken":0.0,"cards_obtained":["Flying Knee"]},{"damage_healed":0.0,"max_hp_gain":42.0,"max_hp_loss":41.0,"gold_gain":0.0,"event_name":"betterAltar:BetterAltar","player_choice":" GoldIdol ","floor":21.0,"potions_obtained":[],"relics_lost":["Golden Idol"],"gold_loss":0.0,"damage_taken":1.0,"relics_obtained":["Bloody Idol"]},{"damage_healed":0.0,"max_hp_gain":0.0,"max_hp_loss":0.0,"gold_gain":0.0,"event_name":"FaceTrader","player_choice":"Leave","floor":25.0,"gold_loss":0.0,"damage_taken":0.0},{"damage_healed":0,"gold_gain":3,"player_choice":"1","damage_taken":0,"max_hp_gain":0,"max_hp_loss":0,"event_name":"betterStone:BetterStone","floor":44,"gold_loss":0},{"cards_removed":["Injury"],"damage_healed":0,"gold_gain":0,"player_choice":"Removed Curses","damage_taken":0,"max_hp_gain":0,"max_hp_loss":0,"event_name":"Fountain of Cleansing","floor":46,"gold_loss":0},{"damage_healed":0,"gold_gain":0,"player_choice":"Max HP","damage_taken":0,"max_hp_gain":0,"max_hp_loss":4,"event_name":"Winding Halls","floor":47,"gold_loss":0}],"is_beta":false,"boss_relics":[{"not_picked":["Tiny House","Ectoplasm"],"picked":"Calling Bell"},{"not_picked":["Runic Pyramid","expansioncontent:StudyCardRelic"],"picked":"Busted Crown"}],"items_purged_floors":[],"is_endless":false,"potions_floor_spawned":[1,4,13,18,19,28,36,37,38],"killed_by":"Awakened One","ascension_level":13}}