{"host":"nolo0osttpwefhwj","time":1614264637,"event":{"mods":["AchievementEnabler","BaseMod","Bestiary","Colored Powertips","Minty Spire (QoL Compilation)","Permanent Neow","Quick Restart","Relic Stats"],"gold_per_floor":[110,110,110,126,144,144,178,190,214,232,261,261,287,303,303,374,374,387,747,340,350,30,30,42,42,42],"floor_reached":25,"language":"ENG","playtime":1304,"items_purged":[],"score":435,"play_id":"4f180739-94eb-4e5d-8e81-576d659acc7e","local_time":"20210225155037","is_ascension_mode":true,"campfire_choices":[{"data":"Whirlwind","floor":6.0,"key":"SMITH"},{"floor":15.0,"key":"REST"},{"floor":23,"key":"REST"}],"circlet_count":0,"master_deck":["AscendersBane","Defend_R","Defend_R","Bash","True Grit","Pommel Strike","Shrug It Off","Whirlwind+1","Armaments","Shrug It Off","Evolve","Demon Form","Sword Boomerang","Heavy Blade","Shrug It Off","Feed","Ghostly Armor+1","Immolate+1","Rampage+1","Power Through","Immolate+1","Flame Barrier"],"relics":["Burning Blood","Omamori","Nunchaku","Dream Catcher","Self Forming Clay","Astrolabe","Medical Kit","Strawberry","Bronze Scales","DollysMirror"],"acts_visited":["Exordium","TheCity"],"potions_floor_usage":[16,16,18,18,25],"damage_taken":[{"damage":6.0,"enemies":"Jaw Worm","floor":1.0,"turns":8.0},{"damage":4.0,"enemies":"Small Slimes","floor":4.0,"turns":3.0},{"damage":4.0,"enemies":"Cultist","floor":5.0,"turns":4.0},{"damage":18.0,"enemies":"3 Sentries","floor":7.0,"turns":4.0},{"damage":0.0,"enemies":"3 Louse","floor":8.0,"turns":2.0},{"damage":14.0,"enemies":"Gremlin Gang","floor":10.0,"turns":4.0},{"damage":21.0,"enemies":"Gremlin Nob","floor":11.0,"turns":4.0},{"damage":10.0,"enemies":"3 Sentries","floor":13.0,"turns":9.0},{"damage":14.0,"enemies":"Red Slaver","floor":14.0,"turns":3.0},{"damage":27,"enemies":"Slime Boss","floor":16,"turns":8},{"damage":15,"enemies":"2 Thieves","floor":18,"turns":4},{"damage":22,"enemies":"Shell Parasite","floor":21,"turns":8},{"damage":24,"enemies":"Sentry and Sphere","floor":24,"turns":5},{"damage":27,"enemies":"Slavers","floor":25,"turns":1}],"seed_played":"3002680498135408394","potions_obtained":[{"floor":1.0,"key":"Ancient Potion"},{"floor":5.0,"key":"Block Potion"},{"floor":7.0,"key":"ElixirPotion"},{"floor":11.0,"key":"EssenceOfSteel"},{"floor":14.0,"key":"Dexterity Potion"},{"floor":16,"key":"EntropicBrew"},{"floor":18,"key":"PowerPotion"}],"is_trial":false,"path_per_floor":["M","?","?","M","M","R","E","M","T","M","E","?","E","M","R","B",null,"M","?","$","M","$","R","M","E"],"character_chosen":"IRONCLAD","items_purchased":["Power Through","Medical Kit","Strawberry","Bronze Scales","DollysMirror"],"campfire_rested":2,"item_purchase_floors":[20,20,20,22,22],"current_hp_per_floor":[50,50,50,52,54,54,42,48,48,40,25,25,21,13,35,14,60,55,19,26,13,13,39,21,0,0],"gold":42,"neow_bonus":"REMOVE_TWO","is_daily":false,"chose_seed":false,"campfire_upgraded":1,"win_rate":0.0,"timestamp":1614264637,"path_taken":["M","?","?","M","M","R","E","M","T","?","E","?","E","?","R","BOSS","M","?","$","?","$","R","M","E"],"items_purchased_type":["Card","Relic","Relic","Relic","Relic"],"build_version":"2020-12-22","purchased_purges":0,"victory":false,"max_hp_per_floor":[75,75,75,75,75,75,75,75,75,75,75,75,75,75,75,75,75,79,79,86,89,89,89,89,89,89],"relic_stats":{"Nunchaku":[5],"Dream Catcher":2,"counters":[14,67],"Self Forming Clay":[36],"Astrolabe":["Ghostly Armor","Immolate","Rampage"],"Bronze Scales":[12],"Medical Kit":[8],"obtain_stats":[{"Nunchaku":9,"Dream Catcher":11,"Self Forming Clay":13,"DollysMirror":22,"Astrolabe":17,"Strawberry":20,"Bronze Scales":22,"Omamori":7,"Medical Kit":20,"Burning Blood":0},{"Nunchaku":5,"Dream Catcher":7,"Self Forming Clay":8,"DollysMirror":12,"Astrolabe":10,"Strawberry":11,"Bronze Scales":12,"Omamori":4,"Medical Kit":11,"Burning Blood":0},{"Nunchaku":21,"Dream Catcher":29,"Self Forming Clay":38,"DollysMirror":61,"Astrolabe":49,"Strawberry":53,"Bronze Scales":61,"Omamori":19,"Medical Kit":53,"Burning Blood":0}],"Burning Blood":78},"card_choices":[{"not_picked":["Burning Pact","Perfected Strike"],"picked":"True Grit","floor":1.0},{"not_picked":["Twin Strike","Fire Breathing"],"picked":"Shrug It Off","floor":4.0},{"not_picked":["Flex","Heavy Blade"],"picked":"Whirlwind","floor":5.0},{"not_picked":["True Grit","Anger"],"picked":"Armaments","floor":7.0},{"not_picked":["Armaments","Combust"],"picked":"Shrug It Off","floor":8.0},{"not_picked":["Burning Pact","Dual Wield","Limit Break"],"picked":"SKIP","floor":10.0},{"not_picked":["Clothesline","Twin Strike"],"picked":"Evolve","floor":11.0},{"not_picked":["Body Slam","Twin Strike"],"picked":"Sword Boomerang","floor":13.0},{"not_picked":["Armaments","True Grit"],"picked":"Heavy Blade","floor":14.0},{"not_picked":["Flex","Twin Strike"],"picked":"Shrug It Off","floor":15.0},{"not_picked":["Reaper","Fiend Fire"],"picked":"Feed","floor":16},{"not_picked":["Wild Strike","Cleave","Clash"],"picked":"SKIP","floor":18},{"not_picked":["Cleave+1","Reckless Charge","Perfected Strike+1"],"picked":"SKIP","floor":21},{"not_picked":["Sword Boomerang","Searing Blow"],"picked":"Flame Barrier","floor":24}],"player_experience":315854,"relics_obtained":[{"floor":7.0,"key":"Omamori"},{"floor":9.0,"key":"Nunchaku"},{"floor":11.0,"key":"Dream Catcher"},{"floor":13.0,"key":"Self Forming Clay"}],"event_choices":[{"damage_healed":0.0,"max_hp_gain":0.0,"max_hp_loss":0.0,"gold_gain":0.0,"event_name":"Liars Game","player_choice":"Ignored","floor":2.0,"gold_loss":0.0,"damage_taken":0.0},{"damage_healed":0.0,"max_hp_gain":0.0,"max_hp_loss":0.0,"gold_gain":0.0,"cards_transformed":["Strike_R"],"event_name":"Transmorgrifier","player_choice":"Transformed","floor":3.0,"gold_loss":0.0,"damage_taken":0.0,"cards_obtained":["Pommel Strike"]},{"damage_healed":0.0,"max_hp_gain":0.0,"max_hp_loss":0.0,"gold_gain":0.0,"cards_transformed":["Strike_R"],"event_name":"Transmorgrifier","player_choice":"Transformed","floor":12.0,"gold_loss":0.0,"damage_taken":0.0,"cards_obtained":["Demon Form"]},{"damage_healed":0,"gold_gain":360,"player_choice":"GOLD GOLD GOLD GOLD ","damage_taken":36,"max_hp_gain":0,"max_hp_loss":0,"event_name":"Knowing Skull","floor":19,"potions_obtained":[],"gold_loss":0,"cards_obtained":[]}],"is_beta":false,"boss_relics":[{"not_picked":["Runic Dome","SlaversCollar"],"picked":"Astrolabe"}],"items_purged_floors":[],"is_endless":false,"potions_floor_spawned":[1,5,7,11,14,16,18],"killed_by":"Slavers","ascension_level":19}}