{"host":"gmyk8bg94oizxlix","time":1614222658,"event":{"mods":["Aspiration","Bard","BaseMod","Beaked The Cultist","Better Third Choice","Colored Powertips","Conspire","Downfall","Energized Spire","GifTheSpireLib","Glutton Mod","Googly Eyes","Hermit","Hubris","Infinite Spire","Mad Scientist","Marisa????????","Minty Spire (QoL Compilation)","Quick Restart","Replay The Spire","Shade Mod","Spikes Relics","StSLib","Stuff the Spire","The Bladedancer","The Construct","The Cursed","The Disciple","The Druid","The Florist","The Forsaken","The Jungle","The Necromancer","The Poker Player","The Runesmith","The Sage","The Servant 0.9.4"],"gold_per_floor":[99,111,111,129,47,65,65,80,100,0,0,13,33,45,58,162,162,162,180,180,230,21,21,21,33,33,62,72,88,88,115,129,225,225,125,136,136,149,194,205,231,231,116,134,153,153,153,153,164,164,164,164,175,175,190,190,340,340,340,353,371,371,371,398,398,398,497,497,497,515,535,551,551,567,567,583,483,90,90,101,101,130,144,246,246,246,257,275,275,63,79,79,19,19,19,19,19,19,19,19],"floor_reached":98,"language":"ENG","playtime":154142,"items_purged":["CloudedMind","hexamod:Defend","Parasite","hexamod:Defend","hexamod:HeatMetal","hexamod:Sear"],"score":1759,"play_id":"e43e99f6-5077-4fc0-9801-910b801913d3","local_time":"20210224221058","is_ascension_mode":false,"campfire_choices":[{"data":"hexamod:Again","floor":10.0,"key":"SMITH"},{"data":"Writhe","floor":18.0,"key":"PURGE"},{"data":"hexamod:HexaLevel","floor":26.0,"key":"SMITH"},{"floor":30.0,"key":"REST"},{"data":"hexamod:Strike","floor":35.0,"key":"PURGE"},{"floor":47.0,"key":"REST"},{"floor":52.0,"key":"DIG"},{"data":"hexamod:ForkedFlame","floor":63,"key":"SMITH"},{"floor":69,"key":"RECALL"},{"floor":77,"key":"REST"},{"floor":79,"key":"REST"},{"data":"ReplayTheSpireMod:Book of Names","floor":86,"key":"SMITH"},{"floor":94,"key":"REST"},{"floor":97,"key":"REST"}],"circlet_count":0,"master_deck":["hexamod:Strike","hexamod:Strike","hexamod:Defend","hexamod:Defend","hexamod:Float","hexamod:EmpoweredFlame","hexamod:ShieldOfDarkness","hexamod:EmpoweredFlame","hexamod:Again+1","hexamod:PhantomCloak","hexamod:InspiringFlames","hexamod:FastForward","hexamod:ExtraCrispy","hexamod:TimeOfNeed","hexamod:AdvancingGuard","hexamod:HexaLevel+1","hexamod:ExtraCrispy+1","hexamod:FastForward","hexamod:WildfireWeapon","hexamod:Hexaguard+1","hexamod:GhostOfSpireFuture","hexamod:FastForward","hexamod:HauntingEcho","hexamod:GhostOfSpireFuture","hexamod:InspiringFlames+1","hexamod:AdvancingGuard","hexamod:ChargedBarrage+1","hexamod:Hexaguard","hexamod:ForkedFlame+1","hexamod:InspiringFlames+1","hexamod:SpectralAdrenaline","hexamod:TimeWarp","hexamod:GhostOfSpireFuture","hexamod:InspiringFlames","hexamod:Again","ReplayTheSpireMod:Book of Names+1","hexamod:UnlimitedPower","hexamod:PhantomCloak","infinitespire:Collect","hubris:Rewind","hexamod:PhantomCloak","hexamod:StepThrough","theForsaken:PlagueCurse","hexamod:RadiantFlame","hexamod:ForkedFlame","hexamod:ChargedBarrage+1","hexamod:FastForward+1","hexamod:HeatShield","hexamod:ChargedBarrage","hexamod:ChargedBarrage","hexamod:ChargedBarrage"],"relics":["hexamod:SpiritBrand","downfall:HeartBlessingBlue","Replay:Ancient Bell","Orichalcum","StuffTheSpire:CocoNut","Bird Faced Urn","sagemod:Singing_Vial","Juzu Bracelet","StuffTheSpire:Nightcore","energizedSpire:EnergizedDie","downfall:HeartBlessingGreen","CatCart","Oddly Smooth Stone","hubris:Towel","StuffTheSpire:OldFever","aspiration:MobileForge","infinitespire:PuzzleCube","hubris:ToyBattleship","ReplayTheSpireMod:Ring of Challenge","Replay:Baseball","conspire:SlowCooker","Smiling Mask","downfall:HeartBlessingRed","conspire:DeflatedDodgeball","theForsaken:PlagueMask","Sozu","Pet Ghost","SpikesRelics:SneckoPlush","Centennial Puzzle"],"acts_visited":["Exordium","TheCity","TheBeyond","Exordium","TheCity","TheBeyond"],"potions_floor_usage":[66,66,78,82,84,84],"damage_taken":[{"damage":0.0,"enemies":"Small Slimes","floor":2.0,"turns":3.0},{"damage":0.0,"enemies":"Cultist","floor":4.0,"turns":3.0},{"damage":0.0,"enemies":"downfall:FleeingMerchant","floor":5.0,"turns":4.0},{"damage":1.0,"enemies":"conspire:RoseBush","floor":6.0,"turns":4.0},{"damage":7.0,"enemies":"conspire:2 RoseBushes","floor":8.0,"turns":7.0},{"damage":5.0,"enemies":"2 Fungi Beasts","floor":9.0,"turns":7.0},{"damage":3.0,"enemies":"downfall:FleeingMerchant","floor":11.0,"turns":4.0},{"damage":0.0,"enemies":"Large Slime","floor":12.0,"turns":8.0},{"damage":5.0,"enemies":"conspire:2 RoseBushes","floor":13.0,"turns":6.0},{"damage":3.0,"enemies":"Red Slaver","floor":14.0,"turns":4.0},{"damage":4.0,"enemies":"3 Louse","floor":15.0,"turns":7.0},{"damage":34.0,"enemies":"DF_ARCHETYPE_STREAMLINE","floor":16.0,"turns":12.0},{"damage":11.0,"enemies":"Chosen","floor":19.0,"turns":8.0},{"damage":10.0,"enemies":"downfall:FleeingMerchant","floor":22.0,"turns":4.0},{"damage":0.0,"enemies":"conspire:FuzzyDice","floor":25.0,"turns":8.0},{"damage":26.0,"enemies":"Replay:Snechameleon","floor":27.0,"turns":8.0},{"damage":25.0,"enemies":"Snake Plant","floor":28.0,"turns":5.0},{"damage":8.0,"enemies":"Snecko","floor":29.0,"turns":6.0},{"damage":16.0,"enemies":"Nightmare","floor":31.0,"turns":8.0},{"damage":42.0,"enemies":"Chosen and Byrds","floor":32.0,"turns":8.0},{"damage":65.0,"enemies":"WA_ARCHETYPE_CALM","floor":33.0,"turns":13.0},{"damage":11.0,"enemies":"Orb Walker","floor":36.0,"turns":3.0},{"damage":32.0,"enemies":"3 Darklings","floor":38.0,"turns":6.0},{"damage":64.0,"enemies":"Orin","floor":39.0,"turns":11.0},{"damage":16.0,"enemies":"Writhing Mass","floor":40.0,"turns":7.0},{"damage":0.0,"enemies":"downfall:FleeingMerchant","floor":43.0,"turns":4.0},{"damage":13.0,"enemies":"Sphere and 2 Shapes","floor":44.0,"turns":6.0},{"damage":3.0,"enemies":"4 Shapes","floor":45.0,"turns":4.0},{"damage":16.0,"enemies":"Spire Growth","floor":49.0,"turns":6.0},{"damage":47.0,"enemies":"SI_POISON_ARCHETYPE","floor":50.0,"turns":13.0},{"damage":0.0,"enemies":"Cultist","floor":53.0,"turns":3.0},{"damage":31.0,"enemies":"conspire:MimicChest","floor":54.0,"turns":6.0},{"damage":10.0,"enemies":"Jaw Worm","floor":55.0,"turns":4.0},{"damage":0,"enemies":"Small Slimes","floor":60,"turns":4},{"damage":7,"enemies":"Red Slaver","floor":61,"turns":3},{"damage":7,"enemies":"3 Sentries","floor":64,"turns":5},{"damage":0,"enemies":"Blue Slaver","floor":65,"turns":3},{"damage":25,"enemies":"Gremlin Gang","floor":66,"turns":5},{"damage":1,"enemies":"The Guardian","floor":67,"turns":7},{"damage":28,"enemies":"Shell Parasite","floor":70,"turns":4},{"damage":43,"enemies":"conspire:FuzzyDice","floor":71,"turns":6},{"damage":103,"enemies":"Cultist and Chosen","floor":72,"turns":6},{"damage":23,"enemies":"3 Cultists","floor":74,"turns":6},{"damage":41,"enemies":"Replay:Snechameleon","floor":75,"turns":5},{"damage":65,"enemies":"Snecko","floor":76,"turns":7},{"damage":4,"enemies":"downfall:FleeingMerchant","floor":78,"turns":4},{"damage":27,"enemies":"Cultist and Chosen","floor":80,"turns":7},{"damage":10,"enemies":"conspire:Head Lice","floor":82,"turns":9},{"damage":65,"enemies":"Shelled Parasite and Fungi","floor":83,"turns":6},{"damage":23,"enemies":"Automaton","floor":84,"turns":9},{"damage":29,"enemies":"Orb Walker","floor":87,"turns":3},{"damage":21,"enemies":"3 Shapes","floor":88,"turns":4},{"damage":94,"enemies":"Spire Growth","floor":89,"turns":5},{"damage":0,"enemies":"downfall:FleeingMerchant","floor":90,"turns":1},{"damage":18,"enemies":"Maw","floor":91,"turns":6},{"damage":53,"enemies":"R_Hoarder","floor":92,"turns":7},{"damage":139,"enemies":"3 Darklings","floor":98,"turns":7}],"seed_played":"2571598859584519205","potions_obtained":[{"floor":2.0,"key":"Strength Potion"},{"floor":8.0,"key":"PowerPotion"},{"floor":9.0,"key":"SpeedPotion"},{"floor":12.0,"key":"Strength Potion"},{"floor":16.0,"key":"Fire Potion"},{"floor":25.0,"key":"bronze:BurnAndBuffPotion"},{"floor":33.0,"key":"LiquidMemories"},{"floor":38.0,"key":"infinitespire:BlackPotion"},{"floor":40.0,"key":"DuplicationPotion"},{"floor":44.0,"key":"SpeedPotion"},{"floor":50.0,"key":"Flashbang"},{"floor":55.0,"key":"FearPotion"},{"floor":60,"key":"SneckoOil"},{"floor":66,"key":"FearPotion"},{"floor":74,"key":"Venom Potion"},{"floor":76,"key":"ColorlessPotion"},{"floor":80,"key":"SkillPotion"},{"floor":82,"key":"Explosive Potion"}],"is_trial":false,"path_per_floor":["R","M","?","M","$","M","T","M","M","R","$","M","M","M","M","B",null,"R","M","?","?","$","?","T","M","R","E","M","M","R","NM","M","B",null,"R","M","?","M","?","M","T","?","$","M","M","T","R","AVR","M","B",null,"R","M","?","M","?","?","T","?","M","M","?","R","E","M","M","B",null,"R","M","M","M","AVR","M","E","M","R","$","R","M","?","E","M","B",null,"R","M","M","M","$","M","E","$","R","?","?","R","M"],"character_chosen":"THE_SPIRIT","items_purchased":["hexamod:PhantomCloak","hexamod:GhostOfSpireFuture","hexamod:FastForward","conspire:DeflatedDodgeball","hexamod:StepThrough","hexamod:HeatShield","Pet Ghost","SpikesRelics:SneckoPlush","Centennial Puzzle","hexamod:ChargedBarrage"],"campfire_rested":6,"item_purchase_floors":[5,22,22,78,78,90,90,90,90,93],"current_hp_per_floor":[77,77,77,77,77,76,76,69,64,74,71,71,66,63,59,25,94,94,89,89,89,89,89,89,94,94,78,59,65,93,84,58,11,94,94,87,87,70,28,30,30,30,44,47,50,50,78,78,74,47,91,91,91,68,70,70,70,70,70,80,79,84,84,91,96,83,96,96,96,74,45,96,96,77,50,7,35,51,79,68,68,84,31,36,96,96,71,62,59,61,65,32,32,60,60,60,88,0,0,0],"gold":19,"neow_bonus":"TEN_PERCENT_HP_BONUS","is_daily":false,"chose_seed":false,"campfire_upgraded":4,"win_rate":0.0,"timestamp":1614222658,"path_taken":["R","M","?","M","$","M","T","M","?","R","?","M","M","M","M","BOSS","R","M","?","?","$","?","T","M","R","E","M","M","R","NM","M","BOSS","R","M","?","M","?","M","T","?","$","M","M","?","R","AVR","M","BOSS","R","M","?","M","?","?","T","?","M","M","?","R","E","M","M","BOSS","R","M","M","M","AVR","M","E","M","R","$","R","M","?","E","M","BOSS","R","M","M","M","$","M","E","$","R","?","?","R","M"],"items_purchased_type":["Card","Card","Card","Relic","Card","Card","Relic","Relic","Relic","Card"],"build_version":"2020-12-22","purchased_purges":6,"victory":false,"max_hp_per_floor":[77,77,77,77,77,77,77,77,77,87,87,87,87,87,87,87,94,94,94,94,94,94,94,94,94,94,94,94,94,94,94,94,94,94,94,94,94,94,94,94,94,94,94,94,94,94,94,91,91,91,91,91,91,91,91,91,91,91,91,91,91,96,96,96,96,96,96,96,96,96,96,96,96,96,96,96,96,96,96,96,96,96,96,96,96,96,96,96,96,96,96,96,96,96,96,96,96,96,96,96],"card_choices":[{"not_picked":["hexamod:NightmareStrike","hexamod:GhostLash"],"picked":"hexamod:ShieldOfDarkness","floor":2.0},{"not_picked":["hexamod:SwordOfDarkness","hexamod:Haunt"],"picked":"hexamod:EmpoweredFlame","floor":4.0},{"not_picked":["hexamod:GhostLash","hexamod:SwordOfDarkness"],"picked":"hexamod:Again","floor":5.0},{"not_picked":["hexamod:Hexaguard","hexamod:PhantomFireball"],"picked":"hexamod:InspiringFlames","floor":6.0},{"not_picked":["hexamod:SpectersWail","hexamod:ThirdSeal","hexamod:SecondSeal"],"picked":"SKIP","floor":8.0},{"not_picked":["hexamod:GhostShield","hexamod:SpectersWail"],"picked":"hexamod:FastForward","floor":9.0},{"not_picked":["hexamod:BurningTouch","hexamod:PhantomFireball"],"picked":"hexamod:ExtraCrispy","floor":11.0},{"not_picked":["hexamod:ThirdSeal","hexamod:SwordOfDarkness"],"picked":"hexamod:HeatMetal","floor":12.0},{"not_picked":["hexamod:NightmareStrike","hexamod:NightmareGuise","hexamod:HeatCrush"],"picked":"SKIP","floor":13.0},{"not_picked":["hexamod:NecessarySacrifice","hexamod:BacktrackSmack"],"picked":"hexamod:TimeOfNeed","floor":14.0},{"not_picked":["hexamod:NightmareGuise","hexamod:FirstSeal"],"picked":"hexamod:AdvancingGuard","floor":15.0},{"not_picked":["hexamod:TimeOfNeed","hexamod:ParanormalForm"],"picked":"hexamod:HexaLevel","floor":16.0},{"not_picked":["Decay","infinitespire:Pacifist"],"picked":"CloudedMind","floor":17.0},{"not_picked":["Parasite","CurseOfTheBell"],"picked":"Writhe","floor":17.0},{"not_picked":["Replay:Hysterical Blindness","Writhe"],"picked":"CloudedMind","floor":17.0},{"not_picked":["hexamod:NightmareGuise+1","hexamod:RetreatToShadows+1"],"picked":"hexamod:ExtraCrispy+1","floor":19.0},{"not_picked":["hexamod:ShieldOfDarkness","hexamod:BacktrackSmack"],"picked":"hexamod:FastForward","floor":21.0},{"not_picked":["hexamod:HeatMetal","hexamod:SwordOfDarkness"],"picked":"hexamod:WildfireWeapon","floor":21.0},{"not_picked":["hexamod:NightmareGuise+1","hexamod:VolcanoVisage"],"picked":"hexamod:Hexaguard+1","floor":22.0},{"not_picked":["hexamod:Firestarter+1","hexamod:SwordOfDarkness"],"picked":"hexamod:HauntingEcho","floor":25.0},{"not_picked":["hexamod:GhostLash","hexamod:ParanormalForm","hexamod:ThermalTransfer+1"],"picked":"Singing Bowl","floor":27.0},{"not_picked":["hexamod:HeatMetal+1","hexamod:SpectersWail"],"picked":"hexamod:GhostOfSpireFuture","floor":28.0},{"not_picked":["hexamod:FourthSeal","hexamod:HeatCrush+1"],"picked":"hexamod:InspiringFlames+1","floor":29.0},{"not_picked":["hexamod:HauntingEcho","hexamod:Haunt"],"picked":"hexamod:AdvancingGuard","floor":31.0},{"not_picked":["hexamod:Haunt","hexamod:GhostLash"],"picked":"hexamod:ChargedBarrage+1","floor":32.0},{"not_picked":["hexamod:Firestarter","hexamod:EtherealExpedition"],"picked":"hexamod:Hexaguard","floor":36.0},{"not_picked":["hexamod:BurningTouch+1","hexamod:GhostShield+1","hexamod:HeatMetal+1"],"picked":"Singing Bowl","floor":38.0},{"not_picked":["hexamod:AdvancingGuard+1","hexamod:Hexaguard"],"picked":"hexamod:ForkedFlame","floor":39.0},{"not_picked":["hexamod:SwordOfDarkness","hexamod:Haunt"],"picked":"hexamod:InspiringFlames+1","floor":40.0},{"not_picked":["hexamod:UnlimitedPower","hexamod:FourthSeal"],"picked":"hexamod:SpectralAdrenaline","floor":43.0},{"not_picked":["hexamod:Firestarter","hexamod:ThermalTransfer+1","hexamod:Rewind"],"picked":"Singing Bowl","floor":44.0},{"not_picked":["hexamod:HauntingEcho","hexamod:Firestarter+1","hexamod:HeatMetal+1"],"picked":"SKIP","floor":45.0},{"not_picked":["hexamod:DynamicBlow","hexamod:NightmareGuise","hexamod:Hexaguard"],"picked":"SKIP","floor":49.0},{"not_picked":["hexamod:TimeOfNeed","hexamod:SixthSeal"],"picked":"hexamod:TimeWarp","floor":50.0},{"not_picked":["hexamod:GhostLash","hexamod:ThermalTransfer"],"picked":"hexamod:GhostOfSpireFuture","floor":53.0},{"not_picked":["hexamod:GhostLash","hexamod:UnleashSpirits","hexamod:GhostflameBarrier"],"picked":"Singing Bowl","floor":54.0},{"not_picked":["hexamod:CatchUp","hexamod:DynamicBlow","hexamod:RainOfEmbers"],"picked":"SKIP","floor":55.0},{"not_picked":["hexamod:NightmareGuise","hexamod:Firestarter"],"picked":"hexamod:InspiringFlames","floor":60},{"not_picked":["hexamod:GhostOfSpirePresent","hexamod:Firestarter","hexamod:Hexaguard"],"picked":"Singing Bowl","floor":61},{"not_picked":["hexamod:ThirdSeal","hexamod:ShieldOfDarkness","hexamod:AdvancingGuard"],"picked":"SKIP","floor":64},{"not_picked":["hexamod:Incineration","hexamod:GhostOfSpirePast","hexamod:SoulSteal"],"picked":"SKIP","floor":65},{"not_picked":["hexamod:Firestarter","hexamod:SwordOfDarkness"],"picked":"hexamod:Again","floor":66},{"not_picked":["hubris:Fate","infinitespire:SealOfDarkness+"],"picked":"ReplayTheSpireMod:Book of Names","floor":67},{"not_picked":["hexamod:UnleashSpirits","hexamod:FifthSeal"],"picked":"hexamod:UnlimitedPower","floor":67},{"not_picked":["hexamod:ThermalTransfer","hexamod:SkipABeat","hexamod:EtherealExpedition"],"picked":"Singing Bowl","floor":70},{"not_picked":["hexamod:RainOfEmbers+1","hexamod:Hexaguard","hexamod:SpectersWail"],"picked":"SKIP","floor":71},{"not_picked":["hexamod:GhostLash","hexamod:InspiringFlames"],"picked":"hexamod:PhantomCloak","floor":72},{"not_picked":["hexamod:BurningTouch","hexamod:InspiringFlames","hexamod:GhostLash"],"picked":"Singing Bowl","floor":74},{"not_picked":["hexamod:HauntingEcho+1","hexamod:SpectersWail"],"picked":"hexamod:PhantomCloak","floor":75},{"not_picked":["hexamod:ThermalTransfer","hexamod:BacktrackSmack+1","hexamod:GhostLash"],"picked":"Singing Bowl","floor":76},{"not_picked":["hexamod:Hexaguard","hexamod:RainOfEmbers","hexamod:SpectersWail+1"],"picked":"SKIP","floor":78},{"not_picked":["hexamod:ExtraCrispy+1","hexamod:GhostShield","hexamod:ThermalTransfer+1"],"picked":"SKIP","floor":80},{"not_picked":["hexamod:GhostOfSpireFuture","hexamod:TurnItUp"],"picked":"hexamod:RadiantFlame","floor":82},{"not_picked":["hexamod:GhostLash","hexamod:SpectersWail"],"picked":"hexamod:ForkedFlame","floor":83},{"not_picked":["hexamod:Hexaguard","hexamod:HauntingEcho+1","hexamod:DynamicBlow+1"],"picked":"SKIP","floor":87},{"not_picked":["hexamod:GhostShield","hexamod:GhostLash+1"],"picked":"hexamod:ChargedBarrage+1","floor":88},{"not_picked":["hexamod:Firestarter","hexamod:BurningTouch+1"],"picked":"hexamod:FastForward+1","floor":89},{"not_picked":["hexamod:NightmareStrike","hexamod:SpectersWail","hexamod:TimeOfNeed"],"picked":"SKIP","floor":90},{"not_picked":["hexamod:SpectersWail","hexamod:HauntingEcho"],"picked":"hexamod:ChargedBarrage","floor":91},{"not_picked":["hexamod:InspiringFlames","hexamod:DynamicBlow","hexamod:SpectersWail+1"],"picked":"SKIP","floor":92}],"player_experience":751912,"relics_obtained":[{"floor":21.0,"key":"sagemod:Singing_Vial"},{"floor":24.0,"key":"Juzu Bracelet"},{"floor":27.0,"key":"StuffTheSpire:Nightcore"},{"floor":31.0,"key":"ReplayTheSpireMod:TigerMarble"},{"floor":39.0,"key":"CatCart"},{"floor":41.0,"key":"Oddly Smooth Stone"},{"floor":52.0,"key":"infinitespire:PuzzleCube"},{"floor":54.0,"key":"hubris:ToyBattleship"},{"floor":56.0,"key":"ReplayTheSpireMod:Ring of Challenge"},{"floor":58.0,"key":"Replay:Baseball"}],"event_choices":[{"damage_healed":0.0,"max_hp_gain":0.0,"max_hp_loss":0.0,"gold_gain":0.0,"event_name":"NoteForYourself","player_choice":"Ignored","floor":3.0,"gold_loss":0.0,"damage_taken":0.0},{"damage_healed":0.0,"max_hp_gain":0.0,"max_hp_loss":0.0,"gold_gain":0.0,"event_name":"OrinTheCat","player_choice":"Fight","floor":39.0,"gold_loss":0.0,"damage_taken":0.0},{"damage_healed":0,"gold_gain":0,"player_choice":"Donut","damage_taken":0,"max_hp_gain":5,"max_hp_loss":0,"event_name":"Big Fish","floor":62,"gold_loss":0},{"damage_healed":0,"gold_gain":0,"player_choice":"Obtain Plague Curse","damage_taken":0,"max_hp_gain":0,"max_hp_loss":0,"event_name":"Plague Doctor","floor":81,"gold_loss":0,"cards_obtained":["theForsaken:PlagueCurse"]}],"is_beta":false,"boss_relics":[{"not_picked":["Coffee Dripper","energizedSpire:RedRose"],"picked":"Replay:Ancient Bell"},{"not_picked":["MawBank","hubris:ToyBattleship"],"picked":"Orichalcum"},{"not_picked":["aspiration:HummingbirdHeart","hubris:MobiusCoin"],"picked":"StuffTheSpire:CocoNut"},{"not_picked":["sagemod:Blowpipe","construct:RocketBooster"],"picked":"Bird Faced Urn"},{"not_picked":["aspiration:RunicSpoon","Replay:Drink Me"],"picked":"energizedSpire:EnergizedDie"},{"not_picked":["Replay:Cursed D8","hubris:RunicObelisk"],"picked":"aspiration:MobileForge"},{"not_picked":["conspire:SeveredTorchhead","Runic Dome","hubris:BlackHole"]},{"not_picked":["energizedSpire:RedRose","Velvet Choker"],"picked":"Sozu"}],"items_purged_floors":[22,43,48,73,78,90],"is_endless":true,"potions_floor_spawned":[2,8,9,12,13,15,16,25,29,32,33,38,40,44,50,53,55,60,66,74,76,80,82,83,91,92],"killed_by":"3 Darklings","ascension_level":0}}