{"host":"22njw49i2r7r2wa8","time":1614230119,"event":{"mods":["2.2 Compatiblity","BaseMod","Colored Map","Minty Spire (QoL Compilation)"],"gold_per_floor":[113,113,132,145,47,81,81,81,81],"floor_reached":8,"language":"ENG","playtime":744,"items_purged":[],"score":76,"play_id":"1dda3c7a-a8ea-44b1-91e5-6aef096e2841","local_time":"20210224211519","is_ascension_mode":true,"campfire_choices":[{"data":"Havoc","floor":7,"key":"SMITH"}],"circlet_count":0,"master_deck":["Strike_R","Strike_R","Strike_R","Strike_R","Defend_R","Defend_R","Defend_R","Defend_R","Bash","Master of Strategy","Intimidate","Havoc+1","Wild Strike","True Grit"],"relics":["Burning Blood","Smiling Mask"],"acts_visited":["Exordium"],"potions_floor_usage":[3,6,8,8],"damage_taken":[{"damage":6,"enemies":"Cultist","floor":1,"turns":3},{"damage":2,"enemies":"Jaw Worm","floor":3,"turns":3},{"damage":3,"enemies":"2 Louse","floor":4,"turns":3},{"damage":18,"enemies":"Gremlin Nob","floor":6,"turns":3},{"damage":47,"enemies":"Lagavulin","floor":8,"turns":7}],"seed_played":"-5559405803409495111","potions_obtained":[{"floor":1,"key":"DistilledChaos"},{"floor":4,"key":"SpeedPotion"},{"floor":6,"key":"SpeedPotion"}],"is_trial":false,"path_per_floor":["M","?","M","M","$","E","R","E"],"character_chosen":"IRONCLAD","items_purchased":["Wild Strike","Explosive Potion"],"campfire_rested":0,"item_purchase_floors":[5,5],"current_hp_per_floor":[51,51,55,58,58,46,46,0,0],"gold":81,"neow_bonus":"RANDOM_COLORLESS_2","is_daily":false,"chose_seed":false,"campfire_upgraded":1,"win_rate":0.0,"timestamp":1614230119,"path_taken":["M","?","M","M","$","E","R","E"],"items_purchased_type":["Card","Potion"],"build_version":"2020-12-22","purchased_purges":0,"victory":false,"max_hp_per_floor":[80,80,80,80,80,80,80,80,80],"card_choices":[{"not_picked":["Violence","Secret Weapon"],"picked":"Master of Strategy","floor":0},{"not_picked":["Clothesline","Flex","Flame Barrier"],"picked":"SKIP","floor":1},{"not_picked":["Body Slam","Dark Embrace"],"picked":"Intimidate","floor":3},{"not_picked":["Pommel Strike","Armaments"],"picked":"Havoc","floor":4},{"not_picked":["Headbutt","Reaper"],"picked":"True Grit","floor":6}],"player_experience":542561,"relics_obtained":[{"floor":6,"key":"Smiling Mask"}],"event_choices":[{"cards_removed":["Strike_R"],"damage_healed":0,"gold_gain":0,"player_choice":"Offered Basic","damage_taken":0,"max_hp_gain":0,"max_hp_loss":0,"event_name":"Bonfire Elementals","floor":2,"gold_loss":0}],"is_beta":false,"boss_relics":[],"items_purged_floors":[],"is_endless":false,"potions_floor_spawned":[1,4,6],"killed_by":"Lagavulin","ascension_level":7}}