{"host":"00f1p9ihhzi7hxfk","time":1614258901,"event":{"mods":["AchievementEnabler","BaseMod","Colored Map","Colored Powertips","Minty Spire (QoL Compilation)","Rare Cards Sparkle","Relic Stats"],"gold_per_floor":[115,134,213,231,244,244,259,259,282,282,296,296,471,484,484,484,484],"floor_reached":16,"language":"DEU","playtime":619,"items_purged":[],"score":94,"play_id":"7ed6484e-c6ad-41db-846d-0eb6913ca857","local_time":"20210225141501","is_ascension_mode":false,"campfire_choices":[{"floor":6,"key":"REST"},{"floor":15,"key":"REST"}],"circlet_count":0,"master_deck":["Strike_R","Strike_R","Strike_R","Strike_R","Strike_R","Defend_R","Defend_R","Defend_R","Defend_R","Bash","Heavy Blade","Spot Weakness","Whirlwind","Shrug It Off","Parasite","Clash","Doubt","Uppercut"],"relics":["Burning Blood","Orichalcum","Golden Idol","PreservedInsect"],"acts_visited":["Exordium"],"potions_floor_usage":[],"damage_taken":[{"damage":5,"enemies":"Small Slimes","floor":1,"turns":4},{"damage":4,"enemies":"2 Louse","floor":2,"turns":4},{"damage":6,"enemies":"Jaw Worm","floor":4,"turns":4},{"damage":20,"enemies":"Exordium Wildlife","floor":5,"turns":6},{"damage":22,"enemies":"Gremlin Gang","floor":7,"turns":4},{"damage":6,"enemies":"3 Louse","floor":11,"turns":3},{"damage":3,"enemies":"Red Slaver","floor":14,"turns":4},{"damage":83,"enemies":"The Guardian","floor":16,"turns":14}],"seed_played":"6943026133547650989","potions_obtained":[{"floor":4,"key":"CultistPotion"},{"floor":5,"key":"Block Potion"},{"floor":11,"key":"Explosive Potion"},{"floor":14,"key":"LiquidBronze"}],"is_trial":false,"path_per_floor":["M","M","?","M","M","R","M","?","T","?","M","?","?","M","R","B"],"character_chosen":"IRONCLAD","items_purchased":[],"campfire_rested":2,"item_purchase_floors":[],"current_hp_per_floor":[88,88,88,88,74,88,72,88,88,81,81,56,56,59,81,0,0],"gold":484,"neow_bonus":"TEN_PERCENT_HP_BONUS","is_daily":false,"chose_seed":false,"campfire_upgraded":0,"win_rate":0.0,"timestamp":1614258901,"path_taken":["M","M","?","M","M","R","M","?","T","?","M","?","?","?","R","BOSS"],"items_purchased_type":[],"build_version":"2020-12-22","purchased_purges":0,"victory":false,"max_hp_per_floor":[88,88,88,88,88,88,88,88,88,81,81,81,81,81,81,81,81],"relic_stats":{"counters":[8,43],"Golden Idol":6,"PreservedInsect":0,"Orichalcum":[36],"obtain_stats":[{"Golden Idol":10,"PreservedInsect":12,"Orichalcum":9,"Burning Blood":0},{"Golden Idol":5,"PreservedInsect":6,"Orichalcum":5,"Burning Blood":0},{"Golden Idol":22,"PreservedInsect":25,"Orichalcum":22,"Burning Blood":0}],"Burning Blood":39},"card_choices":[{"not_picked":["Armaments","Hemokinesis"],"picked":"Heavy Blade","floor":1},{"not_picked":["Bloodletting","Flex"],"picked":"Spot Weakness","floor":2},{"not_picked":["Havoc","Body Slam"],"picked":"Whirlwind","floor":4},{"not_picked":["Body Slam","Anger","Wild Strike"],"picked":"SKIP","floor":5},{"not_picked":["Disarm","Perfected Strike"],"picked":"Shrug It Off","floor":7},{"not_picked":["Rage","Pummel"],"picked":"Clash","floor":11},{"not_picked":["Blood for Blood","True Grit"],"picked":"Uppercut","floor":14}],"player_experience":124908,"relics_obtained":[{"floor":9,"key":"Orichalcum"}],"event_choices":[{"damage_healed":0,"gold_gain":79,"player_choice":"Gained Gold","damage_taken":0,"max_hp_gain":0,"max_hp_loss":0,"event_name":"Golden Wing","floor":3,"gold_loss":0},{"damage_healed":22,"gold_gain":0,"player_choice":"Healed and dodged fight","damage_taken":0,"max_hp_gain":0,"max_hp_loss":0,"event_name":"Mushrooms","floor":8,"gold_loss":0,"cards_obtained":["Parasite"]},{"damage_healed":0,"gold_gain":0,"player_choice":"Lose Max HP","damage_taken":0,"relics_obtained":["Golden Idol"],"max_hp_gain":0,"max_hp_loss":7,"event_name":"Golden Idol","floor":10,"gold_loss":0},{"damage_healed":0,"gold_gain":0,"player_choice":"Success","damage_taken":25,"relics_obtained":["PreservedInsect"],"max_hp_gain":0,"max_hp_loss":0,"event_name":"Scrap Ooze","floor":12,"gold_loss":0},{"damage_healed":0,"gold_gain":175,"player_choice":"AGREE","damage_taken":0,"max_hp_gain":0,"max_hp_loss":0,"event_name":"Liars Game","floor":13,"gold_loss":0,"cards_obtained":["Doubt"]}],"is_beta":false,"boss_relics":[],"items_purged_floors":[],"is_endless":false,"potions_floor_spawned":[4,5,11,14],"killed_by":"The Guardian","ascension_level":0}}