{"host":"insagfzijja1377g","time":1614268291,"event":{"mods":["BaseMod","Bestiary","Highlight Path","Minty Spire (QoL Compilation)","Relic Stats","Slay the Relics Exporter"],"gold_per_floor":[114,130,130,149,167,167,202,202,202,226,23,58,58,117,117,226,253,274,274,189,218,266,266,302,302,326,367,367,396,98,166,166,301,301,347,397,417,470,514,577,577,106,106,128,128,195,213,290,290,350,350,350,61,158,218],"floor_reached":56,"language":"ENG","playtime":5172,"items_purged":["Strike_P","Defend_P"],"score":2101,"play_id":"a10a4e88-2e96-459d-88d5-9ada24df550a","local_time":"20210225095131","is_ascension_mode":true,"campfire_choices":[{"data":"Conclude","floor":6,"key":"SMITH"},{"floor":8,"key":"REST"},{"data":"WindmillStrike","floor":13,"key":"SMITH"},{"data":"Wireheading","floor":15,"key":"SMITH"},{"data":"TalkToTheHand","floor":23,"key":"SMITH"},{"data":"Vault","floor":25,"key":"SMITH"},{"data":"MentalFortress","floor":28,"key":"SMITH"},{"data":"Wish","floor":32,"key":"SMITH"},{"data":"Nirvana","floor":45,"key":"SMITH"},{"floor":49,"key":"RECALL"},{"data":"Adaptation","floor":52,"key":"SMITH"}],"circlet_count":0,"master_deck":["AscendersBane","Eruption","Vigilance","WindmillStrike+1","Indignation","SashWhip+1","BowlingBash+1","Conclude+1","MentalFortress+1","CutThroughFate","CarveReality","Adaptation+1","FlurryOfBlows","Wireheading+1","Wish+1","CutThroughFate","ClearTheMind","Vault+1","Scrawl+1","WreathOfFlame+1","Judgement+1","TalkToTheHand+1","Tantrum+1","ForeignInfluence+1","FlurryOfBlows","Pray+1","Prostrate+1","EmptyBody+1","Nirvana+1","ClearTheMind+1","DevaForm","Worship+1","WaveOfTheHand+1","MentalFortress+1","Wish+1","Secret Technique+1","Apotheosis+1","LikeWater+1","Weave","InnerPeace+1"],"relics":["PureWater","CeramicFish","Nunchaku","Orrery","Meat on the Bone","Tiny Chest","Astrolabe","Happy Flower","Whetstone","Toxic Egg 2","Lee\u0027s Waffle","Singing Bowl","Coffee Dripper","FossilizedHelix","Juzu Bracelet","Eternal Feather","Vajra","Melange","TeardropLocket","Frozen Egg 2","Strawberry","Art of War"],"acts_visited":["Exordium","TheCity","TheBeyond","TheEnding"],"potions_floor_usage":[7,16,21,24],"damage_taken":[{"damage":0,"enemies":"Cultist","floor":1,"turns":3},{"damage":0,"enemies":"2 Louse","floor":2,"turns":1},{"damage":4,"enemies":"Small Slimes","floor":4,"turns":2},{"damage":9,"enemies":"Blue Slaver","floor":5,"turns":4},{"damage":8,"enemies":"Lagavulin","floor":7,"turns":4},{"damage":0,"enemies":"Looter","floor":10,"turns":2},{"damage":10,"enemies":"3 Sentries","floor":12,"turns":3},{"damage":0,"enemies":"Lagavulin","floor":14,"turns":5},{"damage":16,"enemies":"Hexaghost","floor":16,"turns":7},{"damage":8,"enemies":"Shell Parasite","floor":18,"turns":3},{"damage":10,"enemies":"3 Byrds","floor":21,"turns":5},{"damage":0,"enemies":"Snecko","floor":22,"turns":4},{"damage":0,"enemies":"Gremlin Leader","floor":24,"turns":2},{"damage":11,"enemies":"Slavers","floor":27,"turns":3},{"damage":0,"enemies":"Snake Plant","floor":29,"turns":3},{"damage":47,"enemies":"Gremlin Leader","floor":31,"turns":6},{"damage":32,"enemies":"Automaton","floor":33,"turns":7},{"damage":11,"enemies":"3 Darklings","floor":35,"turns":4},{"damage":0,"enemies":"Mind Bloom Boss Battle","floor":36,"turns":3},{"damage":0,"enemies":"Orb Walker","floor":37,"turns":2},{"damage":13,"enemies":"Writhing Mass","floor":38,"turns":5},{"damage":0,"enemies":"Transient","floor":39,"turns":6},{"damage":0,"enemies":"Reptomancer","floor":40,"turns":7},{"damage":0,"enemies":"Sphere and 2 Shapes","floor":44,"turns":4},{"damage":0,"enemies":"Giant Head","floor":46,"turns":7},{"damage":0,"enemies":"Maw","floor":48,"turns":5},{"damage":32,"enemies":"Donu and Deca","floor":50,"turns":7},{"damage":98,"enemies":"Shield and Spear","floor":54,"turns":7},{"damage":49,"enemies":"The Heart","floor":55,"turns":8}],"seed_played":"6040927928234685072","potions_obtained":[{"floor":3,"key":"Swift Potion"},{"floor":3,"key":"StancePotion"},{"floor":10,"key":"Weak Potion"},{"floor":18,"key":"BottledMiracle"},{"floor":21,"key":"SteroidPotion"},{"floor":29,"key":"Swift Potion"},{"floor":31,"key":"FairyPotion"}],"is_trial":false,"path_per_floor":["M","M","?","M","M","R","E","R","T","M","$","E","R","E","R","B",null,"M","?","?","M","M","R","E","R","T","E","R","M","$","E","R","B",null,"M","?","M","M","M","E","T","$","T","M","R","E","?","M","R","B",null,"R","$","E","B",null],"character_chosen":"WATCHER","items_purchased":["Adaptation","Orrery","EmptyBody+1","Nirvana","ClearTheMind+1","Lee\u0027s Waffle","Vajra","WaveOfTheHand+1","Melange","LikeWater+1","Weave","Strawberry"],"campfire_rested":1,"item_purchase_floors":[11,11,30,30,30,30,42,42,42,53,53,53],"current_hp_per_floor":[47,47,47,43,34,34,26,47,47,47,47,37,37,37,37,33,62,54,54,54,44,44,44,44,44,44,45,45,45,79,44,44,26,67,58,60,62,49,51,53,53,53,53,53,71,71,66,68,89,57,84,93,100,14,42],"gold":218,"neow_bonus":"TRANSFORM_TWO_CARDS","is_daily":false,"chose_seed":false,"campfire_upgraded":9,"win_rate":0.0,"timestamp":1614268291,"path_taken":["M","?","?","?","M","R","E","R","T","M","$","E","R","E","R","BOSS","M","?","?","M","M","R","E","R","T","E","R","M","$","E","R","BOSS","M","?","M","M","M","E","?","$","T","M","R","E","?","M","R","BOSS","R","$","E","BOSS"],"items_purchased_type":["Card","Relic","Card","Card","Card","Relic","Relic","Card","Relic","Card","Card","Relic"],"build_version":"2020-12-22","purchased_purges":2,"victory":true,"max_hp_per_floor":[72,72,72,72,72,72,72,72,72,72,72,72,72,72,72,72,72,72,72,72,72,72,72,72,72,72,72,72,72,79,79,79,81,81,83,85,87,87,89,91,91,91,91,91,91,91,91,93,93,93,93,93,100,100,100],"relic_stats":{"Lee\u0027s Waffle":34,"Happy Flower":[31],"Singing Bowl":14,"counters":[29,129],"CeramicFish":279,"Astrolabe":["Scrawl","WreathOfFlame","Judgement"],"Melange":[18],"Eternal Feather":48,"Juzu Bracelet":0,"Whetstone":["SashWhip","BowlingBash"],"Nunchaku":[39],"Tiny Chest":1,"Art of War":[0],"obtain_stats":[{"Lee\u0027s Waffle":30,"Happy Flower":20,"Singing Bowl":31,"CeramicFish":7,"Astrolabe":17,"Vajra":42,"Melange":42,"Eternal Feather":41,"Juzu Bracelet":40,"Whetstone":24,"TeardropLocket":43,"Frozen Egg 2":46,"Nunchaku":9,"Strawberry":53,"Orrery":11,"Tiny Chest":14,"Coffee Dripper":34,"Art of War":54,"PureWater":0,"Toxic Egg 2":27,"FossilizedHelix":36,"Meat on the Bone":12},{"Lee\u0027s Waffle":15,"Happy Flower":10,"Singing Bowl":16,"CeramicFish":5,"Astrolabe":9,"Vajra":23,"Melange":23,"Eternal Feather":23,"Juzu Bracelet":23,"Whetstone":13,"TeardropLocket":23,"Frozen Egg 2":25,"Nunchaku":5,"Strawberry":27,"Orrery":6,"Tiny Chest":8,"Coffee Dripper":17,"Art of War":28,"PureWater":0,"Toxic Egg 2":14,"FossilizedHelix":19,"Meat on the Bone":7},{"Lee\u0027s Waffle":51,"Happy Flower":34,"Singing Bowl":57,"CeramicFish":14,"Astrolabe":31,"Vajra":91,"Melange":91,"Eternal Feather":91,"Juzu Bracelet":91,"Whetstone":45,"TeardropLocket":91,"Frozen Egg 2":102,"Nunchaku":14,"Strawberry":114,"Orrery":16,"Tiny Chest":24,"Coffee Dripper":64,"Art of War":121,"PureWater":0,"Toxic Egg 2":48,"FossilizedHelix":71,"Meat on the Bone":19}],"Meat on the Bone":72},"card_choices":[{"not_picked":["PathToVictory","Nirvana"],"picked":"SashWhip","floor":1},{"not_picked":["SashWhip","FlyingSleeves"],"picked":"BowlingBash","floor":2},{"not_picked":["ReachHeaven","Evaluate"],"picked":"Conclude","floor":4},{"not_picked":["SashWhip","ReachHeaven"],"picked":"MentalFortress","floor":5},{"not_picked":["MasterReality","Fasting2"],"picked":"CutThroughFate","floor":7},{"not_picked":["Prostrate","Collect"],"picked":"CarveReality","floor":10},{"not_picked":["SashWhip","EmptyBody"],"picked":"FlurryOfBlows","floor":11},{"not_picked":["Nirvana","FlyingSleeves"],"picked":"Wireheading","floor":11},{"not_picked":["BattleHymn","Crescendo"],"picked":"Wish","floor":11},{"not_picked":["FlyingSleeves","Halt"],"picked":"CutThroughFate","floor":11},{"not_picked":["PathToVictory","Nirvana"],"picked":"ClearTheMind","floor":11},{"not_picked":["ThirdEye","BowlingBash","WindmillStrike"],"picked":"SKIP","floor":12},{"not_picked":["WreathOfFlame","FlyingSleeves","Worship"],"picked":"SKIP","floor":14},{"not_picked":["Establishment","DevaForm"],"picked":"Vault","floor":16},{"not_picked":["WaveOfTheHand","CarveReality+1"],"picked":"TalkToTheHand","floor":18},{"not_picked":["Prostrate","Indignation"],"picked":"Tantrum+1","floor":21},{"not_picked":["Evaluate","SashWhip"],"picked":"ForeignInfluence+1","floor":22},{"not_picked":["Perseverance","Worship"],"picked":"FlurryOfBlows","floor":24},{"not_picked":["WheelKick","SandsOfTime"],"picked":"Pray+1","floor":27},{"not_picked":["EmptyBody+1","Nirvana"],"picked":"Prostrate+1","floor":29},{"not_picked":["Collect+1","Crescendo+1"],"picked":"DevaForm","floor":31},{"not_picked":["ConjureBlade+1","DevaForm","Judgement+1"],"picked":"Singing Bowl","floor":33},{"not_picked":["Halt+1","WreathOfFlame+1","EmptyFist"],"picked":"Singing Bowl","floor":35},{"not_picked":["Indignation+1","ThirdEye+1","FlurryOfBlows+1"],"picked":"Singing Bowl","floor":36},{"not_picked":["EmptyBody+1","Crescendo+1","WindmillStrike+1"],"picked":"Singing Bowl","floor":37},{"not_picked":["DeceiveReality+1","CutThroughFate"],"picked":"Worship+1","floor":38},{"not_picked":["EmptyBody+1","CarveReality","Halt+1"],"picked":"Singing Bowl","floor":39},{"not_picked":["Vengeance+1","FollowUp","SandsOfTime"],"picked":"Singing Bowl","floor":40},{"not_picked":["Adaptation","EmptyFist"],"picked":"MentalFortress+1","floor":44},{"not_picked":["WaveOfTheHand+1","Protect+1"],"picked":"Wish+1","floor":46},{"not_picked":["Blind+1","The Bomb+1"],"picked":"Secret Technique+1","floor":47},{"not_picked":["PanicButton+1","The Bomb+1"],"picked":"Apotheosis+1","floor":47},{"not_picked":["Pray+1","Consecrate","ForeignInfluence+1"],"picked":"Singing Bowl","floor":48},{"not_picked":["Protect+1","JustLucky"],"picked":"InnerPeace+1","floor":54}],"player_experience":2235020,"relics_obtained":[{"floor":7,"key":"CeramicFish"},{"floor":9,"key":"Nunchaku"},{"floor":12,"key":"Meat on the Bone"},{"floor":14,"key":"Tiny Chest"},{"floor":24,"key":"Whetstone"},{"floor":27,"key":"Toxic Egg 2"},{"floor":31,"key":"Singing Bowl"},{"floor":36,"key":"FossilizedHelix"},{"floor":40,"key":"Juzu Bracelet"},{"floor":41,"key":"Eternal Feather"},{"floor":43,"key":"TeardropLocket"},{"floor":46,"key":"Frozen Egg 2"},{"floor":54,"key":"Art of War"}],"event_choices":[{"damage_healed":0,"gold_gain":0,"player_choice":"Got Potions","damage_taken":0,"max_hp_gain":0,"max_hp_loss":0,"event_name":"Lab","floor":3,"gold_loss":0},{"cards_removed":["Defend_P"],"damage_healed":0,"gold_gain":0,"player_choice":"Elegance","damage_taken":0,"max_hp_gain":0,"max_hp_loss":0,"event_name":"Back to Basics","floor":19,"gold_loss":0},{"damage_healed":0,"gold_gain":0,"player_choice":"Obtained Relic","damage_taken":0,"relics_obtained":["Happy Flower"],"max_hp_gain":0,"max_hp_loss":0,"event_name":"Addict","floor":20,"gold_loss":85},{"damage_healed":0,"gold_gain":0,"player_choice":"Fight","damage_taken":0,"max_hp_gain":0,"max_hp_loss":0,"event_name":"MindBloom","floor":36,"gold_loss":0},{"damage_healed":0,"gold_gain":0,"player_choice":"Memory 2","damage_taken":5,"max_hp_gain":0,"max_hp_loss":0,"event_name":"SensoryStone","floor":47,"gold_loss":0}],"is_beta":false,"boss_relics":[{"not_picked":["Sozu","VioletLotus"],"picked":"Astrolabe"},{"not_picked":["SacredBark","Cursed Key"],"picked":"Coffee Dripper"}],"items_purged_floors":[11,42],"is_endless":false,"potions_floor_spawned":[4,5,10,12,14,18,21,29,31,37,38,40,44,48],"ascension_level":12}}