{"host":"wy4vwr4x0uqk666t","time":1614286801,"event":{"mods":["Aspiration","BaseMod","BetterRewards","Colored Map","Colored Powertips","Curses Come First","Defuse TimeMaze Blight","Downfall","Hubris","Infinite Spire","Lobotomy","Minty Spire (QoL Compilation)","Quick Restart","Replay The Spire","StSLib"],"gold_per_floor":[119,44,44,54,74,100,100,126,126,126,137,102,57,92,92,189,189,199,199,199,199,199,199],"floor_reached":22,"language":"ENG","playtime":1084,"items_purged":["Strike_R","Strike_R"],"score":230,"play_id":"12c1cd92-a299-409f-828b-fd3479f433a4","local_time":"20210225220001","is_ascension_mode":true,"campfire_choices":[{"data":"Whirlwind","floor":7,"key":"SMITH"},{"floor":15,"key":"REST"}],"circlet_count":0,"master_deck":["Defend_R","Defend_R","Defend_R","Defend_R","Bash","VoidDream","Thunderclap","Armaments+1","Laetitia","Second Wind","WallGazer","Whirlwind+1","QueenBee","Intimidate","BlackSwan","Shockwave","Porccubus","Woodsman","Replay:Many Hands","OSAHOGD","Combust","hubris:Fate"],"relics":["Burning Blood","CogitoBucket","infinitespire:Broken Mirror","Regal Pillow","infinitespire:WardingShard","SkinProphecy","Tiny Chest","Sozu","ReplayTheSpireMod:Lightbulb"],"acts_visited":["Exordium","TheCity"],"potions_floor_usage":[11,14],"damage_taken":[{"damage":3,"enemies":"Jaw Worm","floor":1,"turns":5},{"damage":4,"enemies":"Small Slimes","floor":4,"turns":5},{"damage":9,"enemies":"Cultist","floor":5,"turns":4},{"damage":37,"enemies":"3 Sentries","floor":6,"turns":9},{"damage":31,"enemies":"Gremlin Nob","floor":8,"turns":7},{"damage":5,"enemies":"2 Fungi Beasts","floor":11,"turns":3},{"damage":6,"enemies":"Looter","floor":13,"turns":5},{"damage":32,"enemies":"Lagavulin","floor":14,"turns":5},{"damage":30,"enemies":"Slime Boss","floor":16,"turns":11},{"damage":2,"enemies":"3 Byrds","floor":18,"turns":3},{"damage":86,"enemies":"Chosen","floor":22,"turns":3}],"seed_played":"-2409977024498266312","potions_obtained":[{"floor":1,"key":"DistilledChaos"},{"floor":11,"key":"sneckomod:MuddlingPotion"}],"is_trial":false,"path_per_floor":["M","$","?","M","M","E","R","E","T","?","M","?","M","E","R","B",null,"M","AVR","?","?","M"],"character_chosen":"IRONCLAD","items_purchased":[],"campfire_rested":1,"item_purchase_floors":[],"current_hp_per_floor":[80,80,80,80,77,46,46,21,21,21,22,42,38,8,48,20,86,88,88,88,88,0,0],"gold":199,"neow_bonus":"","is_daily":false,"chose_seed":false,"campfire_upgraded":1,"win_rate":0.0,"timestamp":1614286801,"path_taken":["M","$","?","M","M","E","R","E","T","?","?","?","M","E","R","BOSS","M","AVR","?","?","M"],"items_purchased_type":[],"build_version":"2020-12-22","purchased_purges":2,"victory":false,"max_hp_per_floor":[80,80,80,80,80,80,80,80,80,80,80,80,82,84,84,86,86,88,88,88,88,92,92],"card_choices":[{"not_picked":["UniverseFragment","SingingMachine"],"picked":"VoidDream","floor":1},{"not_picked":["hubris:ReadiedAction","ReplayTheSpireMod:LeadingStrike"],"picked":"Thunderclap","floor":1},{"not_picked":["PunishingBird","BigBadWolf"],"picked":"Laetitia","floor":4},{"not_picked":["Havoc","Warcry"],"picked":"Second Wind","floor":4},{"not_picked":["OldLady","PunishingBird","BeautyBeast"],"picked":"Singing Bowl","floor":5},{"not_picked":["OldLady","Wellcheers"],"picked":"WallGazer","floor":5},{"not_picked":["Replay:Many Hands","Clothesline"],"picked":"Whirlwind","floor":5},{"not_picked":["Wellcheers","Bloodbath"],"picked":"QueenBee","floor":6},{"not_picked":["Life Link","Flex"],"picked":"Intimidate","floor":6},{"not_picked":["MeatLantern","MHz","LittlePrince"],"picked":"Singing Bowl","floor":8},{"not_picked":["UniverseFragment","BigBird"],"picked":"BlackSwan","floor":8},{"not_picked":["Iron Wave","Metallicize"],"picked":"Shockwave","floor":8},{"not_picked":["MeatLantern","SingingMachine","NakedNest"],"picked":"Singing Bowl","floor":11},{"not_picked":["Heavy Blade","Uppercut","ReplayTheSpireMod:Strike From Hell"],"picked":"SKIP","floor":11},{"not_picked":["Heavy Blade","Uppercut","ReplayTheSpireMod:Strike From Hell"],"picked":"SKIP","floor":11},{"not_picked":["Wellcheers","FairyFestival","Rudolta"],"picked":"Singing Bowl","floor":13},{"not_picked":["LittlePrince","Murderer"],"picked":"Porccubus","floor":13},{"not_picked":["Anger","Armaments","Warcry"],"picked":"SKIP","floor":13},{"not_picked":["Anger","Armaments","Warcry"],"picked":"SKIP","floor":13},{"not_picked":["DespairKnight","MHz"],"picked":"Woodsman","floor":14},{"not_picked":["Iron Wave","infinitespire:OneForAll","Anger"],"picked":"SKIP","floor":14},{"not_picked":["OSAHOGD","Bloodbath","Wellcheers"],"picked":"Singing Bowl","floor":16},{"not_picked":["Berserk","Limit Break"],"picked":"Replay:Many Hands","floor":16},{"not_picked":["BigBird","DreamingCurrent"],"picked":"OSAHOGD","floor":18},{"not_picked":["Anger","Sword Boomerang"],"picked":"Combust","floor":18}],"player_experience":3755347,"relics_obtained":[{"floor":6,"key":"infinitespire:Broken Mirror"},{"floor":8,"key":"Regal Pillow"},{"floor":9,"key":"infinitespire:WardingShard"},{"floor":14,"key":"Tiny Chest"}],"event_choices":[{"cards_removed":["Strike_R"],"damage_healed":0,"gold_gain":0,"player_choice":"Purged","damage_taken":0,"max_hp_gain":0,"max_hp_loss":0,"event_name":"Purifier","floor":10,"gold_loss":0},{"damage_healed":20,"gold_gain":0,"player_choice":"Healed","damage_taken":0,"max_hp_gain":0,"max_hp_loss":0,"event_name":"The Cleric","floor":12,"gold_loss":35},{"cards_removed":["Strike_R"],"damage_healed":0,"gold_gain":0,"player_choice":"Elegance","damage_taken":0,"max_hp_gain":0,"max_hp_loss":0,"event_name":"Back to Basics","floor":20,"gold_loss":0},{"damage_healed":0,"gold_gain":0,"player_choice":"Ignored","damage_taken":0,"max_hp_gain":0,"max_hp_loss":0,"event_name":"Vampires","floor":21,"gold_loss":0}],"is_beta":false,"boss_relics":[{"not_picked":["aspiration:RitualDagger","Astrolabe"],"picked":"Sozu"}],"items_purged_floors":[2,19],"is_endless":false,"potions_floor_spawned":[1,11],"killed_by":"Chosen","ascension_level":3}}