{"host":"gkh5j5k5w4qf7k7n","time":1614241734,"event":{"mods":["2.2 Compatiblity","AchievementEnabler","BaseMod","Colored Map","Colored Powertips","Duelist Mod","GifTheSpireLib","Keyboard Shortcuts","Minty Spire (QoL Compilation)","Quick Restart","Replay The Spire","StSLib","SuperFastMode","¡¼?Úª?ø«¡½REMEMod"],"gold_per_floor":[136,136,7,40,60,95,95,228,228,618,633,633,702,717,717,795,795,815,832,832,832],"floor_reached":20,"language":"KOR","playtime":1015,"items_purged":["theDuelist:ArmoredZombie"],"score":414,"play_id":"d888d87d-57e5-489f-9752-498f908e1788","local_time":"20210225172854","is_ascension_mode":true,"campfire_choices":[{"floor":7,"key":"REST"},{"data":"theDuelist:PotGenerosity","floor":12,"key":"SMITH"},{"data":"theDuelist:MoltenZombie","floor":15,"key":"SMITH"}],"circlet_count":0,"master_deck":["theDuelist:ZombieCorpse","theDuelist:ZombieCorpse","theDuelist:ArmoredZombie+1","theDuelist:ArmoredZombie+1","theDuelist:ClownZombie","theDuelist:ShallowGrave","theDuelist:TutanMask","AscendersBane","theDuelist:PotGenerosity+1","theDuelist:VampireDuke","theDuelist:MoltenZombie+1","theDuelist:PatricianDarkness","theDuelist:SkullServant","theDuelist:FusionTag+1","theDuelist:MonsterReborn+1","theDuelist:MoltenZombie+1"],"relics":["theDuelist:MillenniumPuzzle","theDuelist:CardPoolRelic","theDuelist:CardPoolBasicRelic","theDuelist:BoosterPackPoolRelic","theDuelist:CardPoolAddRelic","theDuelist:CardPoolMinusRelic","theDuelist:CardPoolSaveRelic","theDuelist:CardPoolOptionsRelic","REME_ComplimentaryCards","NeowsBlessing","theDuelist:YugiMirror","Ancient Tea Set","Toxic Egg 2","theDuelist:DuelistCoin","REME_LowDesire","Toy Ornithopter","CeramicFish"],"acts_visited":["Exordium","TheCity"],"potions_floor_usage":[14,16,16],"damage_taken":[{"damage":0.0,"enemies":"2 Louse","floor":1.0,"turns":3.0},{"damage":0,"enemies":"Jaw Worm","floor":5,"turns":1},{"damage":0,"enemies":"Gremlin Nob","floor":6,"turns":2},{"damage":23,"enemies":"Lagavulin","floor":8,"turns":7},{"damage":0,"enemies":"Small Slimes","floor":11,"turns":3},{"damage":0,"enemies":"Looter","floor":14,"turns":3},{"damage":10,"enemies":"The Guardian","floor":16,"turns":6},{"damage":5,"enemies":"3 Byrds","floor":18,"turns":4},{"damage":19,"enemies":"2 Thieves","floor":19,"turns":3},{"damage":30,"enemies":"Snecko","floor":20,"turns":5}],"seed_played":"-6421921900785349563","potions_obtained":[{"floor":5,"key":"theDuelist:VampireVial"},{"floor":11,"key":"Swift Potion"},{"floor":14,"key":"theDuelist:BottledKuriboh"}],"is_trial":false,"path_per_floor":["M","?","$","?","M","E","R","E","T","?","M","R","T","M","R_BF","B",null,"M","M","M"],"character_chosen":"THE_DUELIST","items_purchased":["theDuelist:MoltenZombie"],"campfire_rested":1,"item_purchase_floors":[3],"current_hp_per_floor":[63,42,42,19,19,19,40,17,17,17,17,17,17,17,17,7,54,49,30,0,0],"gold":832,"neow_bonus":"THREE_ENEMY_KILL","is_daily":false,"chose_seed":false,"campfire_upgraded":2,"win_rate":0.0,"timestamp":1614241734,"path_taken":["M","?","$","?","M","E","R","E","T","?","M","R","?","M","R_BF","BOSS","M","M","?"],"items_purchased_type":["Card"],"build_version":"2020-12-22","purchased_purges":1,"victory":false,"max_hp_per_floor":[70,70,70,70,70,70,70,70,70,70,70,70,70,70,70,70,70,70,70,70,70],"card_choices":[{"not_picked":["theDuelist:VampireVamp","theDuelist:GhostrickSkeleton","theDuelist:GhostrickJiangshi","theDuelist:Yoko"],"picked":"theDuelist:VampireDuke","floor":1.0},{"not_picked":["theDuelist:FireReaper","theDuelist:DoubleCoston","theDuelist:MechMoleZombie","theDuelist:BattleFusion","theDuelist:Yasha"],"picked":"SKIP","floor":5},{"not_picked":["theDuelist:ZombieWarrior","theDuelist:VendreadRevolution","theDuelist:FossilSkullknight","theDuelist:MechMoleZombie","theDuelist:HauntedShrine"],"picked":"SKIP","floor":6},{"not_picked":["theDuelist:MoltenZombie","theDuelist:FireReaper","theDuelist:WightLady","theDuelist:VampireHunter"],"picked":"theDuelist:SkullServant","floor":8},{"not_picked":["theDuelist:GhostrickSpecter+1","theDuelist:GhostrickSkeleton","theDuelist:GhostrickMummy","theDuelist:GhostrickJiangshi+1","theDuelist:GhostrickAlucard"],"picked":"SKIP","floor":11},{"not_picked":["theDuelist:GhostReaper","theDuelist:Hajun+1","theDuelist:VendreadCore","theDuelist:VampireSorcerer+1"],"picked":"theDuelist:FusionTag+1","floor":14},{"not_picked":["theDuelist:RobbinZombie","theDuelist:OverpoweringEye","theDuelist:DecayedCommander","theDuelist:BookEclipse"],"picked":"theDuelist:MonsterReborn+1","floor":16},{"not_picked":["theDuelist:SkullServant","theDuelist:DoubleCoston+1","theDuelist:FusionTag+1","theDuelist:ZombieWarrior+1"],"picked":"theDuelist:MoltenZombie+1","floor":18},{"not_picked":["theDuelist:VampireGrace","theDuelist:CrimsonKnightVampire","theDuelist:GhostrickStein","theDuelist:GhostrickSpecter+1","theDuelist:Tsukahagi+1"],"picked":"SKIP","floor":19}],"player_experience":851218,"relics_obtained":[{"floor":4,"key":"theDuelist:YugiMirror"},{"floor":6,"key":"Ancient Tea Set"},{"floor":8,"key":"theDuelist:MillenniumCoin"},{"floor":9,"key":"Toxic Egg 2"},{"floor":17,"key":"Toy Ornithopter"},{"floor":17,"key":"CeramicFish"}],"event_choices":[{"damage_healed":0.0,"max_hp_gain":0.0,"max_hp_loss":0.0,"gold_gain":0.0,"event_name":"Shining Light","player_choice":"Entered Light","floor":2.0,"gold_loss":0.0,"damage_taken":21.0,"cards_upgraded":["theDuelist:ArmoredZombie","theDuelist:ArmoredZombie"]},{"damage_healed":0,"gold_gain":0,"player_choice":"Offering - offered Millennium Coin","duelist":true,"damage_taken":0,"max_hp_gain":0,"max_hp_loss":0,"event_name":"Tomb of the Nameless","floor":10,"gold_loss":0}],"is_beta":false,"boss_relics":[{"not_picked":["SacredBark","Calling Bell"],"picked":"REME_LowDesire"}],"items_purged_floors":[3],"is_endless":false,"potions_floor_spawned":[5,11,14],"killed_by":"Snecko","ascension_level":20}}