{"host":"5vxoi0a3x57fg5l4","time":1614274907,"event":{"mods":["Act Like it!","BaseMod","GifTheSpireLib","Hallownest","Magitek Elite","Minty Spire (QoL Compilation)","Permanent Neow","Quick Restart","Relic Sorter","Relic Stats","StSLib","The Bug Knight","The Forsaken","UnlockEverythingMod"],"gold_per_floor":[110,110,122,122,122,156,156,7,32,32,48,48,65,65,65,65,65],"floor_reached":16,"language":"ENG","playtime":1251,"items_purged":[],"score":98,"play_id":"8ef6b89b-6689-4265-a5bd-5833405aff83","local_time":"20210225144147","is_ascension_mode":false,"campfire_choices":[{"floor":10.0,"key":"REST"},{"floor":12.0,"key":"REST"},{"floor":15.0,"key":"REST"}],"circlet_count":0,"master_deck":["HollowMod:NailStrikeStart","HollowMod:NailStrikeStart","HollowMod:QuickDashStart","HollowMod:QuickDashStart","HollowMod:QuickDashStart","HollowMod:FocusHealStart","HollowMod:PogoStrike","HollowMod:InfectedAttack","HollowMod:MonarchWings","HollowMod:InfectedAttack","HollowMod:MidwifesHunger","HollowMod:CornifersMapStart","HollowMod:DashSlash","HollowMod:HowlingWraiths","Good Instincts"],"relics":["HollowMod:VesselMask","Unceasing Top","Hallownest:DreamNailRelic","Angel_Ring","Juzu Bracelet","Bag of Preparation"],"acts_visited":["Hallownest:Greenpath"],"potions_floor_usage":[16,16],"damage_taken":[{"damage":10.0,"enemies":"Hallownest:monsterHuskGuard","floor":1.0,"turns":5.0},{"damage":15.0,"enemies":"Hallownest:2_Tiktiks_and_1_Crawlid","floor":3.0,"turns":3.0},{"damage":38.0,"enemies":"Hallownest:eliteMossKnight","floor":6.0,"turns":8.0},{"damage":5.0,"enemies":"Hallownest:2_Baldur","floor":11.0,"turns":3.0},{"damage":42.0,"enemies":"Hallownest:1_Baldur_1_Crawlid_1_Warrior","floor":13.0,"turns":5.0},{"damage":55,"enemies":"Hallownest:BossHornet","floor":16,"turns":5}],"seed_played":"-8151590742766944563","potions_obtained":[{"floor":6.0,"key":"Energy Potion"},{"floor":11.0,"key":"ColorlessPotion"},{"floor":13.0,"key":"SpeedPotion"}],"is_trial":false,"path_per_floor":["M","?","M","?","?","E","?","$","T","R","M","R","M","?","R","B"],"character_chosen":"THE_BUGKNIGHT","items_purchased":["Juzu Bracelet"],"campfire_rested":3,"item_purchase_floors":[8],"current_hp_per_floor":[44,44,35,35,35,24,24,24,24,44,45,65,29,29,49,0,0],"gold":65,"neow_bonus":"ONE_RARE_RELIC","is_daily":false,"chose_seed":false,"campfire_upgraded":0,"win_rate":0.0,"timestamp":1614274907,"path_taken":["M","?","?","?","?","E","?","?","T","R","M","R","M","?","R","BOSS"],"items_purchased_type":["Relic"],"build_version":"2020-12-22","purchased_purges":0,"victory":false,"max_hp_per_floor":[75,75,75,68,68,68,68,68,68,68,68,68,68,68,68,68,68],"relic_stats":{"counters":[6,29],"Juzu Bracelet":0,"Bag of Preparation":[6],"obtain_stats":[{"Angel_Ring":6,"HollowMod:VesselMask":0,"Hallownest:DreamNailRelic":2,"Juzu Bracelet":8,"Bag of Preparation":9,"Unceasing Top":0},{"Angel_Ring":3,"HollowMod:VesselMask":0,"Hallownest:DreamNailRelic":1,"Juzu Bracelet":3,"Bag of Preparation":3,"Unceasing Top":0},{"Angel_Ring":16,"HollowMod:VesselMask":0,"Hallownest:DreamNailRelic":5,"Juzu Bracelet":16,"Bag of Preparation":16,"Unceasing Top":0}],"Unceasing Top":[0]},"card_choices":[{"not_picked":["HollowMod:ChannelNail","HollowMod:DungDefenderAura"],"picked":"HollowMod:InfectedAttack","floor":1.0},{"not_picked":["HollowMod:AbyssShriek","HollowMod:SiblingsSouls"],"picked":"HollowMod:MonarchWings","floor":3.0},{"not_picked":["HollowMod:ZotesMagnificence","HollowMod:DoubleDash"],"picked":"HollowMod:InfectedAttack","floor":6.0},{"not_picked":["HollowMod:DoubleDash","HollowMod:NewLittleFool"],"picked":"HollowMod:CornifersMapStart","floor":11.0},{"not_picked":["HollowMod:DescendingDark","HollowMod:SiblingsSouls"],"picked":"HollowMod:DashSlash","floor":13.0},{"not_picked":["HollowMod:NewLittleFool","HollowMod:SoulShaman"],"picked":"HollowMod:HowlingWraiths","floor":14.0},{"not_picked":["Purity","PanicButton"],"picked":"Good Instincts","floor":14.0}],"player_experience":5348,"relics_obtained":[{"floor":6.0,"key":"Angel_Ring"},{"floor":9.0,"key":"Bag of Preparation"}],"event_choices":[],"is_beta":false,"boss_relics":[],"items_purged_floors":[],"is_endless":false,"potions_floor_spawned":[6,11,13],"killed_by":"Hallownest:BossHornet","ascension_level":0}}