{"host":"18ybagvpjbhxblmx","time":1614280985,"event":{"mods":["BaseMod","BetterRewards","Colored Map","Conspire","Friendly Minions","Hubris","Infinite Spire","Marisa????????","Minty Spire (QoL Compilation)","Quick Restart","Replay The Spire","StSLib","The Cursed","The Runesmith","The Servant 0.9.4"],"gold_per_floor":[114,114,114,114,133,161,161,161,184,184,203,218,118,129,129,230,330,345,355,355,375,392,392,420,420,446,446,446,461,480,355,355,487,487,539,563,611,611,662,715,778,778,803,803,877,960,558,558,558,558],"floor_reached":49,"language":"ENG","playtime":5127,"items_purged":["Strike_P","Strike_P","Defend_P","Defend_P"],"score":762,"play_id":"182d2ae9-9227-40c6-9377-11f4f03a7d98","local_time":"20210225202305","is_ascension_mode":false,"campfire_choices":[{"floor":7.0,"key":"REST"},{"data":"BattleHymn","floor":10.0,"key":"SMITH"},{"data":"Eruption","floor":15.0,"key":"SMITH"},{"data":"Devotion","floor":23.0,"key":"SMITH"},{"data":"infinitespire:Gouge","floor":25.0,"key":"SMITH"},{"floor":32.0,"key":"DIG"},{"data":"SpiritShield","floor":42.0,"key":"SMITH"}],"circlet_count":0,"master_deck":["Vigilance","BattleHymn+1","infinitespire:Gouge+1","JustLucky","Devotion+1","SpiritShield+1","Replay:Anticipation+1"],"relics":["PureWater","Gremlin Horn","Calipers","conspire:TreasureMap","conspire:Boomerang","Potion Belt","MealTicket","Replay:Wanted Poster","Runesmith:AutoHammer","Snack Pack","NlothsMask","CeramicFish","infinitespire:EvilPickle","SlaversCollar","Replay:Drink Me","Happy Flower","Pondfish Scales","Tiny Chest","TungstenRod","infinitespire:ShieldingShard","Strange Spoon","infinitespire:EmpoweringShard"],"acts_visited":["Exordium","TheCity","TheBeyond"],"potions_floor_usage":[],"damage_taken":[{"damage":0.0,"enemies":"Small Slimes","floor":1.0,"turns":4.0},{"damage":1.0,"enemies":"2 Louse","floor":5.0,"turns":2.0},{"damage":3.0,"enemies":"3 Sentries","floor":6.0,"turns":5.0},{"damage":0.0,"enemies":"Cultist","floor":11.0,"turns":3.0},{"damage":0.0,"enemies":"2 Fungi Beasts","floor":12.0,"turns":3.0},{"damage":0.0,"enemies":"Lots of Slimes","floor":14.0,"turns":4.0},{"damage":0.0,"enemies":"Fading Forest","floor":16.0,"turns":11.0},{"damage":4.0,"enemies":"2 Thieves","floor":18.0,"turns":2.0},{"damage":0.0,"enemies":"Shell Parasite","floor":19.0,"turns":5.0},{"damage":1.0,"enemies":"Cultist and Chosen","floor":21.0,"turns":6.0},{"damage":5.0,"enemies":"Snake Plant","floor":22.0,"turns":3.0},{"damage":7.0,"enemies":"Replay:Snechameleon","floor":24.0,"turns":6.0},{"damage":5.0,"enemies":"Centurion and Healer","floor":29.0,"turns":4.0},{"damage":0.0,"enemies":"Snecko","floor":30.0,"turns":4.0},{"damage":4.0,"enemies":"Pondfish","floor":33.0,"turns":7.0},{"damage":13.0,"enemies":"Orb Walker","floor":35.0,"turns":4.0},{"damage":19.0,"enemies":"3 Darklings","floor":37.0,"turns":5.0},{"damage":0.0,"enemies":"4 Shapes","floor":39.0,"turns":5.0},{"damage":8.0,"enemies":"2 Orb Walkers","floor":40.0,"turns":5.0},{"damage":1.0,"enemies":"Transient","floor":41.0,"turns":5.0},{"damage":0.0,"enemies":"Spire Growth","floor":45.0,"turns":5.0},{"damage":0.0,"enemies":"Nightmare","floor":46.0,"turns":6.0},{"damage":9.0,"enemies":"infinitespire:Three Voidlings","floor":47.0,"turns":5.0},{"damage":0.0,"enemies":"Nightmare_Alpha","floor":47.0,"turns":11.0}],"seed_played":"-6938220676393508486","potions_obtained":[{"floor":12.0,"key":"Toxic Potion"},{"floor":14.0,"key":"Fire Potion"},{"floor":18.0,"key":"AttackPotion"},{"floor":24.0,"key":"Reflective Coating"},{"floor":35.0,"key":"Elixir"},{"floor":40.0,"key":"GamblersBrew"},{"floor":45.0,"key":"SkillPotion"},{"floor":46.0,"key":"Swift Potion"}],"is_trial":false,"path_per_floor":["M","?","?","?","M","E","R","?","T","R","M","M","$","M","R","B",null,"M","M","?","M","M","R","E","R","T","?","?","M","M","$","R_BF","B",null,"M","T","M","AVR","M","?","M","R","T","?","M","NM","?","T","R"],"character_chosen":"WATCHER","items_purchased":["Gremlin Horn","conspire:TreasureMap","BattleHymn","infinitespire:ShieldingShard","Strange Spoon"],"campfire_rested":1,"item_purchase_floors":[0,0,0,47,47],"current_hp_per_floor":[40,33,15,15,14,11,32,32,32,32,32,32,47,47,47,47,72,68,68,68,67,62,62,55,55,55,55,55,52,54,69,69,72,72,61,61,44,44,46,42,47,47,47,47,49,54,54,54,54,54],"gold":558,"neow_bonus":"","is_daily":false,"chose_seed":false,"campfire_upgraded":5,"win_rate":0.0,"timestamp":1614280985,"path_taken":["M","?","?","?","?","E","R","?","T","R","M","M","$","M","R","BOSS","M","?","?","M","M","R","E","R","T","?","?","?","?","$","R_BF","BOSS","M","?","M","AVR","M","?","M","R","T","?","M","NM","?","?","R"],"items_purchased_type":["Relic","Relic","Card","Relic","Relic"],"build_version":"2020-12-22","purchased_purges":4,"victory":false,"max_hp_per_floor":[72,72,72,72,72,72,72,72,72,72,72,72,72,72,72,72,72,72,72,72,72,72,72,72,72,72,72,72,72,72,72,72,72,72,72,72,72,54,54,54,54,54,54,54,54,54,54,54,54,54],"card_choices":[{"not_picked":["FollowUp","ThirdEye","SashWhip"],"picked":"SKIP","floor":1.0},{"not_picked":["ReplayTheSpireMod:Black Plague","hubris:InfiniteBlow"],"picked":"infinitespire:Gouge","floor":3.0},{"not_picked":["FlyingSleeves","PathToVictory","Protect"],"picked":"SKIP","floor":5.0},{"not_picked":["LikeWater","FlyingSleeves","ConjureBlade"],"picked":"SKIP","floor":6.0},{"not_picked":["MentalFortress","ClearTheMind","CarveReality"],"picked":"SKIP","floor":11.0},{"not_picked":["Swivel","Replay:Vibes","LikeWater"],"picked":"SKIP","floor":12.0},{"not_picked":["ClearTheMind","EmptyFist","CrushJoints"],"picked":"SKIP","floor":14.0},{"not_picked":["LessonLearned","Blasphemy"],"picked":"Devotion","floor":16.0},{"not_picked":["WaveOfTheHand","Replay:ManipulateFuture","Replay:AtTheReady"],"picked":"SKIP","floor":18.0},{"not_picked":["Weave","Nirvana","LikeWater"],"picked":"SKIP","floor":19.0},{"not_picked":["EmptyFist","Vengeance","PathToVictory"],"picked":"SKIP","floor":21.0},{"not_picked":["Fasting2","EmptyFist","Evaluate"],"picked":"SKIP","floor":22.0},{"not_picked":["SashWhip","BattleHymn","Sanctity"],"picked":"SKIP","floor":24.0},{"not_picked":["ForeignInfluence+1","Protect","Replay:ManipulateFuture"],"picked":"SKIP","floor":29.0},{"not_picked":["Halt+1","FlyingSleeves","CrushJoints"],"picked":"SKIP","floor":30.0},{"not_picked":["Scrawl","DeusExMachina"],"picked":"SpiritShield","floor":33.0},{"not_picked":["ThirdEye","Weave","PathToVictory+1"],"picked":"SKIP","floor":35.0},{"not_picked":["JustLucky","BowlingBash","Ragnarok"],"picked":"SKIP","floor":37.0},{"not_picked":["CrushJoints","Wireheading+1","Tantrum+1"],"picked":"SKIP","floor":39.0},{"not_picked":["SandsOfTime+1","FearNoEvil+1","EmptyBody+1"],"picked":"SKIP","floor":41.0},{"not_picked":["Replay:Cycle","Crescendo+1"],"picked":"Replay:Anticipation+1","floor":45.0},{"not_picked":["Omniscience","Nirvana","BowlingBash+1"],"picked":"SKIP","floor":46.0},{"not_picked":["Omniscience","Nirvana","BowlingBash+1"],"picked":"SKIP","floor":46.0}],"player_experience":305526,"relics_obtained":[{"floor":6.0,"key":"Potion Belt"},{"floor":9.0,"key":"MealTicket"},{"floor":24.0,"key":"Runesmith:AutoHammer"},{"floor":26.0,"key":"Snack Pack"},{"floor":32.0,"key":"CeramicFish"},{"floor":40.0,"key":"Pondfish Scales"},{"floor":43.0,"key":"Tiny Chest"},{"floor":46.0,"key":"TungstenRod"},{"floor":48,"key":"infinitespire:EmpoweringShard"}],"event_choices":[{"damage_healed":0.0,"max_hp_gain":0.0,"max_hp_loss":0.0,"gold_gain":0.0,"event_name":"Scrap Ooze","player_choice":"Success","floor":2.0,"gold_loss":0.0,"damage_taken":7.0,"relics_obtained":["conspire:Boomerang"]},{"damage_healed":0.0,"max_hp_gain":0.0,"max_hp_loss":0.0,"gold_gain":0.0,"cards_transformed":["Strike_P"],"event_name":"Transmorgrifier","player_choice":"Transformed","floor":4.0,"gold_loss":0.0,"damage_taken":0.0,"cards_obtained":["JustLucky"]},{"cards_removed":["Strike_P"],"damage_healed":0.0,"max_hp_gain":0.0,"max_hp_loss":0.0,"gold_gain":0.0,"event_name":"Purifier","player_choice":"Purged","floor":8.0,"gold_loss":0.0,"damage_taken":0.0},{"damage_healed":0.0,"max_hp_gain":0.0,"max_hp_loss":0.0,"gold_gain":0.0,"event_name":"conspire:Investor","player_choice":"Leave","floor":20.0,"gold_loss":0.0,"damage_taken":0.0},{"damage_healed":0.0,"max_hp_gain":0.0,"max_hp_loss":0.0,"gold_gain":0.0,"event_name":"Cursed Tome","player_choice":"Ignored","floor":27.0,"gold_loss":0.0,"damage_taken":0.0},{"damage_healed":0.0,"max_hp_gain":0.0,"max_hp_loss":0.0,"gold_gain":0.0,"event_name":"FaceTrader","player_choice":"Trade","floor":28.0,"gold_loss":0.0,"damage_taken":0.0,"relics_obtained":["NlothsMask"]},{"damage_healed":0.0,"max_hp_gain":0.0,"max_hp_loss":0.0,"gold_gain":0.0,"event_name":"Mysterious Sphere","player_choice":"Fight","floor":40.0,"gold_loss":0.0,"damage_taken":0.0}],"is_beta":false,"boss_relics":[{"not_picked":["ReplayTheSpireMod:DimensionalGlitch","hubris:HollowSoul"],"picked":"Replay:Wanted Poster"},{"not_picked":["conspire:RunicOctahedron","Snecko Eye"],"picked":"SlaversCollar"}],"items_purged_floors":[0,13,31,38],"is_endless":true,"potions_floor_spawned":[12,14,18,24,29,35,40,45,46],"ascension_level":0}}