{"host":"6ggzka4dag2kvku2","time":1614255730,"event":{"mods":["AchievementEnabler","BaseMod","DeckTracker","Minty Spire (QoL Compilation)","Permanent Neow","Quick Restart","SuperFastMode"],"gold_per_floor":[10,23,23,23,35,68,68,68,91,104,104,117,160,195,195,324,324,347,370,222,137,137,173,173,173],"floor_reached":24,"language":"KOR","playtime":1050,"items_purged":[],"score":274,"play_id":"ca1e7813-4e6f-4651-a60a-429f79ff00b2","local_time":"20210225212210","is_ascension_mode":true,"campfire_choices":[{"data":"Study","floor":7,"key":"SMITH"},{"data":"BowlingBash","floor":11,"key":"SMITH"},{"data":"InnerPeace","floor":15,"key":"SMITH"}],"circlet_count":0,"master_deck":["Strike_P","Strike_P","Strike_P","Defend_P","Defend_P","Defend_P+1","Eruption+1","Vigilance+1","Study+1","BowlingBash+1","ClearTheMind","Crescendo","BattleHymn","FollowUp","InnerPeace+1","Establishment","Protect","FearNoEvil"],"relics":["PureWater","Art of War","Golden Idol","Anchor","Orichalcum","Odd Mushroom","Philosopher\u0027s Stone","ClockworkSouvenir","Ancient Tea Set","Bottled Tornado"],"acts_visited":["Exordium","TheCity"],"potions_floor_usage":[18,23,23],"damage_taken":[{"damage":0,"enemies":"Jaw Worm","floor":1,"turns":3},{"damage":0,"enemies":"Small Slimes","floor":2,"turns":3},{"damage":0,"enemies":"2 Louse","floor":5,"turns":2},{"damage":2,"enemies":"3 Sentries","floor":6,"turns":6},{"damage":4,"enemies":"Exordium Wildlife","floor":10,"turns":5},{"damage":0,"enemies":"2 Fungi Beasts","floor":12,"turns":3},{"damage":0,"enemies":"Lagavulin","floor":13,"turns":4},{"damage":3,"enemies":"The Mushroom Lair","floor":14,"turns":3},{"damage":3,"enemies":"Hexaghost","floor":16,"turns":7},{"damage":13,"enemies":"3 Byrds","floor":18,"turns":4},{"damage":4,"enemies":"Chosen","floor":19,"turns":3},{"damage":50,"enemies":"Gremlin Leader","floor":23,"turns":8},{"damage":5,"enemies":"Snake Plant","floor":24,"turns":1}],"seed_played":"463037780664447162","potions_obtained":[{"floor":6,"key":"Weak Potion"},{"floor":10,"key":"BottledMiracle"},{"floor":14,"key":"ColorlessPotion"},{"floor":16,"key":"SteroidPotion"},{"floor":18,"key":"BottledMiracle"}],"is_trial":false,"path_per_floor":["M","M","?","?","M","E","R","?","T","M","R","M","E","?","R","B",null,"M","M","$","?","?","E","M"],"character_chosen":"WATCHER","items_purchased":["ClockworkSouvenir"],"campfire_rested":0,"item_purchase_floors":[20],"current_hp_per_floor":[72,72,72,58,58,56,56,38,38,34,34,34,34,31,31,28,72,59,55,55,55,55,5,0,0],"gold":173,"neow_bonus":"REMOVE_TWO","is_daily":false,"chose_seed":false,"campfire_upgraded":3,"win_rate":0.0,"timestamp":1614255730,"path_taken":["M","M","?","?","M","E","R","?","T","M","R","M","E","?","R","BOSS","M","M","$","?","?","E","?"],"items_purchased_type":["Relic"],"build_version":"2020-12-22","purchased_purges":0,"victory":false,"max_hp_per_floor":[72,72,72,72,72,72,72,72,72,72,72,72,72,72,72,72,72,72,72,72,72,72,72,72,72],"card_choices":[{"not_picked":["FlyingSleeves","Prostrate"],"picked":"Study","floor":1},{"not_picked":["FlyingSleeves","Sanctity"],"picked":"BowlingBash","floor":2},{"not_picked":["Weave","Meditate"],"picked":"ClearTheMind","floor":5},{"not_picked":["WreathOfFlame","EmptyBody","PathToVictory"],"picked":"SKIP","floor":6},{"not_picked":["FlyingSleeves","EmptyBody"],"picked":"Crescendo","floor":10},{"not_picked":["ConjureBlade","SashWhip"],"picked":"BattleHymn","floor":12},{"not_picked":["Vengeance","EmptyFist"],"picked":"FollowUp","floor":13},{"not_picked":["EmptyMind","CutThroughFate"],"picked":"InnerPeace","floor":14},{"not_picked":["DevaForm","SpiritShield"],"picked":"Establishment","floor":16},{"not_picked":["Evaluate","ThirdEye","FlurryOfBlows"],"picked":"SKIP","floor":18},{"not_picked":["WaveOfTheHand","Wireheading+1"],"picked":"Protect","floor":19},{"not_picked":["FollowUp+1","BowlingBash"],"picked":"FearNoEvil","floor":23}],"player_experience":159238,"relics_obtained":[{"floor":6,"key":"Art of War"},{"floor":9,"key":"Anchor"},{"floor":13,"key":"Orichalcum"},{"floor":14,"key":"Odd Mushroom"},{"floor":23,"key":"Bottled Tornado"}],"event_choices":[{"damage_healed":0,"gold_gain":0,"player_choice":"Grow","damage_taken":0,"max_hp_gain":0,"max_hp_loss":0,"event_name":"Living Wall","floor":3,"gold_loss":0,"cards_upgraded":["Eruption"]},{"damage_healed":0,"gold_gain":0,"player_choice":"Entered Light","damage_taken":14,"max_hp_gain":0,"max_hp_loss":0,"event_name":"Shining Light","floor":4,"gold_loss":0,"cards_upgraded":["Defend_P","Vigilance"]},{"damage_healed":0,"gold_gain":0,"player_choice":"Take Damage","damage_taken":18,"relics_obtained":["Golden Idol"],"max_hp_gain":0,"max_hp_loss":0,"event_name":"Golden Idol","floor":8,"gold_loss":0},{"damage_healed":0,"gold_gain":0,"player_choice":"Fought Mushrooms","damage_taken":0,"max_hp_gain":0,"max_hp_loss":0,"event_name":"Mushrooms","floor":14,"gold_loss":0},{"damage_healed":0,"gold_gain":0,"player_choice":"Obtained Relic","damage_taken":0,"relics_obtained":["Ancient Tea Set"],"max_hp_gain":0,"max_hp_loss":0,"event_name":"Addict","floor":21,"gold_loss":85},{"damage_healed":0,"gold_gain":0,"player_choice":"Bought 0 Potions","damage_taken":0,"max_hp_gain":0,"max_hp_loss":0,"event_name":"The Woman in Blue","floor":22,"gold_loss":0}],"is_beta":false,"boss_relics":[{"not_picked":["SlaversCollar","Astrolabe"],"picked":"Philosopher\u0027s Stone"}],"items_purged_floors":[],"is_endless":false,"potions_floor_spawned":[6,10,14,16,18],"killed_by":"Snake Plant","ascension_level":2}}