{"host":"sim2kxx81cjsn49b","time":1614276466,"event":{"mods":["ATMod(阿瑾Mod)","BaseMod","Minty Spire (QoL Compilation)","Reliquary","RumiaBox-露米娅的神秘盒子","StSLib","TestMod","Waifu the Spire","【功能Mod】混沌之环修复补丁"],"gold_per_floor":[119,119,129,54,65,99,99,129,152,77,77,77,78,78],"floor_reached":13,"language":"ZHS","playtime":382,"items_purged":["Strike_G"],"score":182,"play_id":"dc7c79ed-fcc3-4d55-ae61-e0a3182373c3","local_time":"20210226020746","is_ascension_mode":true,"campfire_choices":[{"data":"AT_WindFlip","floor":12,"key":"SMITH"}],"circlet_count":0,"master_deck":["AscendersBane","Strike_G","Strike_G","Strike_G","Defend_G","Defend_G","Defend_G","Defend_G","Defend_G","Survivor","Neutralize","AT_WindFlip+1","Reflex","Dagger Spray"],"relics":["Ring of the Snake","testmod-TestBox","AT_ATBox","testmod-IntensifyImprint","NeowsBlessing","Sundial","testmod-Acrobat","AT_ArchangelStaff","AT_MibuBalloonWealth"],"acts_visited":["Exordium"],"potions_floor_usage":[8,13],"damage_taken":[{"damage":0,"enemies":"Cultist","floor":1,"turns":1},{"damage":0,"enemies":"Small Slimes","floor":3,"turns":1},{"damage":0,"enemies":"2 Louse","floor":5,"turns":1},{"damage":26,"enemies":"Gremlin Nob","floor":6,"turns":4},{"damage":32,"enemies":"Lagavulin","floor":8,"turns":6},{"damage":6,"enemies":"Gremlin Nob","floor":13,"turns":2}],"seed_played":"5977762697341401346","potions_obtained":[{"floor":6,"key":"AttackPotion"},{"floor":8,"key":"Explosive Potion"}],"is_trial":false,"path_per_floor":["M","T","M","$","M","E","$","E","T","?","?","R","E"],"character_chosen":"THE_SILENT","items_purchased":[],"campfire_rested":0,"item_purchase_floors":[],"current_hp_per_floor":[59,59,59,59,59,33,33,1,1,1,6,6,0,0],"gold":78,"neow_bonus":"THREE_ENEMY_KILL","is_daily":false,"chose_seed":false,"campfire_upgraded":1,"win_rate":0.0,"timestamp":1614276466,"path_taken":["M","?","M","$","M","E","$","E","T","?","?","R","E"],"items_purchased_type":[],"build_version":"2020-12-22","purchased_purges":1,"victory":false,"max_hp_per_floor":[66,66,66,66,66,66,66,66,66,66,71,71,71,71],"card_choices":[{"not_picked":["Deflect","Outmaneuver","Quick Slash"],"picked":"SKIP","floor":1},{"not_picked":["Outmaneuver","Choke","Quick Slash"],"picked":"SKIP","floor":3},{"not_picked":["Flying Knee","Noxious Fumes","AT_TwilightShroud"],"picked":"SKIP","floor":5},{"not_picked":["AT_WomanClash","Eviscerate"],"picked":"Reflex","floor":6},{"not_picked":["Flying Knee","Accuracy"],"picked":"Dagger Spray","floor":8}],"player_experience":649843,"relics_obtained":[{"floor":2,"key":"Sundial"},{"floor":6,"key":"testmod-Acrobat"},{"floor":8,"key":"AT_ArchangelStaff"},{"floor":9,"key":"AT_MibuBalloonWealth"}],"event_choices":[{"cards_removed":["Strike_G"],"damage_healed":0,"gold_gain":0,"player_choice":"Card Removal","damage_taken":0,"max_hp_gain":0,"max_hp_loss":0,"event_name":"The Cleric","floor":10,"gold_loss":75},{"damage_healed":0,"gold_gain":0,"player_choice":"Donut","damage_taken":0,"max_hp_gain":5,"max_hp_loss":0,"event_name":"Big Fish","floor":11,"gold_loss":0}],"is_beta":false,"boss_relics":[],"items_purged_floors":[4],"is_endless":false,"potions_floor_spawned":[6,8],"killed_by":"Gremlin Nob","ascension_level":20}}