{"host":"bun66rhxl4zngnso","time":1614226220,"event":{"mods":["2.2 Compatiblity","AchievementEnabler","Act Like it!","Arknights","BaseMod","KOR Keyword Fix","KinomotoSakuraMod(ÙÊñýÜâ?)","Koishi","Marisa£¨Ùöéë¡¡Øª×âÞÞ£©","Minty Spire (QoL Compilation)","Permanent Neow","Reimu£¨ÚÏ???£©","Remilia£¨?Ú·×é?£©","StSLib","SuperFastMode","The Runesmith","The Servant 0.9.4","Youmu£¨ûëÛÞèí?£©"],"gold_per_floor":[109,109,284,244,260,260,294,294,294,294,8,39,55,85,85,181,231,243,255,1,10019,10036,10036,10069,10069,10069,10069,10088,8805,8818,8838,8838,8938,8938,8952,8962,7753,7773,7773,7773,7773,7785,7854,6754,6754,6786,6796,6811,6811,6811],"floor_reached":51,"language":"KOR","playtime":2474,"items_purged":[],"score":967,"play_id":"d639d2e3-893a-4f06-b922-35f23bca10f1","local_time":"20210225131020","is_ascension_mode":false,"campfire_choices":[{"data":"WheelOfPainOfLivingAndDead","floor":6.0,"key":"SMITH"},{"data":"Doubt","floor":8.0,"key":"PURGE"},{"floor":15.0,"key":"REST"},{"floor":23,"key":"REST"},{"data":"Pain","floor":25,"key":"PURGE"},{"floor":27,"key":"REST"},{"data":"CherryBlossomSword","floor":32,"key":"SMITH"},{"data":"Transmutation","floor":40,"key":"SMITH"},{"data":"The Bomb","floor":45,"key":"SMITH"},{"data":"SuddenDivineSeveringOfKarmicWind","floor":49,"key":"SMITH"}],"circlet_count":0,"master_deck":["Strike_YM+1","Strike_YM+1","Strike_YM","Defend_YM","Defend_YM","Defend_YM+1","Defend_YM","SlashOfPresentWorld","WheelOfPainOfLivingAndDead+1","HellRealmSword+1","CherryBlossomFlashing","SwordExtraction","TurningAngelCut","SuddenDivineSeveringOfKarmicWind+1","TwoHundredYojanaInOneSlash","DispleasureOfTheSevenHakus","IrresoluteSoul","RapidSlash","BloodOfAsura+1","SpiritCuttingSword","CherryBlossomSword+1","FantasyOfEnteringEnlightenment+1","GhostSword","SpiritMediumsBind","SuddenPhantomFormationSlashOfKarmicWind","DispleasureOfTheSevenHakus","SwordOfBindingDesires","SlashClearingTheSixSenses","TenKingsRetributionOnThePreta","Panacea","The Bomb+1","TransmigrationSlash","PretaSword","CherryBlossomSword","BizarrenessOfSixRealms+1","FlashingScatteredFlowers+1","SuddenPhantomFormationSlashOfKarmicWind","ConstancyOfTheConventionalTruth","ThreeKonsSevenHakus","FlashingScatteredFlowers","SlashOfDepartureFromHesitation","Enlightenment","Violence","HumanKnowledgeSword+1","Transmutation+1","Swift Strike","ThreeKonsSevenHakus+1","HumanGodSword","SwordExtraction","DispleasureOfTheSevenHakus","HeavenlyHaloSlash+1","TwoHundredYojanaInOneSlash+1","Flash of Steel+1","Master of Strategy","GhostSword","TwoHundredYojanaInOneSlash+1","LotusPostureSlash+1"],"relics":["HalfPhantom","PaintedHorse:ReiMu","Peace Pipe","Whetstone","WarpedTongs","StoneCalendar","Bird Faced Urn","Ancient Tea Set","Tiny House","Runesmith:Nanobots","Ice Cream","Eternal Feather","Mango","ChestCloth","Chemical X","Sundial","SlaversCollar","Letter Opener","Boot","HandDrill","FencingExperience","Toy Ornithopter","Molten Egg 2","Strange Spoon","Pen Nib"],"acts_visited":["Exordium","TheCity","TheBeyond"],"potions_floor_usage":[22,30,30,31,31,33,35,46,46,46],"damage_taken":[{"damage":0.0,"enemies":"2 Louse","floor":1.0,"turns":2.0},{"damage":13.0,"enemies":"Jaw Worm","floor":5.0,"turns":3.0},{"damage":25.0,"enemies":"3 Sentries","floor":7.0,"turns":11.0},{"damage":15.0,"enemies":"Lagavulin","floor":12.0,"turns":7.0},{"damage":0.0,"enemies":"Small Slimes","floor":13.0,"turns":3.0},{"damage":8.0,"enemies":"Gremlin Nob","floor":14.0,"turns":4.0},{"damage":18.0,"enemies":"The Guardian","floor":16.0,"turns":10.0},{"damage":48.0,"enemies":"2 Thieves","floor":18.0,"turns":4.0},{"damage":28.0,"enemies":"Spheric Guardian","floor":19.0,"turns":5.0},{"damage":29,"enemies":"Snake Plant","floor":21,"turns":6},{"damage":33,"enemies":"3 Cultists","floor":22,"turns":5},{"damage":26,"enemies":"Slavers","floor":24,"turns":5},{"damage":3,"enemies":"Shelled Parasite and Fungi","floor":28,"turns":3},{"damage":9,"enemies":"Chosen and Byrds","floor":30,"turns":6},{"damage":25,"enemies":"Centurion and Healer","floor":31,"turns":7},{"damage":74,"enemies":"Collector","floor":33,"turns":7},{"damage":36,"enemies":"3 Shapes","floor":35,"turns":3},{"damage":2,"enemies":"3 Darklings","floor":36,"turns":3},{"damage":40,"enemies":"4 Shapes","floor":38,"turns":5},{"damage":0,"enemies":"Spire Growth","floor":42,"turns":1},{"damage":3,"enemies":"Nemesis","floor":46,"turns":2},{"damage":0,"enemies":"Sphere and 2 Shapes","floor":47,"turns":2},{"damage":0,"enemies":"Jaw Worm Horde","floor":48,"turns":1},{"damage":62,"enemies":"Awakened One","floor":50,"turns":6}],"seed_played":"1703489516941479962","potions_obtained":[{"floor":1.0,"key":"FearPotion"},{"floor":5.0,"key":"GamblersBrew"},{"floor":12.0,"key":"BlessingOfTheForge"},{"floor":13.0,"key":"SpeedPotion"},{"floor":17.0,"key":"Swift Potion"},{"floor":21,"key":"Explosive Potion"},{"floor":28,"key":"Weak Potion"},{"floor":30,"key":"Ancient Potion"},{"floor":31,"key":"MagicPotion:ReiMu"},{"floor":33,"key":"GrandPatriotsElixir:ReiMu"},{"floor":36,"key":"FearPotion"},{"floor":46,"key":"SteroidPotion"}],"is_trial":false,"path_per_floor":["M","?","?","?","M","R","E","R","T","?","$","E","M","E","R","B",null,"M","M","$","M","M","R","E","R","T","R","M","$","M","M","R","B",null,"M","M","$","M","?","R","?","M","T","$","R","E","M","M","R","B",null],"character_chosen":"YOUMU","items_purchased":["StoneCalendar","Runesmith:Nanobots","ChestCloth","Chemical X","Sundial","SuddenPhantomFormationSlashOfKarmicWind","DispleasureOfTheSevenHakus","SwordOfBindingDesires","SlashClearingTheSixSenses","TenKingsRetributionOnThePreta","Panacea","The Bomb","Weak Potion","Block Potion","Letter Opener","Boot","HandDrill","SuddenPhantomFormationSlashOfKarmicWind","ConstancyOfTheConventionalTruth","ThreeKonsSevenHakus","FlashingScatteredFlowers","SlashOfDepartureFromHesitation","Enlightenment","Violence","Block Potion","Regen Potion","Toy Ornithopter","Molten Egg 2","Strange Spoon","HumanGodSword","SwordExtraction","DispleasureOfTheSevenHakus","HeavenlyHaloSlash+1","TwoHundredYojanaInOneSlash+1","Flash of Steel+1","Master of Strategy"],"campfire_rested":3,"item_purchase_floors":[11,20,29,29,29,29,29,29,29,29,29,29,29,29,37,37,37,37,37,37,37,37,37,37,37,37,44,44,44,44,44,44,44,44,44,44],"current_hp_per_floor":[75,75,75,75,62,62,37,37,37,37,37,22,22,14,36,18,80,34,8,8,51,20,44,20,32,46,86,87,87,82,57,75,94,94,58,64,64,30,20,47,47,49,49,49,79,94,94,94,94,55],"gold":6811,"neow_bonus":"TRANSFORM_CARD","is_daily":false,"chose_seed":false,"campfire_upgraded":5,"win_rate":0.0,"timestamp":1614226220,"path_taken":["M","?","?","?","M","R","E","R","T","?","$","E","M","E","R","BOSS","M","M","$","M","M","R","E","R","T","R","M","$","?","M","R","BOSS","M","M","$","M","?","R","?","?","T","?","R","E","M","?","R","BOSS"],"items_purchased_type":["Relic","Relic","Relic","Relic","Relic","Card","Card","Card","Card","Card","Card","Card","Potion","Potion","Relic","Relic","Relic","Card","Card","Card","Card","Card","Card","Card","Potion","Potion","Relic","Relic","Relic","Card","Card","Card","Card","Card","Card","Card"],"build_version":"2020-12-22","purchased_purges":0,"victory":true,"max_hp_per_floor":[75,75,75,75,75,75,75,75,75,75,75,75,75,75,75,75,80,80,80,80,80,80,80,80,80,94,94,94,94,94,94,94,94,94,94,94,94,94,94,94,94,94,94,94,94,94,94,94,94,94],"card_choices":[{"not_picked":["FourBirthsSword","PhosphoricSlash"],"picked":"CherryBlossomFlashing","floor":1.0},{"not_picked":["SuddenPhantomFormationSlashOfKarmicWind","LifeCuttingSword"],"picked":"SwordExtraction","floor":5.0},{"not_picked":["ThreeKonsSevenHakus","SanzenSekai"],"picked":"TurningAngelCut","floor":7.0},{"not_picked":["LowerRealmReflectionSlash","HumanKnowledgeSword"],"picked":"SuddenDivineSeveringOfKarmicWind","floor":12.0},{"not_picked":["ThreeKonsSevenHakus","PhosphoricSlash"],"picked":"TwoHundredYojanaInOneSlash","floor":13.0},{"not_picked":["SpiritCuttingSword","SpiderLilyBurial"],"picked":"DispleasureOfTheSevenHakus","floor":14.0},{"not_picked":["MatsuyoiReflectingSatelliteSlash","FastingOfTheYoungPreta"],"picked":"IrresoluteSoul","floor":16.0},{"not_picked":["LowerRealmReflectionSlash","TurningAngelCut"],"picked":"RapidSlash","floor":17.0},{"not_picked":["SanzenSekai","PhosphoricSlash"],"picked":"BloodOfAsura+1","floor":18.0},{"not_picked":["TransmigrationSlash","ConstancyOfTheConventionalTruth"],"picked":"SpiritCuttingSword","floor":19.0},{"not_picked":["SpiritCuttingSword","BizarrenessOfSixRealms+1"],"picked":"CherryBlossomSword","floor":21},{"not_picked":["HesitationCuttingSword","SpiritCuttingSword+1"],"picked":"FantasyOfEnteringEnlightenment+1","floor":22},{"not_picked":["HellGodSword","SwordOfBindingDesires"],"picked":"GhostSword","floor":24},{"not_picked":["ObsessionSword","SlashOfDepartureFromHesitation"],"picked":"SpiritMediumsBind","floor":28},{"not_picked":["BloodOfAsura","SanzenSekai"],"picked":"TransmigrationSlash","floor":30},{"not_picked":["CrescentMoonSlash","PhosphoricSlash"],"picked":"PretaSword","floor":31},{"not_picked":["ReincarnationSword","FastingOfTheYoungPreta"],"picked":"CherryBlossomSword","floor":33},{"not_picked":["CherryBlossomFlashing","HeartExcerptSlash+1"],"picked":"BizarrenessOfSixRealms+1","floor":35},{"not_picked":["SwordOfBindingDesires","TwoHundredYojanaInOneSlash+1"],"picked":"FlashingScatteredFlowers+1","floor":36},{"not_picked":["ThreeKonsSevenHakus+1","BloodOfAsura"],"picked":"HumanKnowledgeSword+1","floor":38},{"not_picked":["Dramatic Entrance","Forethought"],"picked":"Transmutation","floor":39},{"not_picked":["The Bomb","Dark Shackles"],"picked":"Swift Strike","floor":39},{"not_picked":["Panacea","Bandage Up"],"picked":"Magnetism","floor":39},{"not_picked":["SanzenSekai+1","ConstancyOfTheConventionalTruth"],"picked":"ThreeKonsSevenHakus+1","floor":42},{"not_picked":["AsTheSilentNirvana","CherryBlossomFlashing+1"],"picked":"GhostSword","floor":46},{"not_picked":["FourBirthsSword+1","SanzenSekai+1"],"picked":"TwoHundredYojanaInOneSlash+1","floor":47},{"not_picked":["SanzenSekai+1","DispleasureOfTheSevenHakus"],"picked":"LotusPostureSlash+1","floor":48}],"player_experience":18098,"relics_obtained":[{"floor":7.0,"key":"Peace Pipe"},{"floor":9.0,"key":"Whetstone"},{"floor":12.0,"key":"Bird Faced Urn"},{"floor":14.0,"key":"Ancient Tea Set"},{"floor":24,"key":"Eternal Feather"},{"floor":26,"key":"Mango"},{"floor":43,"key":"FencingExperience"},{"floor":46,"key":"Pen Nib"}],"event_choices":[{"damage_healed":0.0,"max_hp_gain":0.0,"max_hp_loss":0.0,"gold_gain":0.0,"event_name":"Living Wall","player_choice":"Grow","floor":2.0,"gold_loss":0.0,"damage_taken":0.0,"cards_upgraded":["HellRealmSword"]},{"damage_healed":0.0,"max_hp_gain":0.0,"max_hp_loss":0.0,"gold_gain":175.0,"event_name":"Liars Game","player_choice":"AGREE","floor":3.0,"gold_loss":0.0,"damage_taken":0.0,"cards_obtained":["Doubt"]},{"damage_healed":0.0,"max_hp_gain":0.0,"max_hp_loss":0.0,"gold_gain":0.0,"event_name":"yidonshenshe","player_choice":"Donate","floor":4.0,"gold_loss":40.0,"damage_taken":0.0,"relics_obtained":["PaintedHorse:ReiMu"]},{"damage_healed":0.0,"max_hp_gain":0.0,"max_hp_loss":0.0,"gold_gain":0.0,"event_name":"Accursed Blacksmith","player_choice":"Rummage","floor":10.0,"gold_loss":0.0,"damage_taken":0.0,"relics_obtained":["WarpedTongs"],"cards_obtained":["Pain"]},{"damage_healed":0,"gold_gain":0,"player_choice":"Memory 3","damage_taken":10,"max_hp_gain":0,"max_hp_loss":0,"event_name":"SensoryStone","floor":39,"gold_loss":0},{"cards_removed":["Magnetism"],"damage_healed":0,"gold_gain":0,"player_choice":"Purged","damage_taken":0,"max_hp_gain":0,"max_hp_loss":0,"event_name":"Purifier","floor":41,"gold_loss":0}],"is_beta":false,"boss_relics":[{"not_picked":["Cursed Key","Fusion Hammer"],"picked":"Tiny House"},{"not_picked":["Empty Cage","Coffee Dripper"],"picked":"SlaversCollar"}],"items_purged_floors":[],"is_endless":false,"potions_floor_spawned":[1,5,12,13,21,28,30,31,33,36,38,42,46],"ascension_level":0}}