{"host":"o5jvvi5yapo90aia","time":1614272282,"event":{"mods":["BaseMod","CapriCore","Minty Spire (QoL Compilation)","MostiFishMod","Prisma Mod","Spicy Shops","StSLib","TestMod","The Immortal","Yakumo Yukari mod","【人物mod】游戏王New YuGiOh mod","【功能Mod】Neow奖励"],"gold_per_floor":[116,116,116,116,139,174,174,218,245,245,258,272,285,325,325,423,423,438,838,424,424,440,480,494,532,532,545,566,599,599,599,599,695,695,723,746,775,804,833,873,702,743,743,787,787,287,323,323,323,335,943,943,943,121,1366,1371],"floor_reached":57,"language":"ZHS","playtime":1532,"items_purged":[],"score":4025,"play_id":"aa252d50-1a2a-48d2-b74f-40c98df34f21","local_time":"20210226005802","is_ascension_mode":true,"campfire_choices":[{"data":"Defend_P","floor":7.0,"key":"PURGE"},{"data":"Strike_P","floor":15.0,"key":"PURGE"},{"data":"Strike_P","floor":30,"key":"PURGE"},{"data":"Strike_P","floor":32,"key":"PURGE"},{"floor":45,"key":"RECALL"},{"data":"ForeignInfluence+1","floor":49,"key":"PURGE"},{"floor":53,"key":"REST"}],"circlet_count":0,"master_deck":["AscendersBane","Eruption+1","Vigilance+1","Worship+1","Adaptation+1","InnerPeace+1","MostiFishMod:Adaptation+1","MostiFishMod:Speedup+1","FearNoEvil+1","Shockwave+1","White Noise+1","testmod-AdversityCounterattack+1","PrismaMod:ChloeAnyAttackTrace+1"],"relics":["testmod-TestBox","Sozu","FeatherPendant","testmod-Brilliant","SynthV:TestCard","Golden Idol","Art of War","HornCleat","Oddly Smooth Stone","HereWithMe","SynthV","Civilization","Potion Belt","testmod-RealStoneCalender","testmod-RandomTest","Damaru","Empty Cage","PrismaticShard","Happy Flower","White Beast Statue","Juzu Bracelet","testmod-Muramasa","Anchor","Vajra","Mark of the Bloom","ClockworkSouvenir","Bronze Scales","Lantern","testmod-Fortitude","Lizard Tail"],"acts_visited":["Exordium","TheCity","TheBeyond","TheEnding"],"potions_floor_usage":[],"damage_taken":[{"damage":0.0,"enemies":"2 Louse","floor":1.0,"turns":1.0},{"damage":0.0,"enemies":"Small Slimes","floor":5.0,"turns":1.0},{"damage":0.0,"enemies":"3 Sentries","floor":6.0,"turns":2.0},{"damage":0.0,"enemies":"Gremlin Nob","floor":8.0,"turns":2.0},{"damage":0.0,"enemies":"Cultist","floor":11.0,"turns":2.0},{"damage":0.0,"enemies":"Looter","floor":12.0,"turns":1.0},{"damage":0.0,"enemies":"3 Louse","floor":13.0,"turns":1.0},{"damage":0.0,"enemies":"Lagavulin","floor":14.0,"turns":3.0},{"damage":0.0,"enemies":"The Guardian","floor":16.0,"turns":4.0},{"damage":0.0,"enemies":"2 Thieves","floor":18.0,"turns":1.0},{"damage":0,"enemies":"3 Byrds","floor":22,"turns":1},{"damage":8,"enemies":"Gremlin Leader","floor":23,"turns":2},{"damage":0,"enemies":"Snecko","floor":24,"turns":1},{"damage":0,"enemies":"Slavers","floor":25,"turns":1},{"damage":0,"enemies":"Shelled Parasite and Fungi","floor":27,"turns":1},{"damage":0,"enemies":"Sentry and Sphere","floor":28,"turns":1},{"damage":0,"enemies":"Book of Stabbing","floor":29,"turns":1},{"damage":0,"enemies":"Collector","floor":33,"turns":2},{"damage":0,"enemies":"Orb Walker","floor":35,"turns":1},{"damage":0,"enemies":"3 Shapes","floor":36,"turns":1},{"damage":0,"enemies":"Sphere and 2 Shapes","floor":37,"turns":1},{"damage":0,"enemies":"Maw","floor":38,"turns":1},{"damage":0,"enemies":"Jaw Worm Horde","floor":39,"turns":1},{"damage":0,"enemies":"Reptomancer","floor":40,"turns":1},{"damage":21,"enemies":"Nemesis","floor":42,"turns":2},{"damage":11,"enemies":"Giant Head","floor":44,"turns":2},{"damage":0,"enemies":"Nemesis","floor":47,"turns":1},{"damage":0,"enemies":"Donu and Deca","floor":50,"turns":2},{"damage":54,"enemies":"Time Eater","floor":51,"turns":4},{"damage":0,"enemies":"Shield and Spear","floor":55,"turns":1},{"damage":0,"enemies":"The Heart","floor":56,"turns":1}],"seed_played":"892685127693528934","potions_obtained":[],"is_trial":false,"path_per_floor":["M","?","?","?","M","E","R","E","T","?","M","M","M","E","R","B",null,"M","?","$","?","M","E","M","E","T","M","M","E","R","?","R","B",null,"M","M","M","M","M","E","$","E","T","E","R","$","E","?","R","B","B",null,"R","$","E","B",null],"character_chosen":"WATCHER","items_purchased":["SynthV","Civilization","MostiFishMod:Speedup","PrismaticShard","testmod-Muramasa","Anchor","testmod-AdversityCounterattack","ClockworkSouvenir","Bronze Scales","Lantern","testmod-Fortitude"],"campfire_rested":1,"item_purchase_floors":[20,20,20,41,46,46,46,54,54,54,54],"current_hp_per_floor":[62,55,32,37,38,39,39,40,40,40,41,42,43,44,44,46,66,68,68,68,68,73,71,78,85,85,92,99,105,105,105,105,110,110,115,120,125,130,135,140,140,124,124,118,118,118,123,123,123,123,69,69,69,69,69,69],"gold":1371,"neow_bonus":"BOSS_RELIC","is_daily":false,"chose_seed":false,"campfire_upgraded":0,"win_rate":0.0,"timestamp":1614272282,"path_taken":["M","?","?","?","M","E","R","E","T","?","M","M","?","E","R","BOSS","M","?","$","?","?","E","M","E","T","M","M","E","R","?","R","BOSS","M","?","M","M","M","E","$","E","T","E","R","$","E","?","R","BOSS","BOSS","R","$","E","BOSS"],"items_purchased_type":["Relic","Relic","Card","Relic","Relic","Relic","Card","Relic","Relic","Relic","Relic"],"build_version":"2020-12-22","purchased_purges":0,"victory":true,"max_hp_per_floor":[68,68,68,73,73,73,73,73,73,73,73,73,73,73,73,73,73,73,73,73,73,76,80,85,90,90,95,100,105,105,105,105,110,110,115,120,125,130,135,140,140,145,145,150,150,150,155,155,155,160,165,165,165,165,170,175],"card_choices":[{"not_picked":["Halt","SashWhip"],"picked":"Worship","floor":1.0},{"not_picked":["SashWhip","JustLucky","WindmillStrike","EmptyFist","BowlingBash"],"picked":"SKIP","floor":5.0},{"not_picked":["PathToVictory","Conclude","Study","ForeignInfluence","Crescendo"],"picked":"SKIP","floor":6.0},{"not_picked":["FlurryOfBlows","SignatureMove","MostiFishMod:StarHerder","WaveOfTheHand"],"picked":"Adaptation","floor":8.0},{"not_picked":["MostiFishMod:FlowState","Evaluate","SandsOfTime","PathToVictory","Study"],"picked":"SKIP","floor":11.0},{"not_picked":["Protect","CutThroughFate","FlyingSleeves","BattleHymn","SashWhip"],"picked":"SKIP","floor":12.0},{"not_picked":["Protect","JustLucky","BattleHymn","Establishment","Meditate"],"picked":"SKIP","floor":13.0},{"not_picked":["MostiFishMod:Nomercy","ThirdEye","EmptyBody","BattleHymn"],"picked":"InnerPeace","floor":14.0},{"not_picked":["MostiFishMod:Minus","Establishment","MostiFishMod:OutWit","MostiFishMod:Disappear"],"picked":"MostiFishMod:Adaptation","floor":16.0},{"not_picked":["Wireheading","FlyingSleeves","MostiFishMod:Clarity","Evaluate+1","BowlingBash"],"picked":"SKIP","floor":18.0},{"not_picked":["ThirdEye","SashWhip","InnerPeace","ReachHeaven","Consecrate"],"picked":"SKIP","floor":22},{"not_picked":["Vengeance+1","MostiFishMod:Clarity","ThirdEye","Consecrate","SandsOfTime"],"picked":"SKIP","floor":23},{"not_picked":["BowlingBash+1","CutThroughFate","SashWhip","Fasting2","Swivel"],"picked":"SKIP","floor":24},{"not_picked":["MostiFishMod:StarWish","SashWhip","SignatureMove","MostiFishMod:ScryFuture","Evaluate"],"picked":"SKIP","floor":25},{"not_picked":["Prostrate","PathToVictory","ThirdEye","Nirvana","ConjureBlade"],"picked":"SKIP","floor":27},{"not_picked":["EmptyBody","Nirvana","MostiFishMod:FlowState","ReachHeaven","Evaluate"],"picked":"SKIP","floor":28},{"not_picked":["Fasting2","MostiFishMod:ScryFuture","Prostrate","Wallop","PathToVictory"],"picked":"SKIP","floor":29},{"not_picked":["Vengeance","Evaluate","Wallop","CutThroughFate"],"picked":"FearNoEvil","floor":35},{"not_picked":["Prostrate","JustLucky","EmptyBody+1","Crescendo","SandsOfTime"],"picked":"SKIP","floor":36},{"not_picked":["Study+1","MostiFishMod:ScryFuture","FearNoEvil","MostiFishMod:PathToVictory+1","EmptyFist"],"picked":"SKIP","floor":37},{"not_picked":["ClearTheMind","CarveReality","Evaluate","Perseverance","Crescendo"],"picked":"SKIP","floor":38},{"not_picked":["Crescendo","Nirvana","MostiFishMod:Disappear","SashWhip","BattleHymn"],"picked":"SKIP","floor":39},{"not_picked":["EmptyBody+1","DevaForm","ConjureBlade","CarveReality","Halt"],"picked":"SKIP","floor":40},{"not_picked":["PrismaMod:MiyuMaid","PrismaMod:IllyaCommonEvoke","MostiFishMod:Listen","PrismaMod:MiyuCheapAttack1"],"picked":"Shockwave+1","floor":42},{"not_picked":["ExternalForce_HighSpeedFlying_purple+1","PrismaMod:MiyuEvokeBuffDex","BowlingBash","MostiFishMod:ScryFuture"],"picked":"White Noise","floor":44},{"not_picked":["MokouMod:Wildfire+1","Beam Cell+1","PrismaMod:MiyuCheapAttack1","Boundary_LightAndDark_purple"],"picked":"PrismaMod:ChloeAnyAttackTrace","floor":47},{"not_picked":["Concentrate","MokouMod:Rebirth","EmptyMind+1","Bane+1","Boundary_ObjectiveBoundary_purple"],"picked":"SKIP","floor":55}],"player_experience":1593203,"relics_obtained":[{"floor":1.0,"key":"SynthV:TestCard"},{"floor":6.0,"key":"Art of War"},{"floor":8.0,"key":"HornCleat"},{"floor":14.0,"key":"Oddly Smooth Stone"},{"floor":23,"key":"Potion Belt"},{"floor":25,"key":"testmod-RealStoneCalender"},{"floor":26,"key":"testmod-RandomTest"},{"floor":29,"key":"Damaru"},{"floor":42,"key":"Happy Flower"},{"floor":43,"key":"White Beast Statue"},{"floor":44,"key":"Juzu Bracelet"},{"floor":47,"key":"Vajra"},{"floor":55,"key":"Lizard Tail"}],"event_choices":[{"cards_removed":["Defend_P"],"damage_healed":0.0,"max_hp_gain":0.0,"max_hp_loss":0.0,"gold_gain":0.0,"event_name":"Golden Wing","player_choice":"Card Removal","floor":2.0,"gold_loss":0.0,"damage_taken":7.0},{"damage_healed":0.0,"max_hp_gain":0.0,"max_hp_loss":0.0,"gold_gain":0.0,"event_name":"Golden Idol","player_choice":"Take Damage","floor":3.0,"gold_loss":0.0,"damage_taken":23.0,"relics_obtained":["Golden Idol"]},{"damage_healed":0.0,"max_hp_gain":5.0,"max_hp_loss":0.0,"gold_gain":0.0,"event_name":"Big Fish","player_choice":"Donut","floor":4.0,"gold_loss":0.0,"damage_taken":0.0},{"damage_healed":0.0,"max_hp_gain":0.0,"max_hp_loss":0.0,"gold_gain":0.0,"event_name":"Lab","player_choice":"Got Potions","floor":10.0,"gold_loss":0.0,"damage_taken":0.0},{"damage_healed":0.0,"max_hp_gain":0.0,"max_hp_loss":0.0,"gold_gain":400.0,"event_name":"恩洛斯的盘子","player_choice":"Sell","floor":19.0,"relics_lost":["DaveBox"],"gold_loss":0.0,"damage_taken":0.0},{"damage_healed":0,"gold_gain":0,"cards_transformed":["Defend_P"],"player_choice":"Transformed","damage_taken":0,"max_hp_gain":0,"max_hp_loss":0,"event_name":"Transmorgrifier","floor":21,"gold_loss":0,"cards_obtained":["ForeignInfluence"]},{"damage_healed":0,"gold_gain":0,"player_choice":"Ignored","damage_taken":0,"max_hp_gain":0,"max_hp_loss":0,"event_name":"Duplicator","floor":31,"gold_loss":0},{"damage_healed":0,"gold_gain":0,"player_choice":"Upgrade","damage_taken":0,"relics_obtained":["Mark of the Bloom"],"max_hp_gain":0,"max_hp_loss":0,"event_name":"MindBloom","floor":48,"gold_loss":0,"cards_upgraded":["Eruption","Vigilance","Worship","Adaptation","InnerPeace","MostiFishMod:Adaptation","MostiFishMod:Speedup","ForeignInfluence","FearNoEvil","White Noise","testmod-AdversityCounterattack","PrismaMod:ChloeAnyAttackTrace"]}],"is_beta":false,"boss_relics":[{"not_picked":["RhineCircuit","testmod-StringDisintegrator"],"picked":"HereWithMe"},{"not_picked":["testmod-IncinerationGenerator","JellyFishMachine"],"picked":"Empty Cage"}],"items_purged_floors":[],"is_endless":false,"potions_floor_spawned":[5,8,11,16,22,25,27,33,38,39,42,44,47,55],"ascension_level":20}}