{"host":"2d69zsihwnsihkt1","time":1614211758,"event":{"mods":["AchievementEnabler","Act Like it!","BaseMod","Better Altar","Better Note","Better Skull","Bossed Relics","Colored Map","Colored Powertips","Curses Come First","Displayed Cursed Tome","Googly Eyes","Hermit","Minty Spire (QoL Compilation)","Rare Cards Sparkle","Relic Stats","Replay The Spire","Robot Space Explorer","Shapeshifter Mod","Shop Mod","StSLib","The Forsaken","The Hayseed","The Runesmith"],"gold_per_floor":[215,290,290,304,304,304,339,339,339,339,339,339,352,379,379,484,484,494,265,284,284,290,290],"floor_reached":22,"language":"ENG","playtime":1819,"items_purged":["Writhe"],"score":285,"play_id":"256f97cd-235a-4ffc-94fc-2da5788f9365","local_time":"20210224180918","is_ascension_mode":true,"campfire_choices":[{"floor":6.0,"key":"REST"},{"floor":10.0,"key":"REST"},{"floor":12.0,"key":"REST"},{"floor":15.0,"key":"REST"}],"circlet_count":0,"master_deck":["AscendersBane","theForsaken:TheForsaken_Strike","theForsaken:TheForsaken_Strike","theForsaken:TheForsaken_Strike","theForsaken:TheForsaken_Defend","theForsaken:TheForsaken_Defend","theForsaken:Smite","theForsaken:Penitence","theForsaken:MagicWeapon","Purity","theForsaken:Smite","theForsaken:MagicWeapon","theForsaken:Mantra","theForsaken:Bolster+1","theForsaken:Confusion","theForsaken:Thunderbolt"],"relics":["theForsaken:JudgementScales","Omamori","PreservedInsect","Gremlin Horn","Replay:Arrowhead","Replay:Ancient Bell","Replay:Bandana","White Beast Statue","Replay:Multitool","Lee\u0027s Waffle"],"acts_visited":["Exordium","TheCity"],"potions_floor_usage":[20],"damage_taken":[{"damage":12.0,"enemies":"Small Slimes","floor":1.0,"turns":4.0},{"damage":3.0,"enemies":"2 Louse","floor":4.0,"turns":3.0},{"damage":50.0,"enemies":"Gremlin Nob","floor":7.0,"turns":5.0},{"damage":0.0,"enemies":"Cultist","floor":13.0,"turns":4.0},{"damage":35.0,"enemies":"3 Sentries","floor":14.0,"turns":7.0},{"damage":84.0,"enemies":"Slime Boss","floor":16.0,"turns":19.0},{"damage":40.0,"enemies":"Shell Parasite","floor":18.0,"turns":8.0},{"damage":106,"enemies":"3 Byrds","floor":20,"turns":13},{"damage":35,"enemies":"Cultist and Chosen","floor":22,"turns":6}],"seed_played":"2551130600070318431","potions_obtained":[{"floor":1.0,"key":"Fire Potion"},{"floor":7.0,"key":"Block Potion"},{"floor":14.0,"key":"Regen Potion"},{"floor":16.0,"key":"LifebloodPotion"},{"floor":18.0,"key":"Weak Potion"},{"floor":20,"key":"FearPotion"}],"is_trial":false,"path_per_floor":["M","?","?","M","?","R","E","?","T","R","?","R","M","E","R","B",null,"M","$","M","?","M"],"character_chosen":"THE_FORSAKEN","items_purchased":["Lee\u0027s Waffle"],"campfire_rested":4,"item_purchase_floors":[19],"current_hp_per_floor":[50,39,39,38,35,54,7,7,7,26,26,45,50,31,50,65,65,35,72,14,14,0,0],"gold":290,"neow_bonus":"HUNDRED_GOLD","is_daily":false,"chose_seed":false,"campfire_upgraded":0,"win_rate":0.0,"timestamp":1614211758,"path_taken":["M","?","?","M","?","R","E","?","T","R","?","R","M","E","R","BOSS","M","?","?","?","M"],"items_purchased_type":["Relic"],"build_version":"2020-12-22","purchased_purges":1,"victory":false,"max_hp_per_floor":[65,65,65,65,65,65,65,65,65,65,65,65,65,65,65,65,65,65,72,72,72,72,72],"relic_stats":{"Lee\u0027s Waffle":37,"Gremlin Horn":[8,8],"counters":[9,69],"PreservedInsect":32,"obtain_stats":[{"Replay:Bandana":17,"Lee\u0027s Waffle":19,"Gremlin Horn":9,"PreservedInsect":7,"Omamori":5,"Replay:Ancient Bell":17,"Replay:Multitool":17,"theForsaken:JudgementScales":0,"Replay:Arrowhead":14,"White Beast Statue":17},{"Replay:Bandana":6,"Lee\u0027s Waffle":7,"Gremlin Horn":3,"PreservedInsect":3,"Omamori":2,"Replay:Ancient Bell":6,"Replay:Multitool":6,"theForsaken:JudgementScales":0,"Replay:Arrowhead":5,"White Beast Statue":6},{"Replay:Bandana":42,"Lee\u0027s Waffle":50,"Gremlin Horn":12,"PreservedInsect":12,"Omamori":7,"Replay:Ancient Bell":42,"Replay:Multitool":42,"theForsaken:JudgementScales":0,"Replay:Arrowhead":23,"White Beast Statue":42}]},"card_choices":[{"not_picked":["theForsaken:WordsOfMight","theForsaken:ShieldCharge","theForsaken:Parry"],"picked":"SKIP","floor":1.0},{"not_picked":["theForsaken:BlessedWeapon","theForsaken:StoreUp"],"picked":"theForsaken:MagicWeapon","floor":4.0},{"not_picked":["theForsaken:Tranquility","theForsaken:Eulogy","theForsaken:HymnOfPatience"],"picked":"SKIP","floor":7.0},{"not_picked":["theForsaken:WordsOfPestilence","theForsaken:CreepingInfection"],"picked":"theForsaken:MagicWeapon","floor":13.0},{"not_picked":["theForsaken:PanicDive","theForsaken:Devotion","theForsaken:HymnOfPatience"],"picked":"SKIP","floor":14.0},{"not_picked":["theForsaken:DivineGuidance","theForsaken:CorruptDeck"],"picked":"theForsaken:Mantra","floor":16.0},{"not_picked":["Amnesia","Shame"],"picked":"ReplayTheSpireMod:Splinters","floor":17.0},{"not_picked":["Spreading Infection","CurseOfTheBell"],"picked":"Decay","floor":17.0},{"not_picked":["TheSimpletonMod:Spoilage","ReplayTheSpireMod:Restless Dread"],"picked":"Writhe","floor":17.0},{"not_picked":["theForsaken:BlessedWeapon","theForsaken:HealingLight"],"picked":"theForsaken:Bolster+1","floor":18.0},{"not_picked":["theForsaken:Thunderbolt","theForsaken:CreepingInfection","theForsaken:ScorchingSunlight"],"picked":"SKIP","floor":20}],"player_experience":1929806,"relics_obtained":[{"floor":7.0,"key":"PreservedInsect"},{"floor":9.0,"key":"Gremlin Horn"},{"floor":14.0,"key":"Replay:Arrowhead"}],"event_choices":[{"damage_healed":0.0,"max_hp_gain":0.0,"max_hp_loss":0.0,"gold_gain":75.0,"event_name":"World of Goop","player_choice":"Gather Gold","floor":2.0,"gold_loss":0.0,"damage_taken":11.0},{"damage_healed":0.0,"max_hp_gain":0.0,"max_hp_loss":0.0,"gold_gain":0.0,"event_name":"Scrap Ooze","player_choice":"Success","floor":5.0,"gold_loss":0.0,"damage_taken":3.0,"relics_obtained":["Omamori"]},{"cards_removed":["theForsaken:TheForsaken_Defend"],"damage_healed":0.0,"max_hp_gain":0.0,"max_hp_loss":0.0,"gold_gain":0.0,"event_name":"Living Wall","player_choice":"Forget","floor":8.0,"gold_loss":0.0,"damage_taken":0.0},{"damage_healed":0.0,"max_hp_gain":0.0,"max_hp_loss":0.0,"gold_gain":0.0,"event_name":"Match and Keep!","player_choice":"2 cards matched","floor":11.0,"gold_loss":0.0,"damage_taken":0.0,"cards_obtained":["Purity","theForsaken:Smite"]},{"damage_healed":0,"gold_gain":0,"cards_transformed":["theForsaken:TheForsaken_Strike","theForsaken:TheForsaken_Defend"],"player_choice":"Became Test Subject","damage_taken":0,"max_hp_gain":0,"max_hp_loss":0,"event_name":"Drug Dealer","floor":21,"gold_loss":0,"cards_obtained":["theForsaken:Confusion","theForsaken:Thunderbolt"]}],"is_beta":false,"boss_relics":[{"not_picked":["Abe\u0027s Treasure","Snecko Heart"],"picked":"Replay:Ancient Bell"},{"not_picked":["Happy Flower","Boot"],"picked":"Replay:Bandana"},{"not_picked":["Onion Ring","Shuriken"],"picked":"White Beast Statue"},{"not_picked":["Torii","Old Coin"],"picked":"Replay:Multitool"}],"items_purged_floors":[19],"is_endless":false,"potions_floor_spawned":[1,7,14,16,18,20],"killed_by":"Cultist and Chosen","ascension_level":10}}