{"host":"92kgk6frc09v07nq","time":1614297442,"event":{"mods":["BaseMod","Minty Spire (QoL Compilation)"],"gold_per_floor":[109,68,78,3,3,35,54,91,143,165,165,199,199,199,199,332,332,366,389,389,304,304,304,323,323,399,437,437,472,497,538,538,538,538],"floor_reached":33,"language":"ENG","playtime":930,"items_purged":[],"score":501,"play_id":"177fa7ef-1867-45f3-a7be-5f3bc333b87b","local_time":"20210225175722","is_ascension_mode":true,"campfire_choices":[{"data":"BattleHymn","floor":11,"key":"SMITH"},{"data":"Eruption","floor":13,"key":"SMITH"},{"floor":15,"key":"REST"},{"floor":23,"key":"REST"},{"data":"Ragnarok","floor":25,"key":"SMITH"},{"floor":28,"key":"REST"},{"data":"1","floor":32,"key":"LIFT"}],"circlet_count":0,"master_deck":["Strike_P","Strike_P","Strike_P","Defend_P","Defend_P","Defend_P","Eruption+1","Vigilance","Consecrate","ClearTheMind","BattleHymn+1","FlurryOfBlows","MentalFortress+1","ThirdEye","CutThroughFate","FlurryOfBlows","Ragnarok+1","JustLucky","SpiritShield","Tantrum","FlyingSleeves+1","FollowUp","Consecrate+1","Evaluate+1","InnerPeace"],"relics":["HolyWater","Bottled Flame","CeramicFish","Bronze Scales","Bloody Idol","White Beast Statue","StrikeDummy","Kunai","The Courier","Girya"],"acts_visited":["Exordium","TheCity"],"potions_floor_usage":[8,18,27,27,29,31,33,33,33],"damage_taken":[{"damage":0,"enemies":"2 Louse","floor":1,"turns":2},{"damage":0,"enemies":"Cultist","floor":3,"turns":2},{"damage":11,"enemies":"Lagavulin","floor":6,"turns":5},{"damage":0,"enemies":"Jaw Worm","floor":7,"turns":3},{"damage":0,"enemies":"Gremlin Nob","floor":8,"turns":2},{"damage":8,"enemies":"3 Louse","floor":10,"turns":4},{"damage":15,"enemies":"Lagavulin","floor":12,"turns":5},{"damage":15,"enemies":"Hexaghost","floor":16,"turns":6},{"damage":18,"enemies":"Shell Parasite","floor":18,"turns":6},{"damage":12,"enemies":"Chosen","floor":19,"turns":3},{"damage":14,"enemies":"Centurion and Healer","floor":24,"turns":4},{"damage":21,"enemies":"Gremlin Leader","floor":27,"turns":3},{"damage":39,"enemies":"Slavers","floor":29,"turns":3},{"damage":0,"enemies":"Snecko","floor":30,"turns":2},{"damage":0,"enemies":"Gremlin Leader","floor":31,"turns":3},{"damage":48,"enemies":"Collector","floor":33,"turns":3}],"seed_played":"-1518687403085670872","potions_obtained":[{"floor":6,"key":"AttackPotion"},{"floor":8,"key":"SpeedPotion"},{"floor":10,"key":"Ancient Potion"},{"floor":16,"key":"Explosive Potion"},{"floor":24,"key":"BottledMiracle"},{"floor":27,"key":"Swift Potion"},{"floor":29,"key":"FearPotion"},{"floor":30,"key":"Block Potion"},{"floor":31,"key":"AttackPotion"}],"is_trial":false,"path_per_floor":["M","$","M","$","?","E","M","E","T","M","R","E","R","?","R","B",null,"M","M","?","?","?","R","M","R","T","E","R","E","M","E","R","B"],"character_chosen":"WATCHER","items_purchased":["BattleHymn","MentalFortress"],"campfire_rested":3,"item_purchase_floors":[2,4],"current_hp_per_floor":[47,47,47,47,72,61,61,61,61,53,53,38,38,38,58,43,61,43,31,31,31,31,51,42,42,47,36,56,27,37,47,47,0,0],"gold":538,"neow_bonus":"TRANSFORM_TWO_CARDS","is_daily":false,"chose_seed":false,"campfire_upgraded":3,"win_rate":0.0,"timestamp":1614297442,"path_taken":["M","$","M","$","?","E","M","E","T","?","R","E","R","?","R","BOSS","M","M","?","?","?","R","M","R","T","E","R","E","?","E","R","BOSS"],"items_purchased_type":["Card","Card"],"build_version":"2020-12-22","purchased_purges":0,"victory":false,"max_hp_per_floor":[72,72,72,72,72,72,72,72,72,72,72,72,72,67,67,67,67,67,67,67,67,67,67,67,67,67,67,67,67,67,67,67,67,67],"card_choices":[{"not_picked":["FollowUp","SashWhip"],"picked":"ClearTheMind","floor":1},{"not_picked":["SignatureMove","Consecrate"],"picked":"FlurryOfBlows","floor":3},{"not_picked":["Collect","ConjureBlade"],"picked":"ThirdEye","floor":6},{"not_picked":["Evaluate","Swivel"],"picked":"CutThroughFate","floor":7},{"not_picked":["ClearTheMind","Halt"],"picked":"FlurryOfBlows","floor":8},{"not_picked":["WheelKick","ThirdEye"],"picked":"Ragnarok","floor":10},{"not_picked":["FlyingSleeves","ThirdEye"],"picked":"JustLucky","floor":12},{"not_picked":["Brilliance","Wish"],"picked":"SpiritShield","floor":16},{"not_picked":["EmptyMind+1","InnerPeace"],"picked":"Tantrum","floor":18},{"not_picked":["Prostrate","BowlingBash"],"picked":"FlyingSleeves+1","floor":19},{"not_picked":["BowlingBash","FlyingSleeves","SashWhip"],"picked":"SKIP","floor":24},{"not_picked":["SashWhip","ForeignInfluence"],"picked":"FollowUp","floor":27},{"not_picked":["CarveReality","Worship"],"picked":"Consecrate+1","floor":29},{"not_picked":["ThirdEye","ReachHeaven"],"picked":"Evaluate+1","floor":30},{"not_picked":["CrushJoints","Evaluate"],"picked":"InnerPeace","floor":31}],"player_experience":1076603,"relics_obtained":[{"floor":6,"key":"Bottled Flame"},{"floor":8,"key":"CeramicFish"},{"floor":12,"key":"Bronze Scales"},{"floor":26,"key":"StrikeDummy"},{"floor":27,"key":"Kunai"},{"floor":29,"key":"The Courier"},{"floor":31,"key":"Girya"}],"event_choices":[{"cards_removed":["WreathOfFlame"],"damage_healed":25,"gold_gain":0,"player_choice":"Offered Uncommon","damage_taken":0,"max_hp_gain":0,"max_hp_loss":0,"event_name":"Bonfire Elementals","floor":5,"gold_loss":0},{"damage_healed":0,"gold_gain":0,"player_choice":"Lose Max HP","damage_taken":0,"relics_obtained":["Golden Idol"],"max_hp_gain":0,"max_hp_loss":5,"event_name":"Golden Idol","floor":14,"gold_loss":0},{"damage_healed":0,"gold_gain":0,"player_choice":"Gave Idol","damage_taken":0,"relics_obtained":["Bloody Idol"],"max_hp_gain":0,"max_hp_loss":0,"event_name":"Forgotten Altar","floor":20,"relics_lost":["Golden Idol"],"gold_loss":0},{"damage_healed":0,"gold_gain":0,"player_choice":"Obtained Relic","damage_taken":0,"relics_obtained":["White Beast Statue"],"max_hp_gain":0,"max_hp_loss":0,"event_name":"Addict","floor":21,"gold_loss":85},{"damage_healed":0,"gold_gain":0,"player_choice":"Forge","damage_taken":0,"max_hp_gain":0,"max_hp_loss":0,"event_name":"Accursed Blacksmith","floor":22,"gold_loss":0,"cards_upgraded":["MentalFortress"]}],"is_beta":false,"boss_relics":[{"not_picked":["Snecko Eye","Philosopher\u0027s Stone"],"picked":"HolyWater"}],"items_purged_floors":[],"is_endless":false,"potions_floor_spawned":[6,8,10,16,24,27,29,30,31],"killed_by":"Collector","ascension_level":7}}