{"host":"oq0u6q7bjztc2jwc","time":1614293158,"event":{"mods":["AchievementEnabler","BaseMod","Colored Map","Highlight Path","Minty Spire (QoL Compilation)","Permanent Neow","StSLib"],"gold_per_floor":[118,118,132,152,152,152,177,188,188,168,179,104,104,114,114,217,217,199,48,48,48,61,61,61,81,81,100,100,100,125,158,158,158,158],"floor_reached":33,"language":"ENG","playtime":2150,"items_purged":["Strike_R","Heavy Blade"],"score":307,"play_id":"44059ab5-e9e2-4086-b747-e0bc46131ac1","local_time":"20210225174558","is_ascension_mode":true,"campfire_choices":[{"data":"Ghostly Armor","floor":6,"key":"SMITH"},{"data":"Bash","floor":13,"key":"SMITH"},{"data":"Searing Blow+1","floor":15,"key":"SMITH"},{"data":"Armaments","floor":23,"key":"SMITH"},{"floor":28,"key":"REST"},{"floor":32,"key":"REST"}],"circlet_count":0,"master_deck":["Strike_R","Strike_R","Strike_R","Defend_R","Defend_R","Defend_R","Bash+1","Ghostly Armor+1","Searing Blow+2","Thunderclap+1","Demon Form","Heavy Blade+1","Armaments+1","Double Tap","Iron Wave+1","Inflame","Bloodletting","Armaments","Warcry+1"],"relics":["Burning Blood","NeowsBlessing","Molten Egg 2","Matryoshka","Omamori","Meat on the Bone","Calling Bell","Vajra","Darkstone Periapt","Prayer Wheel","Juzu Bracelet","Boot","CeramicFish"],"acts_visited":["Exordium","TheCity"],"potions_floor_usage":[7,7,11,11,16,18,25,30],"damage_taken":[{"damage":0,"enemies":"2 Louse","floor":1,"turns":2},{"damage":0,"enemies":"Cultist","floor":3,"turns":1},{"damage":0,"enemies":"Jaw Worm","floor":4,"turns":1},{"damage":17,"enemies":"3 Sentries","floor":7,"turns":10},{"damage":1,"enemies":"2 Fungi Beasts","floor":8,"turns":4},{"damage":3,"enemies":"Exordium Thugs","floor":11,"turns":4},{"damage":0,"enemies":"Exordium Wildlife","floor":14,"turns":3},{"damage":53,"enemies":"The Guardian","floor":16,"turns":15},{"damage":35,"enemies":"2 Thieves","floor":18,"turns":4},{"damage":14,"enemies":"Chosen","floor":22,"turns":4},{"damage":23,"enemies":"Snecko","floor":25,"turns":5},{"damage":34,"enemies":"3 Cultists","floor":27,"turns":6},{"damage":43,"enemies":"Gremlin Leader","floor":30,"turns":8},{"damage":32,"enemies":"Sentry and Sphere","floor":31,"turns":9},{"damage":44,"enemies":"Champ","floor":33,"turns":7}],"seed_played":"851176141329441878","potions_obtained":[{"floor":2,"key":"ColorlessPotion"},{"floor":2,"key":"LiquidBronze"},{"floor":2,"key":"FearPotion"},{"floor":4,"key":"SkillPotion"},{"floor":8,"key":"BlessingOfTheForge"},{"floor":10,"key":"Swift Potion"},{"floor":11,"key":"EssenceOfSteel"},{"floor":22,"key":"AttackPotion"},{"floor":25,"key":"Fire Potion"},{"floor":30,"key":"Explosive Potion"}],"is_trial":false,"path_per_floor":["M","?","M","M","?","R","E","M","T","?","M","$","R","M","R","B",null,"M","$","?","?","M","R","$","M","T","M","R","?","E","M","R","B"],"character_chosen":"IRONCLAD","items_purchased":["Armaments"],"campfire_rested":2,"item_purchase_floors":[19],"current_hp_per_floor":[80,80,80,80,62,62,51,56,56,56,59,59,59,65,65,30,80,51,51,51,51,55,55,55,50,50,34,58,58,33,19,43,0,0],"gold":158,"neow_bonus":"THREE_ENEMY_KILL","is_daily":false,"chose_seed":false,"campfire_upgraded":4,"win_rate":0.0,"timestamp":1614293158,"path_taken":["M","?","M","?","?","R","E","M","T","?","?","$","R","M","R","BOSS","M","$","?","?","?","R","?","M","T","M","R","?","E","M","R","BOSS"],"items_purchased_type":["Card"],"build_version":"2020-12-22","purchased_purges":2,"victory":false,"max_hp_per_floor":[80,80,80,80,80,80,80,80,80,80,80,80,80,80,80,80,80,80,80,80,80,80,80,80,80,80,80,80,80,80,80,80,80,80],"card_choices":[{"not_picked":["Clash","Shrug It Off"],"picked":"Heavy Blade","floor":1},{"not_picked":["Rampage","Heavy Blade"],"picked":"Ghostly Armor","floor":3},{"not_picked":["Corruption","Havoc","Shrug It Off"],"picked":"SKIP","floor":4},{"not_picked":["Entrench","Clash+1"],"picked":"Searing Blow+1","floor":7},{"not_picked":["Cleave+1","Sever Soul+1","Pommel Strike+1"],"picked":"SKIP","floor":8},{"not_picked":["Headbutt+1","Twin Strike+1"],"picked":"Thunderclap+1","floor":11},{"not_picked":["Perfected Strike+1","Blood for Blood+1","Hemokinesis+1"],"picked":"SKIP","floor":14},{"not_picked":["Double Tap","Immolate+1"],"picked":"Demon Form","floor":16},{"not_picked":["Twin Strike+1","Carnage+1"],"picked":"Heavy Blade+1","floor":18},{"not_picked":["Thunderclap+1","Battle Trance","Warcry"],"picked":"SKIP","floor":18},{"not_picked":["Second Wind","Flame Barrier"],"picked":"Iron Wave+1","floor":22},{"not_picked":["Combust","Flame Barrier+1"],"picked":"Inflame","floor":22},{"not_picked":["Warcry","Metallicize","Sever Soul+1"],"picked":"SKIP","floor":25},{"not_picked":["Clash+1","Perfected Strike+1","Flame Barrier"],"picked":"SKIP","floor":25},{"not_picked":["Dark Embrace","Hemokinesis+1"],"picked":"Bloodletting","floor":27},{"not_picked":["Feel No Pain+1","Power Through+1","Blood for Blood+1"],"picked":"SKIP","floor":27},{"not_picked":["Headbutt+1","Havoc","Brutality"],"picked":"SKIP","floor":30},{"not_picked":["Sword Boomerang+1","Body Slam+1"],"picked":"Armaments","floor":31},{"not_picked":["Clothesline+1","Perfected Strike+1"],"picked":"Warcry+1","floor":31}],"player_experience":468687,"relics_obtained":[{"floor":7,"key":"Matryoshka"},{"floor":9,"key":"Omamori"},{"floor":9,"key":"Meat on the Bone"},{"floor":17,"key":"Vajra"},{"floor":17,"key":"Darkstone Periapt"},{"floor":17,"key":"Prayer Wheel"},{"floor":26,"key":"Juzu Bracelet"},{"floor":26,"key":"Boot"},{"floor":30,"key":"CeramicFish"}],"event_choices":[{"damage_healed":0,"gold_gain":0,"player_choice":"Got Potions","damage_taken":0,"max_hp_gain":0,"max_hp_loss":0,"event_name":"Lab","floor":2,"gold_loss":0},{"damage_healed":0,"gold_gain":0,"player_choice":"Success","damage_taken":18,"relics_obtained":["Molten Egg 2"],"max_hp_gain":0,"max_hp_loss":0,"event_name":"Scrap Ooze","floor":5,"gold_loss":0},{"damage_healed":0,"gold_gain":0,"player_choice":"Bought 1 Potion","damage_taken":0,"max_hp_gain":0,"max_hp_loss":0,"event_name":"The Woman in Blue","floor":10,"gold_loss":0},{"cards_removed":["Strike_R"],"damage_healed":0,"gold_gain":0,"player_choice":"Elegance","damage_taken":0,"max_hp_gain":0,"max_hp_loss":0,"event_name":"Back to Basics","floor":20,"gold_loss":0},{"damage_healed":0,"gold_gain":0,"cards_transformed":["Defend_R"],"player_choice":"Transformed","damage_taken":0,"max_hp_gain":0,"max_hp_loss":0,"event_name":"Transmorgrifier","floor":21,"gold_loss":0,"cards_obtained":["Double Tap"]},{"damage_healed":0,"gold_gain":0,"player_choice":"Ignored","damage_taken":0,"max_hp_gain":0,"max_hp_loss":0,"event_name":"Ghosts","floor":29,"gold_loss":0}],"is_beta":false,"boss_relics":[{"not_picked":["Black Star","SacredBark"],"picked":"Calling Bell"}],"items_purged_floors":[12,19],"is_endless":false,"potions_floor_spawned":[4,8,11,22,25,30],"killed_by":"Champ","ascension_level":3}}