{"host":"mpmrkodj3c25wi13","time":1614250064,"event":{"mods":["Act Like it!","AlwaysNeverKeys","Aspiration","BaseMod","Beaked The Cultist","Better Altar","Better Match","Better Note","Better Sensory Stone","Better Skull","Better Third Choice","Clockwork Mod","Colored Map","Conspire","Custom Start","Downfall","Energized Spire","Friendly Minions","Gensokyo","GifTheSpireLib","Googly Eyes","Halation","Hubris","Infinite Spire","Minty Spire (QoL Compilation)","Relic Sorter","Reliquary","Replay The Spire","Robot Space Explorer","StSLib","Stuff the Spire","The IronCluck","The Servant 0.9.4","slay the spire mod where everything is the same but ironclad has a cowboy hat"],"gold_per_floor":[112,112,179,179,199,199,230,256,256,269,269,283,314,314,314,412,412,431,451,451,451],"floor_reached":20,"language":"ENG","playtime":1772,"items_purged":[],"score":257,"play_id":"845b0918-8fae-49cd-be6f-8fe901469015","local_time":"20210225054744","is_ascension_mode":false,"campfire_choices":[{"data":"StuffTheSpire:Ambrosia","floor":6,"key":"SMITH"},{"data":"Pot Of Greed","floor":11,"key":"SMITH"},{"data":"Replace","floor":15,"key":"SMITH"}],"circlet_count":0,"master_deck":["Strike_S","Strike_S","Strike_S","Strike_S","Defend_S","Defend_S","Defend_S","Defend_S","KidneyShot","Exchange","Replace+1","Pot Of Greed","TimeWarp","Pot Of Greed+1","StuffTheSpire:Ambrosia+1","Advance","BottledTime","PendulumOfEternity","Starlight","Rearm","FlawlessForm","Potential"],"relics":["Uniform","NeowsBlessing","Eternal Feather","Regal Pillow","Happy Flower","StuffTheSpire:Barrel","hubris:Towel","StoneMask"],"acts_visited":["Exordium","Gensokyo:Gensokyo"],"potions_floor_usage":[13,13,13,18],"damage_taken":[{"damage":0,"enemies":"Gensokyo:3_Fairies","floor":1,"turns":2},{"damage":0,"enemies":"Gensokyo:2_Kodama","floor":5,"turns":1},{"damage":0,"enemies":"Gensokyo:Cirno","floor":7,"turns":2},{"damage":6,"enemies":"Gensokyo:Gryphon","floor":10,"turns":4},{"damage":2,"enemies":"Gensokyo:VengefulSpirit","floor":12,"turns":4},{"damage":0,"enemies":"Gensokyo:Mamizou","floor":13,"turns":6},{"damage":22,"enemies":"Gensokyo:Reimu","floor":16,"turns":10},{"damage":39,"enemies":"Gensokyo:3_Dogs","floor":18,"turns":6},{"damage":31,"enemies":"Gensokyo:AngelMirror","floor":19,"turns":4},{"damage":34,"enemies":"Gensokyo:Swordslinger","floor":20,"turns":4}],"seed_played":"8732994163602365802","potions_obtained":[{"floor":3,"key":"LifebloodPotion"},{"floor":3,"key":"champ:CounterPotion"},{"floor":5,"key":"sneckomod:MuddlingPotion"},{"floor":7,"key":"SpeedPotion"},{"floor":16,"key":"AttackPotion"}],"is_trial":false,"path_per_floor":["M","$","?","?","M","R","E","T","T","M","R","M","E","?","R","B",null,"M","M","M"],"character_chosen":"THE_SERVANT","items_purchased":[],"campfire_rested":0,"item_purchase_floors":[],"current_hp_per_floor":[65,65,49,49,50,50,52,52,52,48,57,57,59,59,71,51,76,48,22,0,0],"gold":451,"neow_bonus":"THREE_ENEMY_KILL","is_daily":false,"chose_seed":false,"campfire_upgraded":3,"win_rate":0.0,"timestamp":1614250064,"path_taken":["M","$","?","?","M","R","E","?","T","M","R","?","E","?","R","BOSS","M","M","M"],"items_purchased_type":[],"build_version":"2020-12-13","purchased_purges":0,"victory":false,"max_hp_per_floor":[65,65,65,65,66,66,68,68,68,70,70,72,74,74,74,76,76,81,84,86,86],"card_choices":[{"not_picked":["DualDimension","TimeWarp"],"picked":"Replace","floor":1},{"not_picked":["DoubleEdge","Replace"],"picked":"TimeWarp","floor":3},{"not_picked":["StuffTheSpire:Rapture","StuffTheSpire:Brawn"],"picked":"StuffTheSpire:Ambrosia","floor":4},{"not_picked":["TimeWarp","Spin"],"picked":"Advance","floor":5},{"not_picked":["Spin","TimeWarp"],"picked":"BottledTime","floor":7},{"not_picked":["Hightail","Potential"],"picked":"PendulumOfEternity","floor":10},{"not_picked":["Misdirection","RealityMarble"],"picked":"Starlight","floor":12},{"not_picked":["SpecialFormula","Starlight"],"picked":"Rearm","floor":13},{"not_picked":["MurderousAura","SoulSculpture"],"picked":"FlawlessForm","floor":16},{"not_picked":["Ricochet","Replace","Defy"],"picked":"SKIP","floor":18},{"not_picked":["Replace+1","PendulumOfEternity"],"picked":"Potential","floor":19}],"player_experience":40527,"relics_obtained":[{"floor":3,"key":"Grinning Jar"},{"floor":7,"key":"Eternal Feather"},{"floor":8,"key":"Regal Pillow"},{"floor":9,"key":"Happy Flower"},{"floor":13,"key":"StuffTheSpire:Barrel"}],"event_choices":[],"is_beta":false,"boss_relics":[{"not_picked":["Calling Bell","halation:LoveArrow"],"picked":"StoneMask"}],"items_purged_floors":[],"is_endless":false,"potions_floor_spawned":[5,7,10,16],"killed_by":"Gensokyo:Swordslinger","ascension_level":0}}