{"host":"jz4ul6vrcxqkcr33","time":1614218527,"event":{"mods":["BaseMod","Minty Spire (QoL Compilation)","StSLib"],"gold_per_floor":[118,118,129,148,148,175,175,187,187,198,233,233,247,263,263,364,364,376,395,395,51,51,51],"floor_reached":22,"language":"ENG","playtime":874,"items_purged":[],"score":402,"play_id":"0b7ded52-bff0-4cbc-80eb-1acfca077b51","local_time":"20210224210207","is_ascension_mode":true,"campfire_choices":[{"floor":7.0,"key":"REST"},{"floor":15,"key":"REST"}],"circlet_count":0,"master_deck":["Strike_R","Strike_R","Defend_R","Defend_R","Defend_R","Defend_R","Bash","Warcry","Thunderclap","Pommel Strike","Rampage","Spot Weakness","Feel No Pain","Uppercut","Bloodletting","Rampage","Rupture","Rupture","Feed","Armaments+1"],"relics":["Burning Blood","Singing Bowl","Art of War","HornCleat","Question Card","Runic Cube","Matryoshka"],"acts_visited":["Exordium","TheCity"],"potions_floor_usage":[16,16,18,19],"damage_taken":[{"damage":9.0,"enemies":"Jaw Worm","floor":1.0,"turns":6.0},{"damage":8.0,"enemies":"2 Louse","floor":3.0,"turns":2.0},{"damage":5.0,"enemies":"Cultist","floor":4.0,"turns":4.0},{"damage":25.0,"enemies":"Lagavulin","floor":6.0,"turns":6.0},{"damage":31.0,"enemies":"Exordium Thugs","floor":8.0,"turns":5.0},{"damage":0.0,"enemies":"Large Slime","floor":10.0,"turns":5.0},{"damage":14.0,"enemies":"Gremlin Nob","floor":11.0,"turns":4.0},{"damage":8,"enemies":"Blue Slaver","floor":13,"turns":3},{"damage":7,"enemies":"2 Fungi Beasts","floor":14,"turns":3},{"damage":65,"enemies":"Hexaghost","floor":16,"turns":10},{"damage":36,"enemies":"Spheric Guardian","floor":18,"turns":5},{"damage":23,"enemies":"3 Byrds","floor":19,"turns":6},{"damage":31,"enemies":"Snake Plant","floor":22,"turns":4}],"seed_played":"-1923136302233559534","potions_obtained":[{"floor":3.0,"key":"Fire Potion"},{"floor":8.0,"key":"Weak Potion"},{"floor":10.0,"key":"Swift Potion"},{"floor":13,"key":"Ancient Potion"},{"floor":14,"key":"PowerPotion"},{"floor":18,"key":"ColorlessPotion"}],"is_trial":false,"path_per_floor":["M","?","M","M","T","E","R","M","T","M","E","?","M","M","R","B",null,"M","M","?","$","M"],"character_chosen":"IRONCLAD","items_purchased":["Matryoshka","CultistPotion"],"campfire_rested":2,"item_purchase_floors":[21,21],"current_hp_per_floor":[69,74,72,73,73,54,79,54,54,60,52,52,50,49,74,15,68,41,29,29,29,0,0],"gold":51,"neow_bonus":"TRANSFORM_CARD","is_daily":false,"chose_seed":false,"campfire_upgraded":0,"win_rate":0.0,"timestamp":1614218527,"path_taken":["M","?","M","M","?","E","R","?","T","M","E","?","M","M","R","BOSS","M","M","?","$","M"],"items_purchased_type":["Relic","Potion"],"build_version":"2020-12-13","purchased_purges":0,"victory":false,"max_hp_per_floor":[80,85,85,85,85,85,85,85,85,85,85,85,85,85,85,85,85,88,93,93,93,93,93],"card_choices":[{"not_picked":["Combust","Warcry"],"picked":"Thunderclap","floor":1.0},{"not_picked":["True Grit","Havoc"],"picked":"Pommel Strike","floor":3.0},{"not_picked":["Evolve","Feel No Pain"],"picked":"Rampage","floor":4.0},{"not_picked":["Rupture","Carnage"],"picked":"Spot Weakness","floor":6.0},{"not_picked":["Headbutt","Twin Strike"],"picked":"Feel No Pain","floor":8.0},{"not_picked":["Bludgeon","Warcry"],"picked":"Uppercut","floor":10.0},{"not_picked":["Havoc","Ghostly Armor"],"picked":"Bloodletting","floor":11.0},{"not_picked":["Headbutt","Inflame","Iron Wave"],"picked":"Rupture","floor":13},{"not_picked":["True Grit","Flex","Fire Breathing"],"picked":"Rupture","floor":14},{"not_picked":["Corruption","Immolate","Double Tap"],"picked":"Feed","floor":16},{"not_picked":["Wild Strike+1","Shockwave","Rage"],"picked":"Armaments+1","floor":18},{"not_picked":["Sword Boomerang","Cleave","Wild Strike","Pommel Strike"],"picked":"Singing Bowl","floor":19}],"player_experience":286814,"relics_obtained":[{"floor":5.0,"key":"Singing Bowl"},{"floor":6.0,"key":"Art of War"},{"floor":9.0,"key":"HornCleat"},{"floor":11.0,"key":"Question Card"}],"event_choices":[{"damage_healed":0.0,"max_hp_gain":5.0,"max_hp_loss":0.0,"gold_gain":0.0,"event_name":"Big Fish","player_choice":"Donut","floor":2.0,"gold_loss":0.0,"damage_taken":0.0},{"damage_healed":0.0,"max_hp_gain":0.0,"max_hp_loss":0.0,"gold_gain":0.0,"cards_transformed":["Strike_R"],"event_name":"Transmorgrifier","player_choice":"Transformed","floor":12.0,"gold_loss":0.0,"damage_taken":0.0,"cards_obtained":["Rampage"]},{"cards_removed":["Strike_R"],"damage_healed":0,"gold_gain":0,"player_choice":"Purged","damage_taken":0,"max_hp_gain":0,"max_hp_loss":0,"event_name":"Purifier","floor":20,"gold_loss":0}],"is_beta":false,"boss_relics":[{"not_picked":["Pandora\u0027s Box","SacredBark"],"picked":"Runic Cube"}],"items_purged_floors":[],"is_endless":false,"potions_floor_spawned":[3,8,10,13,14,18],"killed_by":"Snake Plant","ascension_level":7}}