{"host":"2haferq23ht5nrlk","time":1614284369,"event":{"mods":["ATMod(阿瑾Mod)","Alarm Clock","Aspiration","BaseMod","BetterRewards","Colored Powertips","Conspire","Dota2Spire","Faster Ascension Climbing","KomeijiMod","Library of Ruina","Library of Ruina Extra","Lobotomy","LobotomyExtend","Marked Mod","Minty Spire (QoL Compilation)","Quick Restart","Relic Filter Mod","Relic Stats","Reliquary","Replay The Spire","RumiaBox-露米娅的神秘盒子","Spicy Shops","StSLib","TestMod","The Cursed","The Jungle","UnlockEverythingMod","【遗物卡牌】REMEMod"],"gold_per_floor":[117,117,131,151,167,167,196,210,235,254,254,282,325,103,103,209,209,217,617,644,515,515,564,593,593,593,593,637,674,674,9,9,124,124,154,154,226,226,248,695,695,189,263,0,138,38,38,77,77,195],"floor_reached":51,"language":"ZHS","playtime":3067,"items_purged":["SmokingPipe","REME_ProfessionalPlagiarism"],"score":1041,"play_id":"6bbb958e-e52e-4888-a9f0-852dc074da68","local_time":"20210226041929","is_ascension_mode":false,"campfire_choices":[{"data":"CrackOfDawn","floor":6,"key":"SMITH"},{"floor":11,"key":"REST"},{"data":"SerpentSwordTechnique","floor":15,"key":"SMITH"},{"floor":25,"key":"REST"},{"floor":30,"key":"DIG"},{"floor":32,"key":"REST"},{"floor":49,"key":"RECALL"}],"circlet_count":0,"master_deck":["Dodge","LightDefense","LightAttack","LightAttack","LightDefense","LightDefense","LightDefense","ChargeAndCover","FocusedStrikes","SenseQuarry","AT_DarkMatter","CrackOfDawn+1","SerpentSwordTechnique+1","TendonChords","WillOfThePrescript","SavageMode","DevastatingThrash","DefenseOrder","SmokingPipe","EmotionalTurbulence","YoureAHindrance","REME_ProfessionalPlagiarism","Finesse","SpearedSweep","AbsorbImpact","DriedUp+1","GrazeTheGrass","Observe","UnforgettableMelody","BlazingStrike","GuidanceOfTheGears+1","DeepDrag","ScratchThat","MindWhip","HiddenBlade+1","Commandeering","FrontalAssault","SunsetBlade+1","TasteMyFlamingBat+1","BiAn","PreparedMind"],"relics":["PageOfLibrarian","AT_ATBox","testmod-TestBox","testmod-Alchemist","LetterFromLob","Dota2Spire:UrnOfShadows","Replay:Bandana","Blood Vial","PageOfBloodbath","Fusion Hammer","ReplayTheSpireMod:ShopPack","reliquary:PrincelyHelmet","AT_ForceNature","Replay:Multitool","Orichalcum","reliquary:SharkskinSheath","PageOfJudgementBird","REME_ChargedStone","AT_TheCollector","Old Coin","REME_HandOfSuture","PageOfThreeBirds","Red Mask","Ancient Tea Set","Dota2Spire:LotusOrb"],"acts_visited":["Exordium","Exordium","TheBeyond"],"potions_floor_usage":[7,10,13,16,18,50,51,51],"damage_taken":[{"damage":6,"enemies":"Small Slimes","floor":1,"turns":4},{"damage":2,"enemies":"Cultist","floor":3,"turns":4},{"damage":6,"enemies":"conspire:RoseBush","floor":4,"turns":2},{"damage":1,"enemies":"2 Fungi Beasts","floor":5,"turns":3},{"damage":22,"enemies":"Gremlin Nob","floor":7,"turns":4},{"damage":0,"enemies":"Large Slime","floor":8,"turns":4},{"damage":4,"enemies":"conspire:2 RoseBushes","floor":10,"turns":3},{"damage":8,"enemies":"Red Slaver","floor":12,"turns":3},{"damage":3,"enemies":"conspire:MimicChest","floor":13,"turns":5},{"damage":15,"enemies":"Hexaghost","floor":16,"turns":9},{"damage":55,"enemies":"theJungle:MUSHROOMGANG","floor":18,"turns":2},{"damage":0,"enemies":"theJungle:MUSHROOMGANG","floor":20,"turns":5},{"damage":11,"enemies":"theJungle:Cassacara","floor":23,"turns":5},{"damage":0,"enemies":"theJungle:5_Spyders","floor":24,"turns":6},{"damage":43,"enemies":"theJungle:2_Phrogs","floor":28,"turns":9},{"damage":3,"enemies":"theJungle:Snecko_Cultist_And_Trap","floor":29,"turns":6},{"damage":0,"enemies":"theJungle:FunGuy","floor":33,"turns":6},{"damage":0,"enemies":"3 Darklings","floor":35,"turns":5},{"damage":4,"enemies":"2 Orb Walkers","floor":37,"turns":4},{"damage":0,"enemies":"Orb Walker","floor":39,"turns":3},{"damage":1,"enemies":"Nemesis","floor":40,"turns":3},{"damage":3,"enemies":"R_Hoarder","floor":45,"turns":4},{"damage":8,"enemies":"Jaw Worm Horde","floor":48,"turns":3},{"damage":39,"enemies":"Time Eater","floor":50,"turns":10}],"seed_played":"8378163685915684515","potions_obtained":[{"floor":2,"key":"SneckoOil"},{"floor":2,"key":"SmokeBomb"},{"floor":2,"key":"Dota2Spire:Clarity"},{"floor":3,"key":"Dexterity Potion"},{"floor":7,"key":"CalmPotion"},{"floor":10,"key":"GamblersBrew"},{"floor":24,"key":"Ancient Potion"},{"floor":28,"key":"Energy Potion"},{"floor":29,"key":"Dota2Spire:Clarity"},{"floor":33,"key":"BlessingOfTheForge"},{"floor":46,"key":"conspire:TimeTravelPotion"}],"is_trial":false,"path_per_floor":["M","?","M","M","M","R","E","M","T","M","R","M","?","$","R","B",null,"M","?","M","$","?","E","M","R","T","?","E","M","R","$","R","B",null,"M","$","?","?","M","E","?","$","T","?","E","?","T","M","R","B",null],"character_chosen":"Librarian","items_purchased":["PageOfBloodbath","ReplayTheSpireMod:ShopPack","Observe","UnforgettableMelody","PageOfJudgementBird","REME_HandOfSuture","PageOfThreeBirds","Commandeering"],"campfire_rested":3,"item_purchase_floors":[14,21,31,31,31,42,42,42],"current_hp_per_floor":[54,54,52,46,45,45,26,26,26,25,48,49,49,49,49,45,77,22,22,27,27,27,18,29,52,52,52,14,27,27,27,53,63,89,89,89,85,85,89,88,88,88,88,88,86,86,86,83,83,45],"gold":205,"neow_bonus":"ONE_RANDOM_RARE_CARD","is_daily":false,"chose_seed":false,"campfire_upgraded":2,"win_rate":0.0,"timestamp":1614284369,"path_taken":["M","?","M","?","M","R","E","M","T","M","R","M","?","$","R","BOSS","M","?","M","$","?","E","?","R","T","?","E","M","R","$","R","BOSS","M","$","?","?","?","E","?","$","T","?","E","?","?","?","R","BOSS"],"items_purchased_type":["Relic","Relic","Card","Card","Relic","Relic","Relic","Card"],"build_version":"2020-12-22","purchased_purges":2,"victory":true,"max_hp_per_floor":[70,70,62,62,70,70,63,77,77,77,77,77,77,77,77,77,77,77,77,77,77,77,77,77,77,77,77,89,89,89,89,89,89,89,89,89,89,89,89,89,89,89,89,89,89,89,89,84,84,84],"relic_stats":{"Blood Vial":22,"counters":[25,120],"Orichalcum":[30],"obtain_stats":[{"AT_ATBox":0,"reliquary:PrincelyHelmet":22,"REME_ChargedStone":34,"Replay:Multitool":26,"Ancient Tea Set":45,"Dota2Spire:LotusOrb":47,"Old Coin":40,"Blood Vial":13,"Replay:Bandana":9,"testmod-Alchemist":0,"PageOfJudgementBird":31,"Fusion Hammer":17,"Red Mask":44,"reliquary:SharkskinSheath":30,"AT_ForceNature":23,"testmod-TestBox":0,"Dota2Spire:UrnOfShadows":7,"PageOfThreeBirds":42,"PageOfBloodbath":14,"Orichalcum":28,"PageOfLibrarian":0,"AT_TheCollector":37,"REME_HandOfSuture":42,"LetterFromLob":1,"REME_ComplimentaryCards":0,"ReplayTheSpireMod:ShopPack":21},{"AT_ATBox":0,"reliquary:PrincelyHelmet":12,"REME_ChargedStone":17,"Replay:Multitool":14,"Ancient Tea Set":22,"Dota2Spire:LotusOrb":22,"Old Coin":21,"Blood Vial":9,"Replay:Bandana":6,"testmod-Alchemist":0,"PageOfJudgementBird":16,"Fusion Hammer":10,"Red Mask":21,"reliquary:SharkskinSheath":16,"AT_ForceNature":13,"testmod-TestBox":0,"Dota2Spire:UrnOfShadows":5,"PageOfThreeBirds":21,"PageOfBloodbath":9,"Orichalcum":15,"PageOfLibrarian":0,"AT_TheCollector":19,"REME_HandOfSuture":21,"LetterFromLob":1,"REME_ComplimentaryCards":0,"ReplayTheSpireMod:ShopPack":12},{"AT_ATBox":0,"reliquary:PrincelyHelmet":48,"REME_ChargedStone":80,"Replay:Multitool":59,"Ancient Tea Set":99,"Dota2Spire:LotusOrb":99,"Old Coin":95,"Blood Vial":32,"Replay:Bandana":21,"testmod-Alchemist":0,"PageOfJudgementBird":74,"Fusion Hammer":41,"Red Mask":95,"reliquary:SharkskinSheath":74,"AT_ForceNature":53,"testmod-TestBox":0,"Dota2Spire:UrnOfShadows":17,"PageOfThreeBirds":95,"PageOfBloodbath":32,"Orichalcum":68,"PageOfLibrarian":0,"AT_TheCollector":89,"REME_HandOfSuture":95,"LetterFromLob":4,"REME_ComplimentaryCards":0,"ReplayTheSpireMod:ShopPack":48}]},"card_choices":[{"not_picked":["PinpointShot","EnergyCycle","GuidanceOfTheGears","NightInTheBackstreets","UndertakePrescript","FlashingStrike","SomberProcuration","ExtractFuel"],"picked":"SerpentSwordTechnique","floor":1},{"not_picked":["StructuralAnalysis","AbsorbImpact","WaitUp","RushDown","ShrineToMusic","LawAndOrder","ScatteringSlash","ReadyUp"],"picked":"TendonChords","floor":3},{"not_picked":["EnergyShield","StructuralAnalysis","GuidanceOfTheGears","WildCard","PinpointShot","Marionette","TieShanKao","TendonChords"],"picked":"WillOfThePrescript","floor":4},{"not_picked":["FierceCharge","AsThePrescriptOrders","Overcharge","BiAn","AutomatedMovement","DarkCloud","Faith","FleetFootsteps"],"picked":"SavageMode","floor":5},{"not_picked":["Crush","SparkingSpear","UpbeatPerformance","MindCrush","EnergyConversion","Multislash","AlloutWar","AutonomousRush"],"picked":"DevastatingThrash","floor":7},{"not_picked":["Multislash","Faith","EnergyCycle","Castigation","ConcentratedFire","FeelinGood","DesperateStruggle","EnergyStrike"],"picked":"DefenseOrder","floor":8},{"not_picked":["DefenseOrder","Overcharge","ToOvercomeCrisis","TimeForALittleTest","CumulusWall","WrathOfTorment","YourShield","Outburst"],"picked":"SmokingPipe","floor":10},{"not_picked":["FeatherShield","ButterflySlash","EnergyCycle","FrontalAssault","SnakesPrey","LawAndOrder","EnergyConversion","SerpentSwordTechnique"],"picked":"SmokingPipe","floor":12},{"not_picked":["FendThisOffIfYouCan","SummaryJudgment","TimeForALittleTest","WillBeTasty","HiddenBlade","RhinoRam","YouOnlyLiveOnce","UncannyStrike"],"picked":"EnergyShield","floor":13},{"not_picked":["WillProduceFineSilk","FormingStorm"],"picked":"EmotionalTurbulence","floor":16},{"not_picked":["WillProduceFineSilk","ButterflySlash","HandleRequest","StrongStrike","SnakesPrey","CoordinatedAssault","Deflect_lor","FierceCharge+1"],"picked":"YoureAHindrance","floor":20},{"not_picked":["testmod-TradeIn","Secret Technique","Metamorphosis","testmod-Reflect","testmod-Illusory","testmod-BloodBlade","ReplayTheSpireMod:Brewmster","testmod-BloodShelter"],"picked":"REME_ProfessionalPlagiarism","floor":21},{"not_picked":["Mind Blast","REME_Flogging","REME_EyeOfCthun","testmod-Automaton","testmod-DisillusionmentEcho","ReplayTheSpireMod:Brewmster","AT_PowerWithin","testmod-AutoReboundSystem"],"picked":"Finesse","floor":21},{"not_picked":["testmod-SunMoon","Mayhem","testmod-BloodBlade","Purity","Replay:Sssssssssstrike","Specialist","testmod-WeaknessCounterattack","ThoughtExtend"],"picked":"REME_ProfessionalPlagiarism","floor":21},{"not_picked":["SuppressingShot","IronWall+1","UpbeatPerformance","Creak+1","AsThePrescriptOrders","HighSpeedStabbing","EndlessBattle+1","CookingPrep"],"picked":"SpearedSweep","floor":23},{"not_picked":["GuardingStance","Rewind+1","SinglePointStab","BlowItUp","SmokingPipe","PinpointShot","BoundaryOfDeath","DimensionalRift+1"],"picked":"AbsorbImpact","floor":24},{"not_picked":["MultiBlock","FierceCharge+1","ButterflySlash","GoinFirst","HandleRequest","BiAn+1","PreemptiveStrike","AsThePrescriptOrders"],"picked":"DriedUp+1","floor":28},{"not_picked":["FleetEdge","SilentNight","MindWhip","Multislash","EnergyShield","FierceCharge+1","BizarreAttack","DarkCloud+1"],"picked":"GrazeTheGrass","floor":29},{"not_picked":["UnforgettableMelody","Eradication"],"picked":"BlazingStrike","floor":33},{"not_picked":["CumulusWall","AsThePrescriptOrders","IronWall","FierceCharge","SearingSword","SweepTheBackstreets+1","CombatPreparation","HighSpeedStabbing"],"picked":"GuidanceOfTheGears+1","floor":35},{"not_picked":["Thirst+1","Preparation+1","CumulusWall+1","Overcharge+1","FierceCharge+1","TieShanKao","InnerArdor","GuardingStance"],"picked":"DeepDrag","floor":37},{"not_picked":["HighKick+1","Thirst","Rampage_lor","Retaliate","CoordinatedAssault+1","SerpentSwordTechnique+1","SenseQuarry","Overcharge"],"picked":"MindWhip","floor":39},{"not_picked":["SharpSwipe","SnakesPrey+1","Rewind","FlowOfTheSword","GuidanceOfTheGears+1","GoinFirst","SuppressingShot","BiAn"],"picked":"HiddenBlade+1","floor":40},{"not_picked":["PuppetBlockade","LeRegole","SnakesPrey","DefenseOrder+1","Ripple+1","NightInTheBackstreets+1","Slice_lor","AbsorbImpact"],"picked":"FrontalAssault","floor":45},{"not_picked":["PinpointShot","StructuralAnalysis","ClassAndRespect+1","EnergyStrike","SenseQuarry","TendonChords","DarkCloud+1","Collision+1"],"picked":"SunsetBlade+1","floor":46},{"not_picked":["MirageStorm","FleetEdge","Bvapour+1","LossOfSenses+1","FierceCharge","FervidEmotions","EnergyShield","SmokingPipe+1"],"picked":"TasteMyFlamingBat+1","floor":46},{"not_picked":["EnergyConversion+1","StrongStrike","Diversion","Standoff+1","SunsetBlade+1","YoureAHindrance","FierceOnslaught+1","GuardingStance"],"picked":"BiAn","floor":46},{"not_picked":["ButterflySlash","CrackOfDawn","ToOvercomeCrisis","RhinoRam","HighKick+1","SuppressingShot","BiAn+1","FeatherShield+1"],"picked":"PreparedMind","floor":48}],"player_experience":35773,"relics_obtained":[{"floor":1,"key":"LetterFromLob"},{"floor":7,"key":"Dota2Spire:UrnOfShadows"},{"floor":9,"key":"Replay:Bandana"},{"floor":13,"key":"Blood Vial"},{"floor":23,"key":"AT_ForceNature"},{"floor":26,"key":"Replay:Multitool"},{"floor":28,"key":"Orichalcum"},{"floor":30,"key":"reliquary:SharkskinSheath"},{"floor":37,"key":"AT_TheCollector"},{"floor":40,"key":"Old Coin"},{"floor":45,"key":"Ancient Tea Set"},{"floor":47,"key":"Dota2Spire:LotusOrb"}],"event_choices":[{"damage_healed":0,"gold_gain":0,"player_choice":"Got Potions","damage_taken":0,"max_hp_gain":0,"max_hp_loss":0,"event_name":"Lab","floor":2,"gold_loss":0},{"damage_healed":0,"gold_gain":400,"player_choice":"Sell","damage_taken":0,"max_hp_gain":0,"max_hp_loss":0,"event_name":"恩洛斯的盘子","floor":19,"relics_lost":["REME_ComplimentaryCards"],"gold_loss":0},{"cards_removed":["EnergyShield"],"damage_healed":0,"gold_gain":0,"player_choice":"Gave Card","damage_taken":0,"relics_obtained":["reliquary:PrincelyHelmet"],"max_hp_gain":0,"max_hp_loss":0,"event_name":"WeMeetAgain","floor":22,"gold_loss":0},{"damage_healed":0,"gold_gain":0,"player_choice":"Fight","damage_taken":0,"max_hp_gain":0,"max_hp_loss":0,"event_name":"Mysterious Sphere","floor":37,"gold_loss":0},{"damage_healed":0,"gold_gain":0,"cards_transformed":["LightAttack"],"player_choice":"Transformed","damage_taken":0,"max_hp_gain":0,"max_hp_loss":0,"event_name":"Transmorgrifier","floor":38,"gold_loss":0,"cards_obtained":["ScratchThat"]},{"damage_healed":0,"gold_gain":0,"player_choice":"Paid","damage_taken":0,"relics_obtained":["Red Mask"],"max_hp_gain":0,"max_hp_loss":0,"event_name":"Tomb of Lord Red Mask","floor":44,"gold_loss":263}],"is_beta":false,"boss_relics":[{"not_picked":["testmod-Prudence","aspiration:WatcherSkillbook"],"picked":"Fusion Hammer"},{"not_picked":["Honey Jar","ReplayTheSpireMod:DimensionalGlitch"],"picked":"REME_ChargedStone"}],"items_purged_floors":[14,31],"is_endless":false,"potions_floor_spawned":[3,7,10,24,28,29,33,37,39,45],"ascension_level":0}}