{"host":"d52brwsy6af8zvaq","time":1614284512,"event":{"mods":["AchievementEnabler","BaseMod","Bestiary","Highlight Path","Minty Spire (QoL Compilation)","Quick Restart","Relic Stats","ojb\u0027s Better Paths Mod"],"gold_per_floor":[116,19,35,35,35,35,0,11,36,36,68,86,111,126,126,126,126],"floor_reached":16,"language":"ENG","playtime":403,"items_purged":[],"score":220,"play_id":"1b01af7b-a74f-46b2-91b1-557e191772ef","local_time":"20210225132152","is_ascension_mode":true,"campfire_choices":[{"data":"Rip and Tear","floor":6.0,"key":"SMITH"},{"data":"Tempest","floor":10.0,"key":"SMITH"},{"data":"Chill","floor":15,"key":"SMITH"}],"circlet_count":0,"master_deck":["AscendersBane","Strike_B+1","Strike_B","Strike_B","Strike_B","Defend_B","Defend_B","Defend_B","Defend_B+1","Zap","Dualcast","Rip and Tear+1","Capacitor","Go for the Eyes","Tempest+1","Conserve Battery","Cold Snap","Coolheaded","Leap","Chill+1"],"relics":["Cracked Core","PreservedInsect","Darkstone Periapt","Boot"],"acts_visited":["Exordium"],"potions_floor_usage":[12,16],"damage_taken":[{"damage":1.0,"enemies":"Cultist","floor":1.0,"turns":3.0},{"damage":2.0,"enemies":"Jaw Worm","floor":3.0,"turns":2.0},{"damage":9.0,"enemies":"Small Slimes","floor":8.0,"turns":3.0},{"damage":11.0,"enemies":"Gremlin Nob","floor":11.0,"turns":3.0},{"damage":4,"enemies":"2 Fungi Beasts","floor":12,"turns":2},{"damage":11,"enemies":"3 Sentries","floor":13,"turns":6},{"damage":2,"enemies":"Looter","floor":14,"turns":2},{"damage":24,"enemies":"Hexaghost","floor":16,"turns":10}],"seed_played":"1647775219357322208","potions_obtained":[{"floor":1.0,"key":"Dexterity Potion"},{"floor":8.0,"key":"Fire Potion"},{"floor":11,"key":"GamblersBrew"},{"floor":12,"key":"Block Potion"}],"is_trial":false,"path_per_floor":["M","$","M","$","?","R","?","M","T","R","E","M","E","M","R","B"],"character_chosen":"DEFECT","items_purchased":["Capacitor","Go for the Eyes"],"campfire_rested":0,"item_purchase_floors":[2,2],"current_hp_per_floor":[63,63,61,61,40,40,57,48,48,48,37,33,22,20,20,0,0],"gold":126,"neow_bonus":"RANDOM_COMMON_RELIC","is_daily":false,"chose_seed":false,"campfire_upgraded":3,"win_rate":0.0,"timestamp":1614284512,"path_taken":["M","$","M","$","?","R","?","M","T","R","E","M","E","M","R","BOSS"],"items_purchased_type":["Card","Card"],"build_version":"2020-12-22","purchased_purges":0,"victory":false,"max_hp_per_floor":[71,71,71,71,71,71,71,71,71,71,71,71,71,71,71,71,71],"relic_stats":{"Darkstone Periapt":0,"counters":[8,31],"PreservedInsect":62,"Boot":[2],"obtain_stats":[{"Darkstone Periapt":11,"PreservedInsect":0,"Cracked Core":0,"Boot":13},{"Darkstone Periapt":4,"PreservedInsect":0,"Cracked Core":0,"Boot":6},{"Darkstone Periapt":11,"PreservedInsect":0,"Cracked Core":0,"Boot":19}]},"card_choices":[{"not_picked":["Double Energy","Loop"],"picked":"Rip and Tear","floor":1.0},{"not_picked":["Conserve Battery","Force Field"],"picked":"Tempest","floor":3.0},{"not_picked":["Steam Power","Rebound"],"picked":"Conserve Battery","floor":8.0},{"not_picked":["BootSequence","Doom and Gloom"],"picked":"Cold Snap","floor":11},{"not_picked":["Cold Snap","Capacitor"],"picked":"Coolheaded","floor":12},{"not_picked":["Lockon","Beam Cell"],"picked":"Leap","floor":13},{"not_picked":["Beam Cell","Sweeping Beam"],"picked":"Chill","floor":14}],"player_experience":2370590,"relics_obtained":[{"floor":11,"key":"Darkstone Periapt"},{"floor":13,"key":"Boot"}],"event_choices":[{"damage_healed":0.0,"max_hp_gain":0.0,"max_hp_loss":0.0,"gold_gain":0.0,"event_name":"Shining Light","player_choice":"Entered Light","floor":5.0,"gold_loss":0.0,"damage_taken":21.0,"cards_upgraded":["Strike_B","Defend_B"]},{"damage_healed":17.0,"max_hp_gain":0.0,"max_hp_loss":0.0,"gold_gain":0.0,"event_name":"The Cleric","player_choice":"Healed","floor":7.0,"gold_loss":35.0,"damage_taken":0.0}],"is_beta":false,"boss_relics":[],"items_purged_floors":[],"is_endless":false,"potions_floor_spawned":[1,8,11,12],"killed_by":"Hexaghost","ascension_level":20}}