{"host":"pzefa11dvor2x0v7","time":1614256874,"event":{"mods":["AchievementEnabler","BaseMod","Colored Powertips","Minty Spire (QoL Compilation)","Rare Cards Sparkle","StSLib"],"gold_per_floor":[117,133,133,210,222,257,276,0,27,39,39,39,39,117,117,215,215,234,234,34,52,71,71,71,71],"floor_reached":24,"language":"ENG","playtime":891,"items_purged":["Strike_B","Reprogram"],"score":392,"play_id":"deac6dc9-d4be-435f-9a8d-58aab049c1d0","local_time":"20210225144114","is_ascension_mode":true,"campfire_choices":[{"floor":15,"key":"REST"},{"floor":23,"key":"REST"}],"circlet_count":0,"master_deck":["AscendersBane","Zap","Dualcast","FTL","Streamline+1","Capacitor","Conserve Battery","Chill","Conserve Battery","Rebound","Biased Cognition","Rip and Tear","Consume","Turbo","Loop","FTL","Leap","Loop","Redo","Consume","Ball Lightning+1"],"relics":["Runic Pyramid","Art of War","Runic Capacitor","Boot","Mummified Hand","Golden Idol","Emotion Chip","Blood Vial","Pandora\u0027s Box"],"acts_visited":["Exordium","TheCity"],"potions_floor_usage":[14,16,18],"damage_taken":[{"damage":1,"enemies":"2 Louse","floor":1,"turns":3},{"damage":4,"enemies":"Jaw Worm","floor":2,"turns":4},{"damage":0,"enemies":"Small Slimes","floor":5,"turns":2},{"damage":30,"enemies":"3 Sentries","floor":6,"turns":7},{"damage":15,"enemies":"3 Louse","floor":7,"turns":4},{"damage":0,"enemies":"Red Slaver","floor":10,"turns":3},{"damage":1,"enemies":"3 Sentries","floor":14,"turns":8},{"damage":23,"enemies":"The Guardian","floor":16,"turns":10},{"damage":23,"enemies":"Chosen","floor":18,"turns":7},{"damage":28,"enemies":"Shell Parasite","floor":21,"turns":5},{"damage":5,"enemies":"Snecko","floor":22,"turns":5},{"damage":25,"enemies":"Slavers","floor":24,"turns":1}],"seed_played":"7940537468837423767","potions_obtained":[{"floor":1,"key":"Weak Potion"},{"floor":2,"key":"FocusPotion"},{"floor":14,"key":"FocusPotion"}],"is_trial":false,"path_per_floor":["M","M","?","?","M","E","M","$","T","M","T","?","T","?","R","B",null,"M","?","$","M","M","R","E"],"character_chosen":"DEFECT","items_purchased":["Runic Capacitor","Chill","Loop","Redo"],"campfire_rested":2,"item_purchase_floors":[8,8,20,20],"current_hp_per_floor":[63,59,59,59,59,29,14,14,14,14,14,14,14,13,32,11,51,30,30,30,4,1,20,0,0],"gold":71,"neow_bonus":"BOSS_RELIC","is_daily":false,"chose_seed":false,"campfire_upgraded":0,"win_rate":0.0,"timestamp":1614256874,"path_taken":["M","M","?","?","M","E","M","$","T","?","?","?","?","?","R","BOSS","M","?","$","M","M","R","E"],"items_purchased_type":["Relic","Card","Card","Card"],"build_version":"2020-12-22","purchased_purges":2,"victory":false,"max_hp_per_floor":[71,71,71,71,71,71,71,71,71,71,71,64,64,64,64,64,64,64,64,64,64,64,64,64,64],"card_choices":[{"not_picked":["Consume","Fusion"],"picked":"FTL","floor":1},{"not_picked":["Beam Cell","Coolheaded"],"picked":"Streamline","floor":2},{"not_picked":["Storm","Beam Cell","Coolheaded"],"picked":"SKIP","floor":5},{"not_picked":["Turbo","Redo"],"picked":"Capacitor","floor":6},{"not_picked":["Barrage","Sweeping Beam"],"picked":"Conserve Battery","floor":7},{"not_picked":["White Noise","Barrage"],"picked":"Conserve Battery","floor":10},{"not_picked":["Leap","All For One"],"picked":"Rebound","floor":14},{"not_picked":["Fission","Buffer"],"picked":"Biased Cognition","floor":16},{"not_picked":["Undo","Compile Driver","Scrape"],"picked":"SKIP","floor":18},{"not_picked":["Turbo","Beam Cell"],"picked":"Consume","floor":21},{"not_picked":["Sweeping Beam","Gash"],"picked":"Ball Lightning+1","floor":22}],"player_experience":672998,"relics_obtained":[{"floor":6,"key":"Art of War"},{"floor":9,"key":"Boot"},{"floor":11,"key":"Mummified Hand"},{"floor":13,"key":"Emotion Chip"},{"floor":14,"key":"Blood Vial"}],"event_choices":[{"damage_healed":0,"gold_gain":0,"player_choice":"Grow","damage_taken":0,"max_hp_gain":0,"max_hp_loss":0,"event_name":"Living Wall","floor":3,"gold_loss":0,"cards_upgraded":["Streamline"]},{"damage_healed":0,"gold_gain":77,"player_choice":"Gained Gold","damage_taken":0,"max_hp_gain":0,"max_hp_loss":0,"event_name":"Golden Wing","floor":4,"gold_loss":0},{"damage_healed":0,"gold_gain":0,"player_choice":"Lose Max HP","damage_taken":0,"relics_obtained":["Golden Idol"],"max_hp_gain":0,"max_hp_loss":7,"event_name":"Golden Idol","floor":12,"gold_loss":0},{"damage_healed":0,"gold_gain":0,"player_choice":"Searched \u00272\u0027 times","damage_taken":0,"max_hp_gain":0,"max_hp_loss":0,"event_name":"Dead Adventurer","floor":14,"gold_loss":0},{"damage_healed":0,"gold_gain":0,"player_choice":"0 cards matched","damage_taken":0,"max_hp_gain":0,"max_hp_loss":0,"event_name":"Match and Keep!","floor":19,"gold_loss":0,"cards_obtained":[]}],"is_beta":false,"boss_relics":[{"not_picked":["SacredBark","Velvet Choker"],"picked":"Pandora\u0027s Box"}],"items_purged_floors":[8,20],"is_endless":false,"potions_floor_spawned":[1,2,5,14],"killed_by":"Slavers","ascension_level":20}}