{"host":"7jbuhzz8yy5cuou7","time":1614220403,"event":{"mods":["AchievementEnabler","Act Like it!","BaseMod","Better Third Choice","Bossed Relics","Colored Map","Colored Powertips","Dark Map","DeckTracker","Minty Spire (QoL Compilation)","Permanent Neow","Quick Restart","Ruina","StSLib","The Cursed","The Hierophant","Weighted Paths"],"gold_per_floor":[113,174,201,213,27,27,57,68,142,174,174,174,186,3,3,3,3],"floor_reached":16,"language":"ENG","playtime":420,"items_purged":["Strike_R"],"score":162,"play_id":"dede67ef-cf7f-4b79-91c1-9aad06295bb1","local_time":"20210224193323","is_ascension_mode":true,"campfire_choices":[{"data":"Thunderclap","floor":6.0,"key":"SMITH"},{"floor":11.0,"key":"REST"},{"data":"Demon Form","floor":15.0,"key":"SMITH"}],"circlet_count":0,"master_deck":["AscendersBane","Strike_R","Strike_R","Strike_R","Defend_R","Defend_R","Defend_R","Defend_R","Bash","Immolate","Spot Weakness","Thunderclap+1","Flash of Steel","Rampage","Inflame","Demon Form+1","Master of Strategy"],"relics":["Burning Blood","Pen Nib","Omamori","Bottled Lightning","Red Skull"],"acts_visited":["Exordium"],"potions_floor_usage":[],"damage_taken":[{"damage":12.0,"enemies":"Small Slimes","floor":1.0,"turns":2.0},{"damage":12.0,"enemies":"Jaw Worm","floor":4.0,"turns":2.0},{"damage":32.0,"enemies":"Lagavulin","floor":7.0,"turns":5.0},{"damage":0.0,"enemies":"Cultist","floor":8.0,"turns":2.0},{"damage":16.0,"enemies":"Gremlin Nob","floor":10.0,"turns":3.0},{"damage":8.0,"enemies":"Blue Slaver","floor":13.0,"turns":2.0},{"damage":31,"enemies":"Hexaghost","floor":16,"turns":4}],"seed_played":"3618599679616300134","potions_obtained":[{"floor":1.0,"key":"Fire Potion"},{"floor":13.0,"key":"Fire Potion"}],"is_trial":false,"path_per_floor":["M","?","T","M","$","R","E","M","T","E","R","?","M","$","R","B"],"character_chosen":"IRONCLAD","items_purchased":["Thunderclap","Flash of Steel","Master of Strategy"],"campfire_rested":1,"item_purchase_floors":[5,5,14],"current_hp_per_floor":[45,45,45,39,39,39,13,19,19,9,33,33,31,31,31,0,0],"gold":3,"neow_bonus":"THREE_RARE_CARDS","is_daily":false,"chose_seed":false,"campfire_upgraded":2,"win_rate":0.0,"timestamp":1614220403,"path_taken":["M","?","?","M","?","R","E","M","T","E","R","?","?","$","R","BOSS"],"items_purchased_type":["Card","Card","Card"],"build_version":"2020-12-22","purchased_purges":1,"victory":false,"max_hp_per_floor":[80,80,80,80,80,80,80,80,80,80,80,80,80,80,80,80,80],"card_choices":[{"not_picked":["Limit Break","Bludgeon"],"picked":"Immolate","floor":0.0},{"not_picked":["Combust","Havoc"],"picked":"Spot Weakness","floor":1.0},{"not_picked":["Warcry","Flex","Sentinel"],"picked":"SKIP","floor":4.0},{"not_picked":["Flame Barrier","Searing Blow"],"picked":"Rampage","floor":7.0},{"not_picked":["Perfected Strike","True Grit"],"picked":"Inflame","floor":8.0},{"not_picked":["Infernal Blade","Shockwave"],"picked":"Demon Form","floor":10.0},{"not_picked":["Anger","Searing Blow","Pommel Strike"],"picked":"SKIP","floor":13.0}],"player_experience":441776,"relics_obtained":[{"floor":3.0,"key":"Pen Nib"},{"floor":7.0,"key":"Omamori"},{"floor":9.0,"key":"Bottled Lightning"},{"floor":10.0,"key":"Red Skull"}],"event_choices":[{"damage_healed":0.0,"max_hp_gain":0.0,"max_hp_loss":0.0,"gold_gain":61.0,"event_name":"Golden Wing","player_choice":"Gained Gold","floor":2.0,"gold_loss":0.0,"damage_taken":0.0},{"cards_removed":["Strike_R"],"damage_healed":0.0,"max_hp_gain":0.0,"max_hp_loss":0.0,"gold_gain":0.0,"event_name":"Purifier","player_choice":"Purged","floor":12.0,"gold_loss":0.0,"damage_taken":0.0}],"is_beta":false,"boss_relics":[],"items_purged_floors":[5],"is_endless":false,"potions_floor_spawned":[1,13],"killed_by":"Hexaghost","ascension_level":10}}