{"host":"tq99ucv8ezzqzioe","time":1614283168,"event":{"mods":["BaseMod","Colored Map","Downfall","Highlight Path","Minty Spire (QoL Compilation)","StSLib"],"gold_per_floor":[117,132,145,165,182,208,227,246,246,246,257,357,357,357,357,460,460,460,460,559,569,585,585,585,585,585],"floor_reached":25,"language":"ENG","playtime":828,"items_purged":[],"score":390,"play_id":"b8802b82-8e2a-4ae9-b0b8-7cadd439e935","local_time":"20210225145928","is_ascension_mode":true,"campfire_choices":[{"floor":10,"key":"REST"},{"floor":13,"key":"REST"},{"floor":15,"key":"RECALL"},{"floor":23,"key":"REST"}],"circlet_count":0,"master_deck":["Strike_P","Strike_P","Strike_P","Strike_P","Defend_P","Defend_P","Defend_P","Defend_P","Eruption","Vigilance","SashWhip","Protect","Prostrate","Prostrate","SashWhip","ClearTheMind","Crescendo","downfall:Haunted","downfall:Haunted","Normality","Ragnarok","downfall:Bewildered","Pain","CurseOfTheBell","LikeWater+1"],"relics":["Busted Crown","Bottled Flame","TeardropLocket","Du-Vu Doll","Calling Bell","Tiny Chest","Toxic Egg 2","Unceasing Top","Nilry\u0027s Codex","MutagenicStrength"],"acts_visited":["Exordium","TheCity"],"potions_floor_usage":[6,8,16,18],"damage_taken":[{"damage":1,"enemies":"Cultist","floor":1,"turns":3},{"damage":2,"enemies":"2 Louse","floor":2,"turns":3},{"damage":0,"enemies":"Jaw Worm","floor":3,"turns":5},{"damage":0,"enemies":"2 Fungi Beasts","floor":4,"turns":3},{"damage":0,"enemies":"3 Louse","floor":5,"turns":3},{"damage":54,"enemies":"3 Sentries","floor":6,"turns":14},{"damage":0,"enemies":"Looter","floor":7,"turns":4},{"damage":2,"enemies":"Exordium Wildlife","floor":8,"turns":5},{"damage":2,"enemies":"Red Slaver","floor":11,"turns":2},{"damage":7,"enemies":"Slime Boss","floor":16,"turns":6},{"damage":0,"enemies":"2 Thieves","floor":18,"turns":1},{"damage":0,"enemies":"Chosen","floor":21,"turns":1},{"damage":28,"enemies":"Shelled Parasite and Fungi","floor":22,"turns":6},{"damage":56,"enemies":"Slavers","floor":25,"turns":1}],"seed_played":"1754487003082765126","potions_obtained":[{"floor":2,"key":"BottledMiracle"},{"floor":5,"key":"LiquidMemories"},{"floor":7,"key":"Swift Potion"},{"floor":16,"key":"SmokeBomb"},{"floor":22,"key":"hexamod:SoulburnPotion"}],"is_trial":false,"path_per_floor":["M","M","M","M","M","E","M","M","T","R","M","?","R","T","R","B",null,"M","?","?","M","M","R","?","E"],"character_chosen":"WATCHER","items_purchased":[],"campfire_rested":3,"item_purchase_floors":[],"current_hp_per_floor":[64,62,62,62,62,8,8,6,6,27,25,30,53,53,53,46,69,69,53,53,53,25,48,48,0,0],"gold":585,"neow_bonus":"BOSS_RELIC","is_daily":false,"chose_seed":false,"campfire_upgraded":0,"win_rate":0.0,"timestamp":1614283168,"path_taken":["M","M","M","M","M","E","M","M","T","R","?","?","R","?","R","BOSS","M","?","?","M","M","R","?","E"],"items_purchased_type":[],"build_version":"2020-12-22","purchased_purges":0,"victory":false,"max_hp_per_floor":[72,72,72,72,72,72,72,72,72,72,72,77,77,77,77,77,77,77,77,77,77,77,77,77,77,77],"card_choices":[{"not_picked":[],"picked":"SashWhip","floor":1},{"not_picked":[],"picked":"Protect","floor":2},{"not_picked":[],"picked":"Prostrate","floor":3},{"not_picked":[],"picked":"Prostrate","floor":4},{"not_picked":[],"picked":"SashWhip","floor":5},{"not_picked":["PathToVictory"],"picked":"SKIP","floor":6},{"not_picked":[],"picked":"ClearTheMind","floor":7},{"not_picked":[],"picked":"Crescendo","floor":8},{"not_picked":["PathToVictory"],"picked":"SKIP","floor":11},{"not_picked":["WindmillStrike"],"picked":"SKIP","floor":21},{"not_picked":[],"picked":"LikeWater+1","floor":22}],"player_experience":1049318,"relics_obtained":[{"floor":6,"key":"Bottled Flame"},{"floor":9,"key":"TeardropLocket"},{"floor":17,"key":"Tiny Chest"},{"floor":17,"key":"Toxic Egg 2"},{"floor":17,"key":"Unceasing Top"},{"floor":19,"key":"Nilry\u0027s Codex"}],"event_choices":[{"damage_healed":0,"gold_gain":0,"player_choice":"Obtained Book","damage_taken":16,"max_hp_gain":0,"max_hp_loss":0,"event_name":"Cursed Tome","floor":19,"gold_loss":0},{"damage_healed":0,"gold_gain":99,"player_choice":"Stole From Cult","damage_taken":0,"max_hp_gain":0,"max_hp_loss":0,"event_name":"Nest","floor":20,"gold_loss":0},{"damage_healed":0,"gold_gain":0,"player_choice":"Inject Mutagens","damage_taken":0,"relics_obtained":["MutagenicStrength"],"max_hp_gain":0,"max_hp_loss":0,"event_name":"Drug Dealer","floor":24,"gold_loss":0}],"is_beta":false,"boss_relics":[{"not_picked":["Philosopher\u0027s Stone","Fusion Hammer"],"picked":"Calling Bell"}],"items_purged_floors":[],"is_endless":false,"potions_floor_spawned":[2,5,7,16,22],"killed_by":"Slavers","ascension_level":8}}