{"host":"5tir6155jnoxijqh","time":1614238481,"event":{"mods":["Act Like it!","Arknights","BaseMod","Downfall","Hermit","Library of Ruina","Library of Ruina Extra","Minty Spire (QoL Compilation)","MostiFishMod","Shop Mod","Spicy Shops","StSLib","WarShipGirlsR/战舰少女R mod","【遗物卡牌】REMEMod"],"gold_per_floor":[116,135,135,6,6,40,40,60,86,86,100,119,42,75,75,175,175,186,200,220,54,66,94,94,105,105,134,134,160,140,150,150,247,247,265,281,281,281,294,319,319,351,351,370,405,457,61,61,61,61,61,61,61,3,33,33],"floor_reached":57,"language":"ZHS","playtime":3475,"items_purged":["ats:Strike C","ats:Defend","ats:Strike S","ats:Defend"],"score":1412,"play_id":"38b23505-4bbe-4732-8eec-b4cff7a9eb0c","local_time":"20210225153441","is_ascension_mode":true,"campfire_choices":[{"data":"ats:Flexible Camouflage","floor":7.0,"key":"SMITH"},{"data":"ats:True Silver Slash","floor":15,"key":"SMITH"},{"data":"ats:Echo Reverb","floor":28,"key":"SMITH"},{"data":"ats:Serious Mode","floor":32,"key":"SMITH"},{"floor":41,"key":"RECALL"},{"data":"REME_FirmDetermination","floor":49,"key":"SMITH"},{"data":"ats:Durian","floor":53,"key":"SMITH"}],"circlet_count":0,"master_deck":["ats:Armor Crushing Shot","ats:Emotion Absorption","BootSequence","ats:Steam Pump+1","ats:Healing Drone+1","ats:Flexible Camouflage+1","ats:Hook Shot","ats:Phantom+1","ats:Closed Bolt Burst Fire","ats:True Silver Slash+1","ats:Flame Of Heaven","ats:Durian","ats:Magnetic Hammer","ats:Curse Doll+1","ats:Disruption Kick","ats:Steam Pump+1","ats:Echo Reverb+1","ats:Calcification","ats:Serious Mode+1","ats:Shadow Assault","ats:Chain Hook+1","ats:Durian+1","ats:Fractured Body","Secret Weapon","REME_FirmDetermination+1","REME_TwoStrings","ats:Assault Order+1","ats:LN2 Cannon+1","ats:Absolute Focus+1","ats:Flexible Camouflage+1","ats:Flexible Camouflage+1","Flash of Steel","ats:Absolute Focus+1"],"relics":["ats:Sanity Plus","DaveBox","REME_ComplimentaryCards","SynthV:TestCard","Kunai","ats:Originium","REME_HandOfSuture","Civilization","The Courier","Prayer Wheel","Regal Pillow","PageOfOzma","Pen Nib","Dream Catcher","JellyFishMachine","Bag of Marbles","ats:Hidden Killer","PageOfBigBird","Juzu Bracelet","OriginationStaff","Bag of Preparation","Ancient Tea Set","ats:Bonebreaker"],"acts_visited":["Exordium","TheCity","TheBeyond","TheEnding"],"potions_floor_usage":[14,23,23,33,40,44,50,55,56],"damage_taken":[{"damage":2.0,"enemies":"ats:Genji","floor":1.0,"turns":4.0},{"damage":11.0,"enemies":"Jaw Worm","floor":2.0,"turns":8.0},{"damage":44.0,"enemies":"Gremlin Nob","floor":6.0,"turns":5.0},{"damage":0.0,"enemies":"Small Slimes","floor":8.0,"turns":4.0},{"damage":7.0,"enemies":"3 Louse","floor":11.0,"turns":3.0},{"damage":0.0,"enemies":"Large Slime","floor":12.0,"turns":2.0},{"damage":9,"enemies":"3 Sentries","floor":14,"turns":6},{"damage":32,"enemies":"The Guardian","floor":16,"turns":9},{"damage":46,"enemies":"3 Byrds","floor":18,"turns":6},{"damage":0,"enemies":"Chosen","floor":19,"turns":3},{"damage":0,"enemies":"Snake Plant","floor":20,"turns":4},{"damage":0,"enemies":"Centurion and Healer","floor":22,"turns":2},{"damage":2,"enemies":"Slavers","floor":23,"turns":3},{"damage":2,"enemies":"Cultist and Chosen","floor":25,"turns":6},{"damage":23,"enemies":"REME_1_Revenger","floor":27,"turns":4},{"damage":28,"enemies":"Book of Stabbing","floor":29,"turns":4},{"damage":0,"enemies":"3 Cultists","floor":31,"turns":2},{"damage":21,"enemies":"Champ","floor":33,"turns":5},{"damage":5,"enemies":"Orb Walker","floor":35,"turns":2},{"damage":22,"enemies":"3 Darklings","floor":36,"turns":3},{"damage":19,"enemies":"4 Shapes","floor":39,"turns":4},{"damage":5,"enemies":"Reptomancer","floor":40,"turns":2},{"damage":41,"enemies":"Nemesis","floor":42,"turns":3},{"damage":28,"enemies":"Transient","floor":44,"turns":5},{"damage":3,"enemies":"Reptomancer","floor":45,"turns":2},{"damage":13,"enemies":"2 Orb Walkers","floor":46,"turns":2},{"damage":49,"enemies":"Awakened One","floor":50,"turns":7},{"damage":84,"enemies":"Awakened One","floor":51,"turns":8},{"damage":77,"enemies":"Shield and Spear","floor":55,"turns":4},{"damage":99,"enemies":"The Heart","floor":56,"turns":5}],"seed_played":"-9205006706017420486","potions_obtained":[{"floor":1.0,"key":"Fire Potion"},{"floor":2.0,"key":"Fire Potion"},{"floor":8.0,"key":"SteroidPotion"},{"floor":19,"key":"Fire Potion"},{"floor":20,"key":"DistilledChaos"},{"floor":23,"key":"ats:Emergency Sanity Potion"},{"floor":29,"key":"LiquidBronze"},{"floor":39,"key":"SteroidPotion"},{"floor":42,"key":"ColorlessPotion"},{"floor":46,"key":"Slimebound:ThreeZeroPotion"}],"is_trial":false,"path_per_floor":["M","M","?","$","?","E","R","M","T","?","M","M","$","E","R","B",null,"M","M","M","$","M","E","?","M","T","E","R","E","?","M","R","B",null,"M","M","?","?","M","E","R","E","T","M","E","?","$","?","R","B",null,null,"R","$","E","B",null],"character_chosen":"DOCTOR_CLASS","items_purchased":["Kunai","Civilization","Prayer Wheel","Bag of Preparation","Ancient Tea Set","Dexterity Potion"],"campfire_rested":0,"item_purchase_floors":[4,13,21,47,47,54],"current_hp_per_floor":[72,72,58,58,51,15,15,23,23,23,16,16,16,26,26,14,79,54,67,72,72,77,80,80,91,91,82,82,68,68,73,73,58,129,129,112,112,102,88,88,88,61,61,124,126,118,118,118,118,93,31,179,179,179,107,16],"gold":33,"neow_bonus":"TRANSFORM_TWO_CARDS","is_daily":false,"chose_seed":false,"campfire_upgraded":6,"win_rate":0.0,"timestamp":1614238481,"path_taken":["M","M","?","$","?","E","R","M","T","?","M","M","$","E","R","BOSS","M","M","?","$","M","E","?","M","T","E","R","E","?","M","R","BOSS","M","M","?","?","M","E","R","E","T","M","E","?","?","?","R","BOSS","R","$","E","BOSS"],"items_purchased_type":["Relic","Relic","Relic","Relic","Relic","Potion"],"build_version":"2020-12-22","purchased_purges":4,"victory":true,"max_hp_per_floor":[72,72,72,72,72,72,72,72,72,72,72,72,72,75,75,79,79,84,89,94,94,99,104,104,109,109,114,114,119,119,124,124,129,129,134,139,139,139,144,149,149,154,154,159,164,169,169,169,169,174,179,179,179,179,184,189],"card_choices":[{"not_picked":["ats:Leaping Hammer","ats:Consecutive Shot Auto","ats:Explosion Area Strengthen"],"picked":"SKIP","floor":1.0},{"not_picked":["ats:Ignite","ats:Chain Hook","ats:Closed Bolt Burst Fire","ats:Very Hot Blade"],"picked":"ats:Flexible Camouflage","floor":2.0},{"not_picked":["ats:Very Hot Blade","ats:Directed Diagnosis","ats:Blood Oath","ats:Curse Doll"],"picked":"ats:Hook Shot","floor":6.0},{"not_picked":["ats:Absolute Focus","ats:Blood Oath","ats:Very Hot Blade","ats:Magnetic Hammer"],"picked":"ats:Phantom","floor":8.0},{"not_picked":["ats:Shell Defense","ats:Support Order","ats:Powerful Strike","ats:Blood Oath"],"picked":"ats:Closed Bolt Burst Fire","floor":11.0},{"not_picked":["ats:Charging Defense","ats:Apocalypse","ats:Revitalization","ats:Song Of Battle"],"picked":"ats:True Silver Slash","floor":12.0},{"not_picked":["ats:Apocalypse","ats:Guard Mode","ats:Mental Burst","ats:Closed Bolt Burst Fire"],"picked":"ats:Flame Of Heaven","floor":14},{"not_picked":["ats:Fractured Body","ats:True Silver Slash","ats:Rat Pack","ats:Shadow Assault"],"picked":"ats:Durian","floor":16},{"not_picked":["ats:Cat Scratch","ats:Collapsing Strike","ats:Leaping Hammer","ats:Healing Drone"],"picked":"ats:Magnetic Hammer","floor":18},{"not_picked":["ats:Leaping Hammer","ats:Sword Rain+1","ats:Guard Mode","ats:Phantom","ats:Powerful Strike"],"picked":"SKIP","floor":19},{"not_picked":["ats:Closed Bolt Burst Fire+1","ats:Explosion Area Strengthen","ats:Leaping Hammer+1","ats:Very Hot Blade"],"picked":"ats:Curse Doll+1","floor":20},{"not_picked":["ats:Revitalization","ats:Directed Diagnosis+1","ats:Cat Scratch","ats:Poison Spread"],"picked":"ats:Disruption Kick","floor":22},{"not_picked":["ats:Demon Strength","ats:Consecutive Shot Auto","ats:Ignite+1","ats:Closed Bolt Burst Fire"],"picked":"ats:Steam Pump+1","floor":22},{"not_picked":["ats:Blood Oath+1","ats:Overload","ats:Very Hot Blade","ats:Cat Scratch+1"],"picked":"ats:Echo Reverb","floor":23},{"not_picked":["ats:Ignite+1","ats:Explosion Area Strengthen","ats:Flexible Camouflage+1","ats:Healing Strengthening+1"],"picked":"ats:Calcification","floor":25},{"not_picked":["ats:Curse Doll","ats:Flexible Camouflage","ats:Guard Mode+1","ats:Burning Ground","ats:Ignite"],"picked":"SKIP","floor":25},{"not_picked":["ats:Sword Rain","ats:Curse Doll+1","ats:Hook Shot","ats:Cat Scratch"],"picked":"ats:Serious Mode","floor":27},{"not_picked":["ats:Revitalization","ats:Encircling Forest","ats:Sunburst","ats:Spore Proliferation","ats:Cat Scratch"],"picked":"SKIP","floor":29},{"not_picked":[],"picked":"ats:Shadow Assault","floor":30},{"not_picked":["ats:Powerful Strike+1","ats:Counter Healing Mode","ats:Curse Doll","ats:Very Hot Blade"],"picked":"ats:Chain Hook+1","floor":31},{"not_picked":["ats:Explosion Area Strengthen+1","ats:Shell Defense+1","ats:Flexible Camouflage","ats:Poison Spread","ats:True Silver Slash"],"picked":"SKIP","floor":31},{"not_picked":["ats:Healing Drone","ats:Literary Storm","ats:Absolute Focus","ats:Sword Rain","ats:Ignite+1"],"picked":"SKIP","floor":31},{"not_picked":["ats:Hammer On+1","ats:Phantom","ats:Apocalypse","ats:Leaping Hammer","ats:Very Hot Blade+1"],"picked":"SKIP","floor":31},{"not_picked":["ats:Fractured Body","ats:Shadow Assault","ats:Calcification","ats:Ambush"],"picked":"ats:Durian","floor":33},{"not_picked":["ats:Poison Spread","ats:Blood Oath+1","ats:Powerful Strike+1","ats:Explosion Area Strengthen","ats:Guard Mode"],"picked":"SKIP","floor":35},{"not_picked":["ats:Powerful Strike+1","ats:Blood Oath","ats:Consecutive Shot Auto+1","ats:Revitalization+1","ats:Shell Defense"],"picked":"SKIP","floor":35},{"not_picked":["ats:Hammer On","ats:Revitalization+1","ats:Closed Bolt Burst Fire","ats:Ignite+1"],"picked":"ats:Fractured Body","floor":36},{"not_picked":["ats:Consecutive Shot Auto","ats:Magnetic Hammer+1","ats:Very Hot Blade","ats:Poison Spread","ats:Part Time Job+1"],"picked":"SKIP","floor":36},{"not_picked":["Deep Breath","The Bomb","Blind","REME_MagicPocketWatch"],"picked":"Secret Weapon","floor":38},{"not_picked":["Finesse","Panacea","PanicButton","Blind"],"picked":"REME_FirmDetermination","floor":38},{"not_picked":["PanicButton","REME_TheoryOfElimination","Dramatic Entrance","Trip"],"picked":"REME_TwoStrings","floor":38},{"not_picked":["ats:Poison Spread+1","ats:Apocalypse","ats:Shell Defense+1","ats:Curse Doll+1"],"picked":"ats:Assault Order+1","floor":39},{"not_picked":["ats:Absolute Focus","ats:Hammer On","ats:Healing Drone+1","ats:Collapsing Strike+1"],"picked":"ats:LN2 Cannon+1","floor":39},{"not_picked":["ats:Song Of Battle","ats:Soul Absorption","ats:Defend Order+1","ats:Healing Drone","ats:Assault Order+1"],"picked":"SKIP","floor":40},{"not_picked":["ats:Guard Mode","ats:Counter Healing Mode+1","ats:Ambush","ats:Encircling Forest+1"],"picked":"ats:Absolute Focus+1","floor":42},{"not_picked":["ats:Serious Mode","ats:Guard Mode","ats:Shell Defense","ats:Encircling Forest"],"picked":"ats:Flexible Camouflage+1","floor":44},{"not_picked":["ats:Guard Mode+1","ats:Closed Bolt Burst Fire","ats:Literary Storm","ats:Beaten Up+1"],"picked":"ats:Flexible Camouflage+1","floor":44},{"not_picked":["ats:Composite Medical Shells+1","ats:Ambush","ats:Very Hot Blade","ats:Apocalypse","ats:Assault Order+1"],"picked":"SKIP","floor":45},{"not_picked":["ats:Ignite+1","ats:Apocalypse+1","ats:Phantom","ats:LN2 Cannon"],"picked":"ats:Absolute Focus+1","floor":55}],"player_experience":408841,"relics_obtained":[{"floor":1.0,"key":"SynthV:TestCard"},{"floor":6.0,"key":"ats:Originium"},{"floor":6.0,"key":"REME_HandOfSuture"},{"floor":14,"key":"ats:Originium"},{"floor":14,"key":"The Courier"},{"floor":23,"key":"ats:Originium"},{"floor":23,"key":"Regal Pillow"},{"floor":26,"key":"PageOfOzma"},{"floor":27,"key":"ats:Originium"},{"floor":27,"key":"Pen Nib"},{"floor":29,"key":"ats:Originium"},{"floor":29,"key":"Dream Catcher"},{"floor":40,"key":"Bag of Marbles"},{"floor":42,"key":"ats:Hidden Killer"},{"floor":43,"key":"PageOfBigBird"},{"floor":45,"key":"Juzu Bracelet"},{"floor":46,"key":"OriginationStaff"},{"floor":55,"key":"ats:Bonebreaker"}],"event_choices":[{"damage_healed":0.0,"max_hp_gain":0.0,"max_hp_loss":0.0,"gold_gain":0.0,"event_name":"Shining Light","player_choice":"Entered Light","floor":3.0,"gold_loss":0.0,"damage_taken":14.0,"cards_upgraded":["ats:Steam Pump","ats:Healing Drone"]},{"cards_removed":["Regret"],"damage_healed":0.0,"max_hp_gain":0.0,"max_hp_loss":0.0,"gold_gain":0.0,"event_name":"Golden Wing","player_choice":"Card Removal","floor":5.0,"gold_loss":0.0,"damage_taken":7.0},{"damage_healed":0.0,"max_hp_gain":0.0,"max_hp_loss":0.0,"gold_gain":0.0,"event_name":"Upgrade Shrine","player_choice":"Upgraded","floor":10.0,"gold_loss":0.0,"damage_taken":0.0,"cards_upgraded":["ats:Phantom"]},{"cards_removed":["ats:Defend"],"damage_healed":0,"gold_gain":0,"player_choice":"Elegance","damage_taken":0,"max_hp_gain":0,"max_hp_loss":0,"event_name":"Back to Basics","floor":24,"gold_loss":0},{"cards_removed":["ats:Strike G"],"damage_healed":0,"gold_gain":0,"player_choice":"Removed Attack","damage_taken":0,"max_hp_gain":0,"max_hp_loss":0,"event_name":"Falling","floor":37,"gold_loss":0},{"damage_healed":0,"gold_gain":0,"player_choice":"Memory 3","damage_taken":10,"max_hp_gain":0,"max_hp_loss":0,"event_name":"SensoryStone","floor":38,"gold_loss":0},{"damage_healed":0,"gold_gain":0,"player_choice":"Fight","damage_taken":0,"max_hp_gain":0,"max_hp_loss":0,"event_name":"Mysterious Sphere","floor":46,"gold_loss":0},{"damage_healed":0,"gold_gain":0,"player_choice":"1 cards matched","damage_taken":0,"max_hp_gain":0,"max_hp_loss":0,"event_name":"Match and Keep!","floor":48,"gold_loss":0,"cards_obtained":["Flash of Steel"]}],"is_beta":false,"boss_relics":[{"not_picked":["Snecko Eye","OneHitWonderSystem"],"picked":"ats:Sanity Plus"},{"not_picked":["Runic Dome","PageOfBlackSwan"],"picked":"JellyFishMachine"}],"items_purged_floors":[21,21,47,47],"is_endless":false,"potions_floor_spawned":[1,2,8,19,20,23,29,31,39,42,46],"ascension_level":1}}