{"host":"3dgd3gfmqutz6web","time":1614226549,"event":{"mods":["Aspiration","BaseMod","BetterRewards","Downfall","Minty Spire (QoL Compilation)","Replay The Spire","Shop Mod","Spikes Relics","StSLib"],"gold_per_floor":[99,113,133,133,148,148,174,184,84,104,114,129,129,146,158,253,353,353,366,378,390,590,590,616,616,630,640,659,659,659,679,694,694,694,694],"floor_reached":33,"language":"ENG","playtime":1530,"items_purged":[],"score":249,"play_id":"59779139-8b85-4d08-a204-3fbb06cdd830","local_time":"20210224201549","is_ascension_mode":false,"campfire_choices":[{"floor":1,"key":"RECALL"},{"floor":9,"key":"REST"},{"floor":23,"key":"REST"},{"floor":30,"key":"REST"}],"circlet_count":0,"master_deck":["champ:Strike+1","champ:Strike+1","champ:Strike+1","champ:Strike+1","champ:Defend","champ:Defend","champ:Defend","champ:Execute+1","champ:Taunt","champ:GladiatorStyle","champ:BladeFlurry+1","champ:TornadoPunch+1","champ:FanOfKnives+1","champ:FaceSlap+1","champ:FanOfKnives+1","champ:PreciseThrust+1","champ:HeartStrike","champ:EnGarde","champ:HoldFirm","champ:ShieldSigil","Perseverance","Guardian:Preprogram+1","Iron Wave","downfall:Haunted","champ:DefensiveShout","sneckomod:Unknown1Cost","bronze:CutThrough+1","Anger","Flex","champ:Duel"],"relics":["champ:ChampionCrown","Replay:Wax Seal","downfall:HeartBlessingRed","Replay:Wanted Poster","PrismaticShard","Ancient Tea Set","Rawhide"],"acts_visited":["Exordium","TheCity"],"potions_floor_usage":[8,8,27,27],"damage_taken":[{"damage":21,"enemies":"Small Slimes","floor":2,"turns":4},{"damage":10,"enemies":"Cultist","floor":3,"turns":4},{"damage":0,"enemies":"2 Louse","floor":5,"turns":3},{"damage":23,"enemies":"Gremlin Gang","floor":8,"turns":6},{"damage":5,"enemies":"downfall:LooterAlt","floor":10,"turns":4},{"damage":2,"enemies":"2 Fungi Beasts","floor":11,"turns":3},{"damage":2,"enemies":"Exordium Thugs","floor":12,"turns":3},{"damage":20,"enemies":"downfall:LooterAlt","floor":14,"turns":2},{"damage":0,"enemies":"2 Fungi Beasts","floor":15,"turns":2},{"damage":36,"enemies":"IC_STATUS_ARCHETYPE","floor":16,"turns":6},{"damage":29,"enemies":"3 Byrds","floor":19,"turns":4},{"damage":32,"enemies":"Shell Parasite","floor":20,"turns":3},{"damage":47,"enemies":"Centurion and Healer","floor":21,"turns":6},{"damage":34,"enemies":"Snake Plant","floor":26,"turns":4},{"damage":10,"enemies":"Cultist and Chosen","floor":27,"turns":4},{"damage":24,"enemies":"Snecko","floor":28,"turns":6},{"damage":24,"enemies":"Chosen and Byrds","floor":31,"turns":5},{"damage":23,"enemies":"Snake Plant","floor":32,"turns":5},{"damage":30,"enemies":"WA_ARCHETYPE_CALM","floor":33,"turns":5}],"seed_played":"-1011502782022115365","potions_obtained":[{"floor":2,"key":"Fire Potion"},{"floor":6,"key":"ColorlessPotion"},{"floor":6,"key":"Doom Potion"},{"floor":8,"key":"Languid Potion"},{"floor":10,"key":"Dexterity Potion"},{"floor":26,"key":"AttackPotion"},{"floor":31,"key":"Energy Potion"}],"is_trial":false,"path_per_floor":["R","M","M","?","M","?","T","M","R","M","M","M","?","M","M","B",null,"R","M","M","M","?","R","T","?","M","M","M","T","R","M","M","B"],"character_chosen":"THE_CHAMP","items_purchased":[],"campfire_rested":3,"item_purchase_floors":[],"current_hp_per_floor":[99,98,98,91,91,91,91,78,99,94,92,90,90,80,80,49,99,91,72,60,38,38,67,67,67,43,43,24,24,53,39,21,0,0,0],"gold":694,"neow_bonus":"TEN_PERCENT_HP_BONUS","is_daily":false,"chose_seed":false,"campfire_upgraded":0,"win_rate":0.0,"timestamp":1614226549,"path_taken":["R","M","M","?","M","?","T","?","R","M","M","?","?","M","M","BOSS","R","M","M","M","?","R","T","?","M","M","?","?","R","M","M","BOSS"],"items_purchased_type":[],"build_version":"2020-12-22","purchased_purges":0,"victory":false,"max_hp_per_floor":[99,99,99,99,99,99,99,99,99,99,99,99,99,99,99,99,99,99,99,99,99,99,99,99,99,99,99,99,99,99,99,99,99,99,99],"card_choices":[{"not_picked":["champ:FalseCounter","champ:StanceDance"],"picked":"champ:GladiatorStyle","floor":2},{"not_picked":["champ:Parry","champ:Circumvent"],"picked":"champ:BladeFlurry","floor":3},{"not_picked":["champ:ViciousMockery","champ:SetATrap"],"picked":"champ:TornadoPunch","floor":5},{"not_picked":["champ:EndlessRage","champ:FocusedDefense"],"picked":"champ:FanOfKnives","floor":8},{"not_picked":["champ:FlashCut","champ:ShieldSlam"],"picked":"champ:FaceSlap","floor":10},{"not_picked":["champ:Parry","champ:DefensiveShout"],"picked":"champ:FanOfKnives","floor":11},{"not_picked":["champ:CrownThrow","champ:EnGarde"],"picked":"champ:PreciseThrust","floor":12},{"not_picked":["champ:Circumvent","champ:BerserkerStyle"],"picked":"champ:HeartStrike","floor":14},{"not_picked":["champ:Endure","champ:SetATrap"],"picked":"champ:EnGarde","floor":15},{"not_picked":["champ:Improvising","champ:VampiricStrike"],"picked":"champ:HoldFirm","floor":16},{"not_picked":["champ:Circumvent","champ:ShieldSlam"],"picked":"champ:ShieldSigil","floor":18},{"not_picked":["sneckomod:SnakeSap+1","sneckomod:WideSting+1"],"picked":"Perseverance","floor":19},{"not_picked":["Study+1","bronze:Turbo"],"picked":"Guardian:Preprogram+1","floor":20},{"not_picked":["ReplayTheSpireMod:The Works","White Noise"],"picked":"Iron Wave","floor":21},{"not_picked":["champ:GutPunch","BowlingBash"],"picked":"sneckomod:Unknown1Cost","floor":26},{"not_picked":["Guardian:BodySlam+1","Dodge and Roll"],"picked":"bronze:CutThrough+1","floor":27},{"not_picked":["Blur","Panache"],"picked":"Anger","floor":28},{"not_picked":["hexamod:HauntingEcho+1","Replay:Bootleg Shield Generator"],"picked":"Flex","floor":31},{"not_picked":["hexamod:Again","Endless Agony"],"picked":"champ:Duel","floor":32}],"player_experience":257688,"relics_obtained":[{"floor":7,"key":"aspiration:Lifesprig"},{"floor":18,"key":"PrismaticShard"},{"floor":24,"key":"Ancient Tea Set"},{"floor":29,"key":"Rawhide"}],"event_choices":[{"damage_healed":0,"gold_gain":0,"player_choice":"Success","damage_taken":7,"relics_obtained":["Replay:Wax Seal"],"max_hp_gain":0,"max_hp_loss":0,"event_name":"Scrap Ooze","floor":4,"gold_loss":0},{"damage_healed":0,"gold_gain":0,"player_choice":"Got Potions","damage_taken":0,"max_hp_gain":0,"max_hp_loss":0,"event_name":"Lab","floor":6,"gold_loss":0}],"is_beta":false,"boss_relics":[{"not_picked":["Astrolabe","aspiration:RunicSpoon"],"picked":"Replay:Wanted Poster"}],"items_purged_floors":[],"is_endless":false,"potions_floor_spawned":[2,8,10,15,16,20,26,31],"killed_by":"WA_ARCHETYPE_CALM","ascension_level":0}}