{"host":"lnfs5t5iydkm2lft","time":1614237933,"event":{"mods":["AchievementEnabler","Act Like it!","Aspiration","BaseMod","Bestiary","Better Third Choice","BetterRewards","Colored Powertips","Dark Map","Downfall","Hermit","Hubris","Infinite Spire","Marisa????????","Marked Mod","Minty Spire (QoL Compilation)","Quick Restart","Reliquary","Replay The Spire","StSLib","The Runesmith","everything is the same but u backflip on backflip"],"gold_per_floor":[115,128,128,138,149,149,149,149,149,168,8,8,8,25,25,128,128,147,147,147,167,167,167],"floor_reached":22,"language":"ENG","playtime":655,"items_purged":["UpSweep","StarBarrage"],"score":317,"play_id":"8b359e7c-91f9-4603-b0ff-35d24db64649","local_time":"20210225012533","is_ascension_mode":true,"campfire_choices":[{"floor":6,"key":"REST"},{"data":"EnergyFlow","floor":8,"key":"SMITH"},{"data":"UltimateShortwave","floor":12,"key":"SMITH"},{"floor":15,"key":"REST"}],"circlet_count":0,"master_deck":["Strike_MRS","Strike_MRS","Strike_MRS","Strike_MRS","Defend_MRS","Defend_MRS","Defend_MRS","Defend_MRS","MasterSpark","EnergyFlow+1","RefractionSpark+1","SprinkleStarSeal","PropBag","UltimateShortwave+1","CasketOfStar"],"relics":["MiniHakkero","hubris:OldNail","Ring of Chaos","hubris:Potato"],"acts_visited":["Exordium","TheCity"],"potions_floor_usage":[4,14,21,22],"damage_taken":[{"damage":0,"enemies":"Small Slimes","floor":1,"turns":3},{"damage":1,"enemies":"Cultist","floor":2,"turns":4},{"damage":3,"enemies":"Jaw Worm","floor":4,"turns":4},{"damage":32,"enemies":"Exordium Thugs","floor":5,"turns":5},{"damage":8,"enemies":"Looter","floor":10,"turns":4},{"damage":20,"enemies":"3 Louse","floor":14,"turns":4},{"damage":26,"enemies":"Slime Boss","floor":16,"turns":6},{"damage":16,"enemies":"Spheric Guardian","floor":18,"turns":4},{"damage":40,"enemies":"3 Byrds","floor":21,"turns":8},{"damage":30,"enemies":"Snecko","floor":22,"turns":3}],"seed_played":"4973051251033052451","potions_obtained":[{"floor":1,"key":"SkillPotion"},{"floor":10,"key":"Fruit Juice"},{"floor":16,"key":"Dexterity Potion"},{"floor":21,"key":"Swift Potion"}],"is_trial":false,"path_per_floor":["M","M","?","M","M","R","?","R","T","M","$","R","$","M","R","B",null,"M","?","AVR","M","M"],"character_chosen":"MARISA","items_purchased":["EnergyFlow","RefractionSpark","UltimateShortwave"],"campfire_rested":2,"item_purchase_floors":[0,0,11],"current_hp_per_floor":[75,74,74,71,39,61,61,61,61,53,53,53,53,38,62,36,80,64,64,64,24,0,0],"gold":167,"neow_bonus":"","is_daily":false,"chose_seed":false,"campfire_upgraded":2,"win_rate":0.0,"timestamp":1614237933,"path_taken":["M","M","?","?","M","R","?","R","T","M","$","R","?","M","R","BOSS","M","?","AVR","M","M"],"items_purchased_type":["Card","Card","Card"],"build_version":"2020-12-22","purchased_purges":2,"victory":false,"max_hp_per_floor":[75,75,75,75,75,75,75,75,75,75,75,75,75,80,80,80,80,80,80,80,80,80,80],"card_choices":[{"not_picked":["Singularity","AlicesGift","GravityBeat"],"picked":"SKIP","floor":1},{"not_picked":["IllusionStar","EventHorizon","6A"],"picked":"SKIP","floor":2},{"not_picked":["BlazeAway","FairyDestructionRay","GrandCross"],"picked":"SKIP","floor":4},{"not_picked":["MilkyWay","FairyDestructionRay"],"picked":"SprinkleStarSeal","floor":5},{"not_picked":["DC","MilkyWay"],"picked":"PropBag","floor":10},{"not_picked":["MaximisePower","LuminesStrike"],"picked":"StarBarrage","floor":14},{"not_picked":["MaximisePower","SatelliteIllusion"],"picked":"CasketOfStar","floor":16},{"not_picked":["Acceleration","FairyDestructionRay+1","AsteroidBelt"],"picked":"SKIP","floor":18},{"not_picked":["WitchOfGreed","NonDirectionalLaser+1","IllusionStar"],"picked":"SKIP","floor":21}],"player_experience":431094,"relics_obtained":[{"floor":9,"key":"hubris:OldNail"}],"event_choices":[{"damage_healed":0,"gold_gain":0,"player_choice":"Forge","damage_taken":0,"max_hp_gain":0,"max_hp_loss":0,"event_name":"Accursed Blacksmith","floor":3,"gold_loss":0,"cards_upgraded":["RefractionSpark"]},{"damage_healed":0,"gold_gain":0,"player_choice":"Ignored","damage_taken":149,"max_hp_gain":0,"max_hp_loss":0,"event_name":"betterThird:BetterSerpent","floor":7,"gold_loss":0},{"damage_healed":0,"gold_gain":0,"player_choice":"Ignored","damage_taken":0,"max_hp_gain":0,"max_hp_loss":0,"event_name":"Beggar","floor":19,"gold_loss":0}],"is_beta":false,"boss_relics":[{"not_picked":["infinitespire:Cupcake","aspiration:SecretTechniqueScroll"],"picked":"Ring of Chaos"}],"items_purged_floors":[0,20],"is_endless":false,"potions_floor_spawned":[1,10,16,21],"killed_by":"Snecko","ascension_level":3}}