{"host":"ju1b3c4x8n2jtjm7","time":1614261883,"event":{"mods":["AchievementEnabler","BaseMod","Colored Map","Colored Powertips","Highlight Path","Minty Spire (QoL Compilation)","Quick Restart","Rare Cards Sparkle","Relic Stats","StSLib"],"gold_per_floor":[115,135,149,149,163,163,193,193,193,207,4,33,46,59,59,137,137,147,34,50,0,14,47,47,57,84,84,111,111,130,130,130,208,208,222,233,233,248,248,274,274,305,305,305,330,350,350,381,381,381],"floor_reached":51,"language":"ENG","playtime":3317,"items_purged":["Strike_R"],"score":1514,"play_id":"391c01f6-39f8-42fd-8de1-b533b4e44a13","local_time":"20210225150443","is_ascension_mode":true,"campfire_choices":[{"data":"Hemokinesis","floor":6.0,"key":"SMITH"},{"data":"Rupture","floor":8.0,"key":"SMITH"},{"data":"True Grit","floor":15.0,"key":"SMITH"},{"data":"Offering","floor":24.0,"key":"SMITH"},{"data":"Heavy Blade","floor":29.0,"key":"SMITH"},{"data":"Whirlwind","floor":32.0,"key":"SMITH"},{"data":"Fiend Fire","floor":41.0,"key":"SMITH"},{"data":"Blood for Blood","floor":44.0,"key":"SMITH"},{"data":"Fiend Fire","floor":49.0,"key":"SMITH"}],"circlet_count":0,"master_deck":["AscendersBane","Strike_R","Strike_R","Strike_R","Defend_R","Defend_R","Defend_R","Bash","Rupture+1","Hemokinesis+1","Battle Trance","Intimidate","Pain","Battle Trance","True Grit+1","Heavy Blade+1","Whirlwind+1","Offering+1","Rage","Fiend Fire+1","Blood for Blood+1","Rupture+1","J.A.X.","Clothesline","Iron Wave+1","Juggernaut","Iron Wave+1","Fiend Fire+1","Dual Wield+1"],"relics":["Burning Blood","WarpedTongs","Meat on the Bone","Singing Bowl","OrangePellets","InkBottle","Sozu","Juzu Bracelet","Orichalcum","Centennial Puzzle","Oddly Smooth Stone","Runic Pyramid","Sundial","Potion Belt","Lizard Tail","Ice Cream"],"acts_visited":["Exordium","TheCity","TheBeyond"],"potions_floor_usage":[50],"damage_taken":[{"damage":1.0,"enemies":"Cultist","floor":1.0,"turns":4.0},{"damage":5.0,"enemies":"Small Slimes","floor":2.0,"turns":4.0},{"damage":4.0,"enemies":"2 Louse","floor":3.0,"turns":2.0},{"damage":29.0,"enemies":"Gremlin Gang","floor":5.0,"turns":4.0},{"damage":12.0,"enemies":"3 Sentries","floor":7.0,"turns":8.0},{"damage":15.0,"enemies":"3 Louse","floor":10.0,"turns":2.0},{"damage":22.0,"enemies":"Lagavulin","floor":12.0,"turns":4.0},{"damage":13.0,"enemies":"Blue Slaver","floor":13.0,"turns":2.0},{"damage":10.0,"enemies":"Looter","floor":14.0,"turns":2.0},{"damage":13.0,"enemies":"Slime Boss","floor":16.0,"turns":7.0},{"damage":17.0,"enemies":"2 Thieves","floor":18.0,"turns":4.0},{"damage":12.0,"enemies":"Spheric Guardian","floor":20.0,"turns":1.0},{"damage":3.0,"enemies":"Chosen and Byrds","floor":22.0,"turns":4.0},{"damage":13.0,"enemies":"Gremlin Leader","floor":23.0,"turns":3.0},{"damage":11.0,"enemies":"Centurion and Healer","floor":25.0,"turns":2.0},{"damage":19.0,"enemies":"Book of Stabbing","floor":28.0,"turns":3.0},{"damage":8.0,"enemies":"Snecko","floor":30.0,"turns":3.0},{"damage":18.0,"enemies":"Collector","floor":33.0,"turns":2.0},{"damage":17.0,"enemies":"3 Darklings","floor":35.0,"turns":2.0},{"damage":28.0,"enemies":"3 Shapes","floor":36.0,"turns":2.0},{"damage":15.0,"enemies":"Maw","floor":38.0,"turns":2.0},{"damage":24.0,"enemies":"Giant Head","floor":40.0,"turns":4.0},{"damage":9.0,"enemies":"Nemesis","floor":42.0,"turns":3.0},{"damage":15.0,"enemies":"Mind Bloom Boss Battle","floor":45.0,"turns":4.0},{"damage":22.0,"enemies":"4 Shapes","floor":46.0,"turns":4.0},{"damage":32.0,"enemies":"Reptomancer","floor":48.0,"turns":4.0},{"damage":30,"enemies":"Donu and Deca","floor":50,"turns":3}],"seed_played":"2305656843311470780","potions_obtained":[{"floor":1.0,"key":"HeartOfIron"},{"floor":2.0,"key":"SpeedPotion"},{"floor":7.0,"key":"AttackPotion"},{"floor":14.0,"key":"Swift Potion"}],"is_trial":false,"path_per_floor":["M","M","M","?","M","R","E","R","T","M","$","E","M","M","R","B",null,"M","$","M","?","M","E","R","M","T","?","E","R","M","?","R","B",null,"M","M","?","M","?","E","R","E","T","R","?","M","?","E","R","B",null],"character_chosen":"IRONCLAD","items_purchased":["OrangePellets","Heavy Blade","Blood for Blood"],"campfire_rested":0,"item_purchase_floors":[11,11,19],"current_hp_per_floor":[77,78,80,80,57,57,51,51,51,54,54,50,55,51,51,56,74,65,65,61,61,66,61,61,56,56,56,57,57,57,57,57,59,85,76,66,66,57,57,53,53,64,64,64,67,63,63,49,49,37],"gold":381,"neow_bonus":"TRANSFORM_CARD","is_daily":false,"chose_seed":false,"campfire_upgraded":9,"win_rate":0.0,"timestamp":1614261883,"path_taken":["M","M","M","?","M","R","E","R","T","M","$","E","?","M","R","BOSS","M","$","M","?","M","E","R","M","T","?","E","R","M","?","R","BOSS","M","M","?","M","?","E","R","E","T","R","?","M","?","E","R","BOSS"],"items_purchased_type":["Relic","Card","Card"],"build_version":"2020-12-22","purchased_purges":1,"victory":true,"max_hp_per_floor":[80,80,80,80,80,80,80,80,80,80,80,80,80,80,80,80,80,82,82,84,84,86,88,88,88,88,88,90,90,92,92,92,94,94,96,96,96,96,96,98,98,100,100,100,100,100,100,100,100,100],"relic_stats":{"Singing Bowl":20,"counters":[27,89],"Juzu Bracelet":3,"Orichalcum":[36],"Burning Blood":162,"WarpedTongs":[77],"Sozu":7,"OrangePellets":[18],"Centennial Puzzle":[34],"Lizard Tail":0,"Sundial":[0],"obtain_stats":[{"Potion Belt":42,"Ice Cream":48,"Singing Bowl":9,"Oddly Smooth Stone":28,"Juzu Bracelet":21,"Orichalcum":23,"Burning Blood":0,"WarpedTongs":4,"Sozu":17,"OrangePellets":11,"Centennial Puzzle":26,"Lizard Tail":45,"Sundial":40,"InkBottle":12,"Meat on the Bone":7,"Runic Pyramid":34},{"Potion Belt":23,"Ice Cream":26,"Singing Bowl":5,"Oddly Smooth Stone":16,"Juzu Bracelet":12,"Orichalcum":14,"Burning Blood":0,"WarpedTongs":3,"Sozu":10,"OrangePellets":6,"Centennial Puzzle":15,"Lizard Tail":24,"Sundial":22,"InkBottle":7,"Meat on the Bone":5,"Runic Pyramid":18},{"Potion Belt":74,"Ice Cream":86,"Singing Bowl":22,"Oddly Smooth Stone":56,"Juzu Bracelet":44,"Orichalcum":51,"Burning Blood":0,"WarpedTongs":10,"Sozu":39,"OrangePellets":24,"Centennial Puzzle":53,"Lizard Tail":78,"Sundial":71,"InkBottle":28,"Meat on the Bone":22,"Runic Pyramid":61}],"InkBottle":[14],"Meat on the Bone":156},"card_choices":[{"not_picked":["Armaments","Second Wind"],"picked":"Hemokinesis","floor":1.0},{"not_picked":["Entrench","Pummel"],"picked":"Battle Trance","floor":2.0},{"not_picked":["True Grit","Fire Breathing"],"picked":"Intimidate","floor":3.0},{"not_picked":["Havoc","Headbutt","Body Slam"],"picked":"SKIP","floor":5.0},{"not_picked":["Clash","Infernal Blade"],"picked":"Battle Trance","floor":7.0},{"not_picked":["Armaments","Perfected Strike"],"picked":"True Grit","floor":10.0},{"not_picked":["Thunderclap","Flex"],"picked":"Whirlwind","floor":12.0},{"not_picked":["Body Slam","Iron Wave"],"picked":"Offering","floor":13.0},{"not_picked":["Flex","Anger"],"picked":"Rage","floor":14.0},{"not_picked":["Immolate","Bludgeon"],"picked":"Fiend Fire","floor":16.0},{"not_picked":["Clash","Power Through","Flame Barrier"],"picked":"Singing Bowl","floor":18.0},{"not_picked":["Havoc","Clash","Perfected Strike+1"],"picked":"Singing Bowl","floor":20.0},{"not_picked":["Anger","Clash","Infernal Blade"],"picked":"Singing Bowl","floor":22.0},{"not_picked":["Entrench","Ghostly Armor","Bludgeon"],"picked":"Singing Bowl","floor":23.0},{"not_picked":["Headbutt","Flex"],"picked":"Rupture+1","floor":25.0},{"not_picked":["Juggernaut","Armaments","Flame Barrier"],"picked":"Singing Bowl","floor":28.0},{"not_picked":["Headbutt","Twin Strike","Iron Wave"],"picked":"Singing Bowl","floor":30.0},{"not_picked":["Bludgeon","Immolate","Offering"],"picked":"Singing Bowl","floor":33.0},{"not_picked":["Battle Trance","Sword Boomerang","Perfected Strike"],"picked":"Singing Bowl","floor":35.0},{"not_picked":["Flame Barrier","Shrug It Off"],"picked":"Clothesline","floor":36.0},{"not_picked":["Spot Weakness","Pommel Strike"],"picked":"Iron Wave+1","floor":38.0},{"not_picked":["Body Slam","Shrug It Off","Pommel Strike"],"picked":"Singing Bowl","floor":40.0},{"not_picked":["Pommel Strike","Uppercut","Rampage"],"picked":"Singing Bowl","floor":42.0},{"not_picked":["Body Slam","Fire Breathing+1"],"picked":"Iron Wave+1","floor":45.0},{"not_picked":["Shrug It Off","Power Through+1"],"picked":"Fiend Fire","floor":46.0},{"not_picked":["Pommel Strike","Whirlwind"],"picked":"Dual Wield+1","floor":48.0}],"player_experience":548411,"relics_obtained":[{"floor":7.0,"key":"Meat on the Bone"},{"floor":9.0,"key":"Singing Bowl"},{"floor":12.0,"key":"InkBottle"},{"floor":23.0,"key":"Orichalcum"},{"floor":26.0,"key":"Centennial Puzzle"},{"floor":28.0,"key":"Oddly Smooth Stone"},{"floor":40.0,"key":"Sundial"},{"floor":42.0,"key":"Potion Belt"},{"floor":45.0,"key":"Lizard Tail"},{"floor":48.0,"key":"Ice Cream"}],"event_choices":[{"damage_healed":0.0,"max_hp_gain":0.0,"max_hp_loss":0.0,"gold_gain":0.0,"event_name":"Accursed Blacksmith","player_choice":"Rummage","floor":4.0,"gold_loss":0.0,"damage_taken":0.0,"relics_obtained":["WarpedTongs"],"cards_obtained":["Pain"]},{"damage_healed":0.0,"max_hp_gain":0.0,"max_hp_loss":0.0,"gold_gain":0.0,"event_name":"WeMeetAgain","player_choice":"Paid Gold","floor":21.0,"gold_loss":50.0,"damage_taken":0.0,"relics_obtained":["Juzu Bracelet"]},{"damage_healed":0.0,"max_hp_gain":0.0,"max_hp_loss":0.0,"gold_gain":0.0,"event_name":"Ghosts","player_choice":"Ignored","floor":27.0,"gold_loss":0.0,"damage_taken":0.0},{"damage_healed":0.0,"max_hp_gain":0.0,"max_hp_loss":0.0,"gold_gain":0.0,"event_name":"Drug Dealer","player_choice":"Obtain J.A.X.","floor":31.0,"gold_loss":0.0,"damage_taken":0.0,"cards_obtained":["J.A.X."]},{"damage_healed":0.0,"max_hp_gain":0.0,"max_hp_loss":0.0,"gold_gain":0.0,"event_name":"The Woman in Blue","player_choice":"Bought 0 Potions","floor":37.0,"gold_loss":0.0,"damage_taken":0.0},{"damage_healed":0.0,"max_hp_gain":0.0,"max_hp_loss":0.0,"gold_gain":0.0,"cards_transformed":["Strike_R"],"event_name":"Transmorgrifier","player_choice":"Transformed","floor":39.0,"gold_loss":0.0,"damage_taken":0.0,"cards_obtained":["Juggernaut"]},{"damage_healed":0.0,"max_hp_gain":0.0,"max_hp_loss":0.0,"gold_gain":0.0,"event_name":"MindBloom","player_choice":"Fight","floor":45.0,"gold_loss":0.0,"damage_taken":0.0},{"damage_healed":0.0,"max_hp_gain":0.0,"max_hp_loss":0.0,"gold_gain":0.0,"event_name":"Tomb of Lord Red Mask","player_choice":"Ignored","floor":47.0,"gold_loss":0.0,"damage_taken":0.0}],"is_beta":false,"boss_relics":[{"not_picked":["Empty Cage","Black Blood"],"picked":"Sozu"},{"not_picked":["Astrolabe","Tiny House"],"picked":"Runic Pyramid"}],"items_purged_floors":[19],"is_endless":false,"potions_floor_spawned":[1,2,3,7,14,16,18,20,23,25,30,35,36,38],"ascension_level":13}}