{"host":"Oniwa","time":1614255794,"event":{"mods":["BaseMod","Bestiary","Colored Map","Colored Powertips","Minty Spire (QoL Compilation)","Relic Stats","Slay the Relics Exporter","SpireBot","StSLib","ojb\u0027s Better Paths Mod","ojb\u0027s Info Mod: The sequel"],"gold_per_floor":[112,123,123,173,198,198,223,262,262,262,306,330,330,330,330,429,429,453,37,60,74,99,99,130,130,130,149,149,183,262,296,296,394,394,419,487,503,16,29,29,67,87,87,131,162,162,201,217,217,217,217,217,217,23,66,66],"floor_reached":57,"language":"JPN","playtime":5659,"items_purged":["Thunder Strike"],"score":3295,"play_id":"90f2946e-be49-4fff-98bd-439c5fea20ba","local_time":"20210225212314","is_ascension_mode":true,"campfire_choices":[{"data":"Sunder","floor":6,"key":"SMITH"},{"data":"Consume","floor":10,"key":"SMITH"},{"data":"Doom and Gloom","floor":15,"key":"SMITH"},{"data":"Defragment","floor":23,"key":"SMITH"},{"data":"Biased Cognition","floor":25,"key":"SMITH"},{"data":"Chill","floor":28,"key":"SMITH"},{"floor":32,"key":"DIG"},{"data":"Aggregate","floor":40,"key":"SMITH"},{"floor":49,"key":"RECALL"},{"data":"Melter","floor":53,"key":"PURGE"}],"circlet_count":0,"master_deck":["AscendersBane","Zap","Dualcast","Sunder+1","Ball Lightning+1","Cold Snap+1","Consume+1","Self Repair","Glacier","Doom and Gloom+1","Biased Cognition+1","Rainbow","BootSequence","Go for the Eyes","Defragment+1","Turbo","Coolheaded","Chill+1","Multi-Cast","Go for the Eyes+1","Double Energy","Echo Form","Aggregate+1","Recycle","Coolheaded","Tempest","Skim","Core Surge+1","Coolheaded","Steam Power"],"relics":["Runic Pyramid","Golden Idol","Pantograph","Mummified Hand","Mercury Hourglass","Potion Belt","Pandora\u0027s Box","Ice Cream","Shovel","Lizard Tail","Eternal Feather","Cables","Bird Faced Urn","Black Star","Turnip","CaptainsWheel","Whetstone","Bottled Lightning","Molten Egg 2","Calipers","Gambling Chip","Peace Pipe","Strawberry","FossilizedHelix","Orichalcum"],"acts_visited":["Exordium","TheCity","TheBeyond","TheEnding"],"potions_floor_usage":[11,24,31,36,36,55,56,56],"damage_taken":[{"damage":1,"enemies":"Small Slimes","floor":1,"turns":4},{"damage":7,"enemies":"Jaw Worm","floor":2,"turns":3},{"damage":0,"enemies":"Cultist","floor":5,"turns":3},{"damage":0,"enemies":"2 Fungi Beasts","floor":7,"turns":2},{"damage":5,"enemies":"3 Sentries","floor":8,"turns":7},{"damage":25,"enemies":"Gremlin Nob","floor":11,"turns":4},{"damage":1,"enemies":"3 Louse","floor":12,"turns":2},{"damage":34,"enemies":"Slime Boss","floor":16,"turns":13},{"damage":0,"enemies":"Chosen","floor":18,"turns":4},{"damage":0,"enemies":"Spheric Guardian","floor":20,"turns":2},{"damage":0,"enemies":"3 Cultists","floor":21,"turns":4},{"damage":0,"enemies":"Cultist and Chosen","floor":22,"turns":4},{"damage":1,"enemies":"Book of Stabbing","floor":24,"turns":4},{"damage":5,"enemies":"Snake Plant","floor":27,"turns":3},{"damage":6,"enemies":"Gremlin Leader","floor":29,"turns":5},{"damage":7,"enemies":"Book of Stabbing","floor":31,"turns":4},{"damage":0,"enemies":"Automaton","floor":33,"turns":6},{"damage":0,"enemies":"Orb Walker","floor":35,"turns":3},{"damage":52,"enemies":"2 Orb Walkers","floor":36,"turns":6},{"damage":0,"enemies":"3 Shapes","floor":37,"turns":4},{"damage":19,"enemies":"Jaw Worm Horde","floor":39,"turns":6},{"damage":7,"enemies":"Nemesis","floor":41,"turns":5},{"damage":8,"enemies":"Spire Growth","floor":42,"turns":4},{"damage":0,"enemies":"Giant Head","floor":44,"turns":4},{"damage":0,"enemies":"Mind Bloom Boss Battle","floor":45,"turns":6},{"damage":0,"enemies":"Nemesis","floor":47,"turns":3},{"damage":0,"enemies":"Writhing Mass","floor":48,"turns":4},{"damage":0,"enemies":"Awakened One","floor":50,"turns":18},{"damage":0,"enemies":"Time Eater","floor":51,"turns":4},{"damage":28,"enemies":"Shield and Spear","floor":55,"turns":3},{"damage":17,"enemies":"The Heart","floor":56,"turns":11}],"seed_played":"-7968761085003595593","potions_obtained":[{"floor":1,"key":"Weak Potion"},{"floor":2,"key":"LiquidBronze"},{"floor":12,"key":"FocusPotion"},{"floor":18,"key":"Regen Potion"},{"floor":24,"key":"DuplicationPotion"},{"floor":29,"key":"Regen Potion"},{"floor":31,"key":"LiquidBronze"},{"floor":37,"key":"Explosive Potion"},{"floor":41,"key":"FocusPotion"},{"floor":47,"key":"Swift Potion"}],"is_trial":false,"path_per_floor":["M","M","?","?","M","R","M","E","T","R","E","M","?","?","R","B",null,"M","$","M","M","M","R","E","R","T","M","R","E","T","E","R","B",null,"M","?","M","$","M","R","E","M","T","E","?","?","E","M","R","B","B",null,"R","$","E","B",null],"character_chosen":"DEFECT","items_purchased":["Ice Cream","CaptainsWheel","Recycle","LiquidMemories","Core Surge+1","Coolheaded"],"campfire_rested":0,"item_purchase_floors":[19,38,38,38,54,54],"current_hp_per_floor":[63,56,56,56,56,56,56,51,51,51,33,39,28,28,28,26,55,62,62,62,62,64,64,64,64,64,64,64,64,64,64,64,64,64,64,64,64,64,62,64,64,64,64,64,64,64,71,71,71,71,71,71,71,71,44,69],"gold":66,"neow_bonus":"BOSS_RELIC","is_daily":false,"chose_seed":false,"campfire_upgraded":7,"win_rate":0.0,"timestamp":1614255794,"path_taken":["M","M","?","?","?","R","M","E","T","R","E","M","?","?","R","BOSS","M","$","M","?","M","R","E","R","T","M","R","E","?","E","R","BOSS","M","?","M","$","M","R","E","M","T","E","?","?","E","M","R","BOSS","BOSS","R","$","E","BOSS"],"items_purchased_type":["Relic","Relic","Card","Potion","Card","Card"],"build_version":"2020-12-18","purchased_purges":1,"victory":true,"max_hp_per_floor":[71,71,64,64,64,64,64,64,64,64,64,64,64,64,64,64,64,64,64,64,64,64,64,64,64,64,64,64,64,64,64,64,64,64,64,64,64,64,64,64,64,64,64,64,64,64,71,71,71,71,71,71,71,71,71,71],"relic_stats":{"counters":[31,155],"Golden Idol":243,"Eternal Feather":2,"Whetstone":["Cold Snap","Ball Lightning"],"Orichalcum":[6],"Mercury Hourglass":[503],"Cables":[69,13,35,21,0],"Peace Pipe":1,"Lizard Tail":0,"Shovel":1,"Mummified Hand":[97],"Pantograph":50,"Bird Faced Urn":[38],"Gambling Chip":[3],"Pandora\u0027s Box":["Thunder Strike","Rainbow","Melter","Storm","BootSequence","Go for the Eyes","Defragment"],"Turnip":[2],"Black Star":4,"obtain_stats":[{"Ice Cream":19,"Calipers":44,"Whetstone":41,"Lizard Tail":26,"Shovel":24,"Mummified Hand":9,"Pantograph":8,"Gambling Chip":45,"Strawberry":47,"Cracked Core":0,"Runic Pyramid":0,"Potion Belt":13,"Golden Idol":3,"Eternal Feather":30,"Orichalcum":55,"Mercury Hourglass":11,"Cables":31,"Peace Pipe":47,"CaptainsWheel":38,"Bird Faced Urn":32,"Pandora\u0027s Box":17,"Molten Egg 2":44,"Turnip":36,"Black Star":34,"Bottled Lightning":41,"FossilizedHelix":55},{"Ice Cream":9,"Calipers":24,"Whetstone":22,"Lizard Tail":13,"Shovel":13,"Mummified Hand":5,"Pantograph":5,"Gambling Chip":25,"Strawberry":26,"Cracked Core":0,"Runic Pyramid":0,"Potion Belt":7,"Golden Idol":2,"Eternal Feather":15,"Orichalcum":30,"Mercury Hourglass":6,"Cables":16,"Peace Pipe":26,"CaptainsWheel":20,"Bird Faced Urn":16,"Pandora\u0027s Box":8,"Molten Egg 2":24,"Turnip":19,"Black Star":17,"Bottled Lightning":22,"FossilizedHelix":30},{"Ice Cream":42,"Calipers":106,"Whetstone":98,"Lizard Tail":56,"Shovel":56,"Mummified Hand":19,"Pantograph":19,"Gambling Chip":112,"Strawberry":115,"Cracked Core":0,"Runic Pyramid":0,"Potion Belt":25,"Golden Idol":7,"Eternal Feather":64,"Orichalcum":144,"Mercury Hourglass":23,"Cables":68,"Peace Pipe":115,"CaptainsWheel":87,"Bird Faced Urn":68,"Pandora\u0027s Box":38,"Molten Egg 2":106,"Turnip":83,"Black Star":74,"Bottled Lightning":98,"FossilizedHelix":144}]},"card_choices":[{"not_picked":["Reinforced Body","White Noise"],"picked":"Sunder","floor":1},{"not_picked":["Hologram","White Noise"],"picked":"Ball Lightning","floor":2},{"not_picked":["Chill","Lockon"],"picked":"Cold Snap","floor":5},{"not_picked":["Streamline","Barrage"],"picked":"Consume","floor":7},{"not_picked":["Gash","Darkness"],"picked":"Self Repair","floor":8},{"not_picked":["Leap","Multi-Cast"],"picked":"Glacier","floor":11},{"not_picked":["Coolheaded","Redo"],"picked":"Doom and Gloom","floor":12},{"not_picked":["Meteor Strike","Creative AI"],"picked":"Biased Cognition","floor":16},{"not_picked":["Stack","Lockon","Streamline"],"picked":"SKIP","floor":18},{"not_picked":["Rebound","Go for the Eyes","Hello World+1"],"picked":"SKIP","floor":20},{"not_picked":["Rebound","Go for the Eyes","Hello World+1"],"picked":"SKIP","floor":20},{"not_picked":["Rebound","Go for the Eyes","Hello World+1"],"picked":"SKIP","floor":20},{"not_picked":["Conserve Battery","Darkness"],"picked":"Turbo","floor":21},{"not_picked":["Streamline","Reprogram"],"picked":"Coolheaded","floor":22},{"not_picked":["Turbo","Cold Snap+1"],"picked":"Chill","floor":24},{"not_picked":["Tempest+1","BootSequence"],"picked":"Multi-Cast","floor":27},{"not_picked":["Rebound","Sweeping Beam+1"],"picked":"Go for the Eyes+1","floor":29},{"not_picked":["Darkness","Hologram+1"],"picked":"Double Energy","floor":31},{"not_picked":["Creative AI","Fission"],"picked":"Echo Form","floor":33},{"not_picked":["Redo","Leap","Sunder"],"picked":"SKIP","floor":35},{"not_picked":["Beam Cell","Consume"],"picked":"Aggregate","floor":37},{"not_picked":["Undo","Sweeping Beam"],"picked":"Coolheaded","floor":39},{"not_picked":["Go for the Eyes","Aggregate","Storm"],"picked":"SKIP","floor":41},{"not_picked":["Go for the Eyes","Ball Lightning+1","Aggregate"],"picked":"SKIP","floor":42},{"not_picked":["Redo","Aggregate","Go for the Eyes+1"],"picked":"SKIP","floor":44},{"not_picked":["Redo","Aggregate","Go for the Eyes+1"],"picked":"SKIP","floor":44},{"not_picked":["Steam+1","BootSequence+1","Barrage+1"],"picked":"SKIP","floor":47},{"not_picked":["Steam+1","BootSequence+1","Barrage+1"],"picked":"SKIP","floor":47},{"not_picked":["Defragment","FTL+1"],"picked":"Skim","floor":48},{"not_picked":["Redo+1","Sweeping Beam+1"],"picked":"Steam Power","floor":55}],"player_experience":2772009,"relics_obtained":[{"floor":8,"key":"Pantograph"},{"floor":9,"key":"Mummified Hand"},{"floor":11,"key":"Mercury Hourglass"},{"floor":24,"key":"Shovel"},{"floor":26,"key":"Lizard Tail"},{"floor":30,"key":"Eternal Feather"},{"floor":31,"key":"Cables"},{"floor":32,"key":"Bird Faced Urn"},{"floor":36,"key":"Turnip"},{"floor":41,"key":"Whetstone"},{"floor":41,"key":"Bottled Lightning"},{"floor":44,"key":"Molten Egg 2"},{"floor":44,"key":"Calipers"},{"floor":45,"key":"Gambling Chip"},{"floor":47,"key":"Peace Pipe"},{"floor":47,"key":"Strawberry"},{"floor":55,"key":"FossilizedHelix"},{"floor":55,"key":"Orichalcum"}],"event_choices":[{"damage_healed":0,"gold_gain":0,"player_choice":"Lose Max HP","damage_taken":0,"relics_obtained":["Golden Idol"],"max_hp_gain":0,"max_hp_loss":7,"event_name":"Golden Idol","floor":3,"gold_loss":0},{"damage_healed":0,"gold_gain":50,"player_choice":"Pray","damage_taken":0,"max_hp_gain":0,"max_hp_loss":0,"event_name":"Golden Shrine","floor":4,"gold_loss":0},{"damage_healed":0,"gold_gain":0,"player_choice":"Success","damage_taken":11,"relics_obtained":["Potion Belt"],"max_hp_gain":0,"max_hp_loss":0,"event_name":"Scrap Ooze","floor":13,"gold_loss":0},{"cards_removed":["Strike_B"],"damage_healed":0,"gold_gain":0,"player_choice":"Offered Basic","damage_taken":0,"max_hp_gain":0,"max_hp_loss":0,"event_name":"Bonfire Elementals","floor":14,"gold_loss":0},{"damage_healed":0,"gold_gain":0,"player_choice":"Fight","damage_taken":0,"max_hp_gain":0,"max_hp_loss":0,"event_name":"Mysterious Sphere","floor":36,"gold_loss":0},{"damage_healed":0,"gold_gain":0,"player_choice":"Fight","damage_taken":0,"max_hp_gain":0,"max_hp_loss":0,"event_name":"MindBloom","floor":45,"gold_loss":0},{"damage_healed":0,"gold_gain":0,"cards_transformed":["Storm"],"player_choice":"Transformed","damage_taken":0,"max_hp_gain":0,"max_hp_loss":0,"event_name":"Transmorgrifier","floor":46,"gold_loss":0,"cards_obtained":["Tempest"]}],"is_beta":true,"boss_relics":[{"not_picked":["Snecko Eye","Ectoplasm"],"picked":"Pandora\u0027s Box"},{"not_picked":["Astrolabe","Sozu"],"picked":"Black Star"}],"items_purged_floors":[19],"is_endless":false,"potions_floor_spawned":[1,2,12,18,24,29,31,33,35,37,41,47,48],"ascension_level":20}}