{"host":"pletss163z7s8pvv","time":1614226893,"event":{"mods":["AchievementEnabler","Act Like it!","AlwaysNeverKeys","BaseMod","Better Altar","Better Match","Better Note","Better Sensory Stone","Better Skull","Better Third Choice","BetterRewards","Bossed Relics","CapriCore","ChefMod","Colored Map","Colored Powertips","Conspire","Dio Mod","Displayed Cursed Tome","Energized Spire","Evolution","Gensokyo","GifTheSpireLib","Hallownest","Hermit","Ironclad Rager","Jedi Mod","Marisa????????","Marked Mod","Minty Spire (QoL Compilation)","Reliquary","Replay The Spire","Retaliation","Ruina","Spicy Shops","StS++","StSLib","The Administrix","The Alterego","The Animator","The Blue Laboratory","The Bug Knight","The Construct","The Cursed","The Disciple","The Forsaken","The Hierophant","The Necromancer","The Saiyan","The Vixen","The Wild Card","TheVacant","Transform Curses"],"gold_per_floor":[112,126,51,69,87,122,133,149,149,149,475,489,514,22,22,122,122,142,142,157,7,33,33,57,57,57,57,20,47,17,37,37,142,142,161,190,93,93,31,51,75,96,96,96,38,67,67,159,159,159,159,159,6,59,59],"floor_reached":56,"language":"ENG","playtime":2107,"items_purged":["jedi:BattleThirst"],"score":1288,"play_id":"91cc5260-18bf-4fb9-a035-e6d550716450","local_time":"20210224222133","is_ascension_mode":false,"campfire_choices":[{"floor":10,"key":"REST"},{"floor":15,"key":"REST"},{"floor":23,"key":"RECALL"},{"floor":27,"key":"REST"},{"floor":32,"key":"REST"},{"floor":44,"key":"REST"},{"floor":47,"key":"REST"},{"floor":49,"key":"REST"},{"data":"dioMod:DarkRebirth","floor":52,"key":"SMITH"}],"circlet_count":0,"master_deck":["dioMod:VengefulMuda","dioMod:VengefulMuda","dioMod:VengefulMuda","dioMod:VengefulMuda","Bite","dioMod:Roundabout","dioMod:Roundabout","dioMod:Roundabout","dioMod:Roundabout","dioMod:DominatingPresence","dioMod:DaggerToss","Panacea+1","dioMod:BloodSplash+1","dioMod:DominatingPresence","dioMod:LaserVision","dioMod:Donut","dioMod:TripleThreat","dioMod:BloodSplash","dioMod:LaserVision","dioMod:DarkRebirth+1","Pot Of Greed","Pot Of Greed","dioMod:Hiss","dioMod:PhantomBlood","dioMod:ComposedMuda","Pot Of Greed","dioMod:DoubleTime","dioMod:Donut+1","dioMod:DaggerToss","dioMod:ComposedMuda","dioMod:DaggerToss+1","dioMod:VengefulMuda","dioMod:StreetSign","dioMod:TheWalk","dioMod:BloodSuck+1","dioMod:Freeze+1","dioMod:ComboFever","dioMod:Hiss","Pot Of Greed","dioMod:HeavyLifting+1","dioMod:LaserVision+1","dioMod:BloodShield","dioMod:DisarmingVoice","dioMod:SadisticLaugh+1","dioMod:Hiss+1","dioMod:Pluck","dioMod:FlyAway+1","dioMod:CautiousMuda","dioMod:StreetSign+1","dioMod:Pluck+1","Pot Of Greed"],"relics":["dioMod:JoestarBlood","EVO:Axolotl","Toy Ornithopter","Replay:Rubber Ducky","Old Coin","Grinning Jar","theForsaken:Lifeblossom","ClockworkSouvenir","Replay:WaspNest","jedi:firstaidkit","CeramicFish","Mirror","jedi:archwizardhat","Orrery","Vajra","jedi:matchstick","Regal Pillow","reliquary:FingerTrap","StSpp:Monolith"],"acts_visited":["Exordium","Hallownest:Greenpath","Hallownest:CityofTears","TheEnding"],"potions_floor_usage":[16,16,29,33,55],"damage_taken":[{"damage":14,"enemies":"2_ Uuma","floor":1,"turns":6},{"damage":20,"enemies":"Hallownest:monsterHuskGuard","floor":2,"turns":5},{"damage":4,"enemies":"Hallownest:monsterHuskWarrior","floor":4,"turns":5},{"damage":16,"enemies":"Hallownest:MossCreep_and_Mosskin","floor":5,"turns":6},{"damage":25,"enemies":"Hallownest:eliteMossKnight","floor":6,"turns":9},{"damage":27,"enemies":"Hallownest:1_Ooma_and_2_Uuma","floor":7,"turns":4},{"damage":11,"enemies":"Hallownest:monsterFoolEater","floor":8,"turns":2},{"damage":23,"enemies":"Hallownest:eliteCrystalGuardian","floor":11,"turns":6},{"damage":18,"enemies":"Hallownest:Wandering_and_Horned","floor":12,"turns":5},{"damage":24,"enemies":"Hallownest:BossBrokenVessel","floor":16,"turns":5},{"damage":12,"enemies":"Hallownest:3_Youths","floor":18,"turns":5},{"damage":24,"enemies":"Hallownest:Guard_and_Sentry","floor":20,"turns":5},{"damage":10,"enemies":"Hallownest:monsterShrumalOgre","floor":22,"turns":3},{"damage":37,"enemies":"Hallownest:2_Flukemon","floor":24,"turns":3},{"damage":14,"enemies":"Hallownest:Master_and_Novice","floor":29,"turns":2},{"damage":12,"enemies":"Hallownest:monsterShrumalOgre","floor":31,"turns":2},{"damage":93,"enemies":"Hallownest:BossMantisLord","floor":33,"turns":7},{"damage":8,"enemies":"Gensokyo:3_Bats","floor":35,"turns":2},{"damage":15,"enemies":"Gensokyo:3_Boulders","floor":36,"turns":4},{"damage":13,"enemies":"Gensokyo:AtlasGolem","floor":40,"turns":4},{"damage":36,"enemies":"Gensokyo:Rafflesia","floor":41,"turns":6},{"damage":15,"enemies":"Gensokyo:Dusk_and_Dawn","floor":42,"turns":4},{"damage":30,"enemies":"Gensokyo:AtlasGolem","floor":46,"turns":4},{"damage":24,"enemies":"Gensokyo:Scarlet_Devils","floor":50,"turns":8},{"damage":89,"enemies":"Shield and Spear","floor":54,"turns":5},{"damage":72,"enemies":"The Heart","floor":55,"turns":8}],"seed_played":"-536100506284361622","potions_obtained":[{"floor":1,"key":"blueLaboratory:CorrosionFlask"},{"floor":4,"key":"CultistPotion"},{"floor":8,"key":"blueLaboratory:BottleOfRum"},{"floor":18,"key":"DistilledChaos"},{"floor":22,"key":"blueLaboratory:FruitPunch"},{"floor":33,"key":"blueLaboratory:PolymorphPotion"},{"floor":35,"key":"construct:ShiftPotion"},{"floor":46,"key":"blueLaboratory:RememoryPotion"},{"floor":54,"key":"Strength Potion"}],"is_trial":false,"path_per_floor":["M","M","?","M","M","E","M","M","T","R","E","M","T","$","R","B",null,"M","?","M","$","M","R","M","T","T","R","$","M","$","M","R","B",null,"M","M","$","?","COS","M","M","M","T","R","$","M","R","?","R","B",null,"R","$","E","B",null],"character_chosen":"THE_DEFAULT","items_purchased":["theForsaken:Lifeblossom","ClockworkSouvenir","Replay:WaspNest","dioMod:Hiss","CeramicFish","dioMod:ComposedMuda","dioMod:VengefulMuda","Orrery","dioMod:Pluck","reliquary:FingerTrap"],"campfire_rested":7,"item_purchase_floors":[14,14,14,14,21,28,30,37,45,53],"current_hp_per_floor":[71,60,60,63,57,44,28,20,20,42,26,16,16,16,38,44,75,66,66,62,62,61,61,40,40,40,62,62,60,60,53,76,62,77,70,69,69,54,54,66,56,51,51,74,74,49,72,42,77,64,77,77,77,40,55],"gold":59,"neow_bonus":"RANDOM_EVENT","is_daily":false,"chose_seed":false,"campfire_upgraded":1,"win_rate":0.0,"timestamp":1614226893,"path_taken":["M","M","?","?","?","E","M","?","T","R","E","M","?","$","R","BOSS","M","?","M","$","?","R","M","?","T","R","?","M","$","M","R","BOSS","M","M","$","?","COS","M","M","?","T","R","$","M","R","?","R","BOSS","R","$","E","BOSS"],"items_purchased_type":["Relic","Relic","Relic","Card","Relic","Card","Card","Relic","Card","Relic"],"build_version":"2020-12-22","purchased_purges":1,"victory":true,"max_hp_per_floor":[75,75,75,75,75,75,75,75,75,75,75,75,75,75,75,75,75,75,75,75,75,75,75,75,75,75,75,75,77,77,77,77,77,77,77,77,77,77,77,77,77,77,77,77,77,77,77,77,77,77,77,77,77,77,77],"card_choices":[{"not_picked":["dioMod:Minions","dioMod:SlashThroughTime"],"picked":"dioMod:DominatingPresence","floor":1},{"not_picked":["dioMod:BlendIn","dioMod:CautiousMuda"],"picked":"dioMod:DaggerToss","floor":2},{"not_picked":["Impatience+1","StSpp:Unbreakable"],"picked":"Panacea+1","floor":3},{"not_picked":["dioMod:StreetSign+1","dioMod:FlyAway+1"],"picked":"dioMod:BloodSplash+1","floor":3},{"not_picked":["dioMod:DisarmingVoice","dioMod:Minions"],"picked":"dioMod:DominatingPresence","floor":4},{"not_picked":["dioMod:BloodSplash","dioMod:CoffinBath"],"picked":"dioMod:LaserVision","floor":5},{"not_picked":["dioMod:BloodTransfusion","dioMod:Pluck"],"picked":"dioMod:Donut","floor":6},{"not_picked":["dioMod:Roundabout","dioMod:FlyAway"],"picked":"dioMod:TripleThreat","floor":7},{"not_picked":["dioMod:BlendIn","dioMod:DaggerSpree"],"picked":"dioMod:BloodSplash","floor":8},{"not_picked":["dioMod:CutDeep","dioMod:UltimateSacrifice"],"picked":"dioMod:LaserVision","floor":11},{"not_picked":["dioMod:BlendIn","dioMod:Roundabout"],"picked":"dioMod:DarkRebirth","floor":12},{"not_picked":["dioMod:GoldVial","dioMod:PathToHeaven"],"picked":"dioMod:PhantomBlood","floor":16},{"not_picked":["dioMod:BlendIn+1","dioMod:BloodSplash+1"],"picked":"dioMod:ComposedMuda","floor":18},{"not_picked":["dioMod:GoodbyeJojo","dioMod:Roundabout"],"picked":"dioMod:DoubleTime","floor":20},{"not_picked":["dioMod:CoffinBath+1","dioMod:Hiss"],"picked":"dioMod:Donut+1","floor":22},{"not_picked":["dioMod:Diversion","dioMod:Muda"],"picked":"dioMod:DaggerToss","floor":24},{"not_picked":["dioMod:CutDeep","dioMod:Muda"],"picked":"dioMod:DaggerToss+1","floor":29},{"not_picked":["dioMod:FlyAway","dioMod:Muda"],"picked":"dioMod:StreetSign","floor":31},{"not_picked":["dioMod:KonoDioDa","dioMod:PathToHeaven"],"picked":"dioMod:TheWalk","floor":33},{"not_picked":["dioMod:Muda","dioMod:FlyAway"],"picked":"dioMod:BloodSuck+1","floor":35},{"not_picked":["dioMod:FlyAway","dioMod:Diversion"],"picked":"dioMod:Freeze+1","floor":36},{"not_picked":["dioMod:BloodSuck","dioMod:Pluck"],"picked":"dioMod:ComboFever","floor":37},{"not_picked":["dioMod:Diversion","dioMod:BloodSuck"],"picked":"dioMod:Hiss","floor":37},{"not_picked":["dioMod:RoadRoller","dioMod:Roundabout+1"],"picked":"dioMod:HeavyLifting+1","floor":37},{"not_picked":["dioMod:Diversion","dioMod:Minions"],"picked":"dioMod:LaserVision+1","floor":37},{"not_picked":["dioMod:ComboFever","dioMod:SlashThroughTime+1"],"picked":"dioMod:BloodShield","floor":37},{"not_picked":["dioMod:BlendIn","dioMod:VengefulMuda+1"],"picked":"dioMod:DisarmingVoice","floor":40},{"not_picked":["dioMod:Muda+1","dioMod:Despair"],"picked":"dioMod:SadisticLaugh+1","floor":41},{"not_picked":["dioMod:StreetSign","dioMod:BloodSplash+1"],"picked":"dioMod:Hiss+1","floor":42},{"not_picked":["dioMod:CautiousMuda","dioMod:CutDeep"],"picked":"dioMod:FlyAway+1","floor":46},{"not_picked":["dioMod:DaggerToss","dioMod:Hiss"],"picked":"dioMod:CautiousMuda","floor":48},{"not_picked":["dioMod:FlyAway+1","dioMod:Refresh"],"picked":"dioMod:StreetSign+1","floor":48},{"not_picked":["dioMod:CoffinBath+1","dioMod:SecretPlan"],"picked":"dioMod:Pluck+1","floor":54}],"player_experience":558455,"relics_obtained":[{"floor":6,"key":"Replay:Rubber Ducky"},{"floor":11,"key":"Old Coin"},{"floor":13,"key":"Grinning Jar"},{"floor":25,"key":"Mirror"},{"floor":26,"key":"jedi:archwizardhat"},{"floor":43,"key":"jedi:matchstick"},{"floor":48,"key":"Regal Pillow"},{"floor":54,"key":"StSpp:Monolith"}],"event_choices":[{"damage_healed":0,"gold_gain":0,"player_choice":"2","damage_taken":0,"max_hp_gain":0,"max_hp_loss":0,"event_name":"betterMatch:BetterMatch","floor":3,"gold_loss":0,"cards_obtained":["betterMatch:ColorlessUncommonCard","betterMatch:CommonCard"]}],"is_beta":false,"boss_relics":[{"not_picked":["StSpp:Magatama","energizedSpire:RedRose"],"picked":"dioMod:JoestarBlood"},{"not_picked":["Painkiller Herb","Replay:Drink Me","energizedSpire:HugeHouse"]}],"items_purged_floors":[21],"is_endless":false,"potions_floor_spawned":[1,4,8,12,18,22,24,33,35,46,54],"ascension_level":0}}