{"host":"xhi24lkuliptqrs1","time":1614254145,"event":{"mods":["BaseMod","Friendly Minions","HololiveMod","KinomotoSakuraMod(ƒæ÷Æ±æ”£)","Marisa£®ÏF”Í°°ƒß¿Ì…≥£©","Minty Spire (QoL Compilation)","Reimu£®≤©¿ˆ¡È√Œ£©","Remilia£®¿Ÿ√◊¿Ú—«£©","Replay The Spire","RumiaBox-¬∂√◊Ê´µƒ…Ò√ÿ∫–◊”","StSLib","The Bug Knight","WarShipGirlsR/’ΩΩ¢…Ÿ≈ÆR mod","Yakumo Yukari mod","Youmu£®ªÍ∆«—˝√Œ£©","Yuyuko"],"gold_per_floor":[114,331,331,331,291,291,82,111,111,129,129,139,99,112,112,209,209,222,222,222],"floor_reached":19,"language":"ZHS","playtime":1466,"items_purged":[],"score":167,"play_id":"3b3dc012-a3b7-4ebd-8958-9e59a6968a3e","local_time":"20210225195545","is_ascension_mode":false,"campfire_choices":[{"data":"ClowCardTheEarthy","floor":6,"key":"SMITH"},{"data":"ClowCardTheMist","floor":15,"key":"SMITH"}],"circlet_count":0,"master_deck":["ClowCardTheSword","ClowCardTheSword","ClowCardTheSword","ClowCardTheShield","ClowCardTheShield","ClowCardTheShield","ClowCardTheShield","SpellCardSeal","SpellCardRelease","ClowCardTheSleep","ClowCardTheEarthy+1","ClowCardTheFloat+1","ClowCardTheGlow","ClowCardTheSand","ClowCardTheErase","ClowCardTheEarthy+1","ClowCardTheMaze","ClowCardTheSweet","Voices","ClowCardTheMist+1","ClowCardTheLibra","ClowCardTheThrough","ClowCardTheErase","Lust_TH"],"relics":["KSMOD_SealedBook","KSMOD_SealedWand","Baka","Anchor","Pantograph","Boot","ReplayTheSpireMod:Ring of Exchange","ReplayTheSpireMod:Ring of Addiction","SacredBark","Toy Ornithopter","PaintedHorse:ReiMu","Philosopher\u0027s Stone"],"acts_visited":["Exordium","TheCity"],"potions_floor_usage":[12,18],"damage_taken":[{"damage":3,"enemies":"Small Slimes","floor":1,"turns":3},{"damage":0,"enemies":"Jaw Worm","floor":2,"turns":4},{"damage":11,"enemies":"Gremlin Nob","floor":8,"turns":4},{"damage":0,"enemies":"Cultist","floor":10,"turns":2},{"damage":0,"enemies":"Looter","floor":12,"turns":2},{"damage":6,"enemies":"Red Slaver","floor":14,"turns":3},{"damage":19,"enemies":"Fading Forest","floor":16,"turns":11},{"damage":0,"enemies":"Shell Parasite","floor":18,"turns":3}],"seed_played":"-6949967107488531347","potions_obtained":[{"floor":1,"key":"Elixir"},{"floor":8,"key":"Fire Potion"},{"floor":11,"key":"Fire Potion"}],"is_trial":false,"path_per_floor":["M","M","?","?","?","R","$","E","T","M","?","M","?","M","R","B",null,"M","?"],"character_chosen":"KINOMOTOSAKURA","items_purchased":["ClowCardTheEarthy+1","Anchor"],"campfire_rested":0,"item_purchase_floors":[7,7],"current_hp_per_floor":[74,74,74,74,74,74,74,63,63,63,63,73,73,72,72,56,75,75,75,75],"gold":222,"neow_bonus":"TEN_PERCENT_HP_BONUS","is_daily":false,"chose_seed":false,"campfire_upgraded":2,"win_rate":0.0,"timestamp":1614254145,"path_taken":["M","M","?","?","?","R","$","E","T","?","?","M","?","M","R","BOSS","M","?"],"items_purchased_type":["Card","Relic"],"build_version":"2020-12-22","purchased_purges":0,"victory":false,"max_hp_per_floor":[77,77,77,77,77,77,77,77,77,77,77,77,77,77,77,75,75,75,75,75],"card_choices":[{"not_picked":["ClowCardTheLoop","ClowCardTheRain"],"picked":"ClowCardTheMaze","floor":1},{"not_picked":["ClowCardThePower","ClowCardTheLittle"],"picked":"ClowCardTheSleep","floor":2},{"not_picked":[],"picked":"ClowCardTheGlow","floor":5},{"not_picked":[],"picked":"ClowCardTheSand","floor":5},{"not_picked":[],"picked":"ClowCardTheErase","floor":5},{"not_picked":["ClowCardTheErase","ClowCardTheLight"],"picked":"ClowCardTheMaze","floor":8},{"not_picked":["ClowCardTheErase","ClowCardTheRain"],"picked":"ClowCardTheSweet","floor":10},{"not_picked":["ClowCardTheArrow","ClowCardTheSand"],"picked":"ClowCardTheMist","floor":12},{"not_picked":["ClowCardTheVoice","ClowCardTheMist"],"picked":"ClowCardTheLibra","floor":14},{"not_picked":["ClowCardTheFight","ClowCardTheTwin"],"picked":"ClowCardTheThrough","floor":16},{"not_picked":["ClowCardTheShadow","ClowCardTheArrow"],"picked":"ClowCardTheErase","floor":18}],"player_experience":103381,"relics_obtained":[{"floor":1,"key":"Baka"},{"floor":8,"key":"Pantograph"},{"floor":9,"key":"Boot"},{"floor":11,"key":"ReplayTheSpireMod:Ring of Exchange"},{"floor":11,"key":"ReplayTheSpireMod:Ring of Addiction"},{"floor":11,"key":"SacredBark"},{"floor":11,"key":"Toy Ornithopter"}],"event_choices":[{"damage_healed":0,"gold_gain":0,"cards_transformed":["ClowCardTheSword"],"player_choice":"Change","damage_taken":0,"max_hp_gain":0,"max_hp_loss":0,"event_name":"Living Wall","floor":3,"gold_loss":0,"cards_obtained":["ClowCardTheEarthy"]},{"damage_healed":0,"gold_gain":0,"player_choice":"»˚«Æ","damage_taken":0,"relics_obtained":["PaintedHorse:ReiMu"],"max_hp_gain":0,"max_hp_loss":0,"event_name":"yidonshenshe","floor":13,"gold_loss":40}],"is_beta":false,"boss_relics":[{"not_picked":["DollysMirror","ClockworkSouvenir"],"picked":"Philosopher\u0027s Stone"}],"items_purged_floors":[],"is_endless":false,"potions_floor_spawned":[1,8],"ascension_level":0}}