{"host":"2se5dq1do2gp0x9k","time":1614226313,"event":{"mods":["AchievementEnabler","BaseMod","Block Reminder","Colored Map","Colored Powertips","Minty Spire (QoL Compilation)","Relic Stats","StSLib","SuperFastMode"],"gold_per_floor":[117,136,136,146,164,192,192,64,64,64,95,105,130,150,150,227,227,247,197,214,62,62,62],"floor_reached":22,"language":"ENG","playtime":703,"items_purged":["Strike_P","Defend_P"],"score":499,"play_id":"7f7eb28f-4967-40ef-b51b-2e838aa65e99","local_time":"20210224201153","is_ascension_mode":true,"campfire_choices":[{"data":"SandsOfTime","floor":7.0,"key":"SMITH"},{"data":"Eruption","floor":15.0,"key":"SMITH"}],"circlet_count":0,"master_deck":["AscendersBane","Strike_P","Strike_P","Strike_P","Defend_P","Defend_P","Defend_P","Eruption+1","Vigilance","FollowUp","Consecrate+1","TalkToTheHand","SandsOfTime+1","Adaptation","FollowUp","FlurryOfBlows+1","Brilliance+1","InnerPeace+1","FollowUp+1"],"relics":["Black Star","Regal Pillow","HornCleat","Centennial Puzzle","Singing Bowl","Pen Nib","Darkstone Periapt","Molten Egg 2","Runic Pyramid"],"acts_visited":["Exordium","TheCity"],"potions_floor_usage":[16,18],"damage_taken":[{"damage":0.0,"enemies":"2 Louse","floor":1.0,"turns":2.0},{"damage":0.0,"enemies":"Jaw Worm","floor":2.0,"turns":3.0},{"damage":0.0,"enemies":"Small Slimes","floor":4.0,"turns":2.0},{"damage":12.0,"enemies":"Red Slaver","floor":5.0,"turns":4.0},{"damage":28.0,"enemies":"Gremlin Nob","floor":6.0,"turns":4.0},{"damage":26.0,"enemies":"Lagavulin","floor":11.0,"turns":9.0},{"damage":0.0,"enemies":"2 Fungi Beasts","floor":12.0,"turns":3.0},{"damage":5.0,"enemies":"3 Sentries","floor":13.0,"turns":4.0},{"damage":0.0,"enemies":"3 Louse","floor":14.0,"turns":3.0},{"damage":0,"enemies":"Slime Boss","floor":16,"turns":5},{"damage":6,"enemies":"Chosen","floor":18,"turns":4},{"damage":0,"enemies":"Spheric Guardian","floor":20,"turns":3},{"damage":36,"enemies":"Snake Plant","floor":22,"turns":4}],"seed_played":"4936624388046146354","potions_obtained":[{"floor":1.0,"key":"Regen Potion"},{"floor":4.0,"key":"Explosive Potion"},{"floor":12.0,"key":"SpeedPotion"},{"floor":13.0,"key":"SkillPotion"}],"is_trial":false,"path_per_floor":["M","M","?","M","M","E","R","$","T","?","E","M","E","M","R","B",null,"M","?","M","$","M"],"character_chosen":"WATCHER","items_purchased":["FollowUp","FollowUp+1"],"campfire_rested":0,"item_purchase_floors":[8,21],"current_hp_per_floor":[61,61,61,61,49,21,21,21,21,21,11,13,10,10,10,10,58,52,52,54,54,18,18],"gold":62,"neow_bonus":"BOSS_RELIC","is_daily":false,"chose_seed":false,"campfire_upgraded":2,"win_rate":0.0,"timestamp":1614226313,"path_taken":["M","M","?","M","M","E","R","$","T","?","E","M","E","M","R","BOSS","M","?","M","$","M"],"items_purchased_type":["Card","Card"],"build_version":"2020-12-22","purchased_purges":2,"victory":false,"max_hp_per_floor":[68,68,68,68,68,68,68,68,68,68,70,72,74,74,74,74,74,74,74,76,76,76,76],"relic_stats":{"Darkstone Periapt":0,"Regal Pillow":0,"Centennial Puzzle":[12],"Singing Bowl":8,"counters":[13,49],"Pen Nib":[6],"Black Star":3,"obtain_stats":[{"Darkstone Periapt":13,"Regal Pillow":6,"Centennial Puzzle":9,"HornCleat":6,"Singing Bowl":11,"Molten Egg 2":13,"Pen Nib":11,"Black Star":0,"PureWater":0,"Runic Pyramid":17},{"Darkstone Periapt":8,"Regal Pillow":5,"Centennial Puzzle":5,"HornCleat":5,"Singing Bowl":6,"Molten Egg 2":8,"Pen Nib":6,"Black Star":0,"PureWater":0,"Runic Pyramid":10},{"Darkstone Periapt":31,"Regal Pillow":15,"Centennial Puzzle":15,"HornCleat":15,"Singing Bowl":24,"Molten Egg 2":31,"Pen Nib":24,"Black Star":0,"PureWater":0,"Runic Pyramid":39}]},"card_choices":[{"not_picked":["EmptyMind","JustLucky"],"picked":"FollowUp","floor":1.0},{"not_picked":["EmptyBody","Sanctity"],"picked":"Consecrate","floor":2.0},{"not_picked":["FearNoEvil","Pray"],"picked":"TalkToTheHand","floor":4.0},{"not_picked":["EmptyFist","Crescendo"],"picked":"SandsOfTime","floor":5.0},{"not_picked":["CrushJoints","Halt"],"picked":"Adaptation","floor":6.0},{"not_picked":["WindmillStrike","Nirvana","Collect"],"picked":"Singing Bowl","floor":11.0},{"not_picked":["Consecrate","JustLucky","Sanctity"],"picked":"Singing Bowl","floor":12.0},{"not_picked":["Weave+1","Crescendo","Omniscience"],"picked":"Singing Bowl","floor":13.0},{"not_picked":["JustLucky+1","EmptyFist+1"],"picked":"FlurryOfBlows+1","floor":14.0},{"not_picked":["MasterReality","Judgement"],"picked":"Brilliance+1","floor":16},{"not_picked":["Weave+1","BattleHymn"],"picked":"InnerPeace+1","floor":18},{"not_picked":["EmptyBody","WheelKick+1","ClearTheMind"],"picked":"Singing Bowl","floor":20}],"player_experience":4146636,"relics_obtained":[{"floor":6.0,"key":"Regal Pillow"},{"floor":6.0,"key":"HornCleat"},{"floor":9.0,"key":"Centennial Puzzle"},{"floor":11.0,"key":"Singing Bowl"},{"floor":11.0,"key":"Pen Nib"},{"floor":13.0,"key":"Darkstone Periapt"},{"floor":13.0,"key":"Molten Egg 2"}],"event_choices":[{"damage_healed":0.0,"max_hp_gain":0.0,"max_hp_loss":0.0,"gold_gain":0.0,"event_name":"Living Wall","player_choice":"Grow","floor":3.0,"gold_loss":0.0,"damage_taken":0.0,"cards_upgraded":["Consecrate"]},{"damage_healed":0.0,"max_hp_gain":0.0,"max_hp_loss":0.0,"gold_gain":0.0,"event_name":"Liars Game","player_choice":"Ignored","floor":10.0,"gold_loss":0.0,"damage_taken":0.0},{"damage_healed":0,"gold_gain":0,"player_choice":"Bet on Murderer","damage_taken":0,"max_hp_gain":0,"max_hp_loss":0,"event_name":"The Joust","floor":19,"gold_loss":50}],"is_beta":false,"boss_relics":[{"not_picked":["Fusion Hammer","Cursed Key"],"picked":"Runic Pyramid"}],"items_purged_floors":[8,21],"is_endless":false,"potions_floor_spawned":[1,4,12,13],"killed_by":"Snake Plant","ascension_level":19}}