{"host":"ggy1mjjy92c62u6a","time":1614259376,"event":{"mods":["10 clothes from DAL","ATMod(阿瑾Mod)","Act Like it!","BaseMod","Colored Powertips","GifTheSpireLib","Infinite Spire","Library of Ruina","Library of Ruina Extra","Lobotomy","LobotomyExtend","Marisa（F雨　魔理沙）","Minty Spire (QoL Compilation)","Quick Restart","Relic Filter Mod","Relic Stats","Reliquary","Remilia（蕾米莉亚）","Replay The Spire","RumiaBox-露米娅的神秘盒子","Shop Mod","Spicy Shops","StSLib","SuperFastMode","Youmu（魂魄妖梦）","[功能]功能增强和修复MOD","【功能Mod】混沌之环修复补丁","【遗物Mod】死灵法师NEW","【遗物卡牌】REMEMod"],"gold_per_floor":[112,112,127,127,138,138,138,149,175,175,207,207,86,106,106,181,181,198,198,113,113,125,125,158,178,204,204,204,217,217,217],"floor_reached":30,"language":"ZHS","playtime":808,"items_purged":["LightAttack","LightAttack"],"score":558,"play_id":"3be17bcb-9d79-4b7f-bc19-1a60627be22a","local_time":"20210225212256","is_ascension_mode":true,"campfire_choices":[{"data":"AT_FamilyPortrait","floor":6.0,"key":"SMITH"},{"data":"FocusedStrikes","floor":10.0,"key":"SMITH"},{"data":"Unlock3","floor":15.0,"key":"SMITH"},{"data":"Unlock1","floor":23.0,"key":"SMITH"},{"data":"Mayhem","floor":27,"key":"SMITH"}],"circlet_count":0,"master_deck":["AscendersBane","Dodge","LightAttack","LightDefense","LightDefense","ChargeAndCover","FocusedStrikes+1","AT_FamilyPortrait+1","Faith","SmokingPipe+1","UnavoidableGaze","BlazingStrike","Unlock1+1","Unlock3+1","SturdyDefense","Mayhem+1","REME_TwoStrings","Unlock1"],"relics":["PageOfLibrarian","REME_ComplimentaryCards","AT_ATBox","CogitoBucket","Baka","LetterFromLob","DALC_SIX","Ring of Peace","Ring of Hypnosis","Lantern","Garlic","DALC_TEN","reliquary:SilkGlove","infinitespire:BottledMercury","REME_LowDesire","AT_ChloranthyRing","Centennial Puzzle","Mercury Hourglass","Juzu Bracelet"],"acts_visited":["Exordium","TheCity"],"potions_floor_usage":[],"damage_taken":[{"damage":12.0,"enemies":"Jaw Worm","floor":1.0,"turns":4.0},{"damage":7.0,"enemies":"Small Slimes","floor":3.0,"turns":3.0},{"damage":0.0,"enemies":"2 Louse","floor":5.0,"turns":2.0},{"damage":2.0,"enemies":"Blue Slaver","floor":8.0,"turns":4.0},{"damage":0.0,"enemies":"Gremlin Nob","floor":11.0,"turns":4.0},{"damage":0.0,"enemies":"Large Slime","floor":14.0,"turns":4.0},{"damage":2.0,"enemies":"Hexaghost","floor":16.0,"turns":6.0},{"damage":0.0,"enemies":"Spheric Guardian","floor":18.0,"turns":3.0},{"damage":0.0,"enemies":"Shell Parasite","floor":22.0,"turns":2.0},{"damage":2.0,"enemies":"Replay:Snechameleon","floor":24.0,"turns":2.0},{"damage":19,"enemies":"Centurion and Healer","floor":25,"turns":3},{"damage":2,"enemies":"Snake Plant","floor":29,"turns":3},{"damage":0,"enemies":"Colosseum Slavers","floor":30,"turns":3},{"damage":63,"enemies":"Colosseum Nobs","floor":30,"turns":5}],"seed_played":"-6539379021478804799","potions_obtained":[{"floor":3.0,"key":"ColorlessPotion"},{"floor":8.0,"key":"LiquidMemories"},{"floor":24.0,"key":"REME_GoldPotion"}],"is_trial":false,"path_per_floor":["M","?","M","?","M","R","?","M","T","R","E","?","$","M","R","B",null,"M","?","?","AVR","M","R","E","M","T","R","?","M","?"],"character_chosen":"Librarian","items_purchased":["Unlock1"],"campfire_rested":0,"item_purchase_floors":[13],"current_hp_per_floor":[42,42,35,35,35,35,35,33,33,33,33,33,33,33,33,31,72,72,72,72,72,72,72,70,51,51,51,51,49,0,0],"gold":217,"neow_bonus":"","is_daily":false,"chose_seed":false,"campfire_upgraded":5,"win_rate":0.0,"timestamp":1614259376,"path_taken":["M","?","M","?","M","R","?","?","T","R","E","?","$","M","R","BOSS","M","?","?","AVR","M","R","E","M","T","R","?","M","?"],"items_purchased_type":["Card"],"build_version":"2020-12-22","purchased_purges":2,"victory":false,"max_hp_per_floor":[62,62,86,86,86,86,86,86,86,86,86,86,86,86,86,86,86,86,86,86,86,86,86,86,86,86,86,86,86,86,86],"relic_stats":{"Centennial Puzzle":[9],"counters":[16,50],"Juzu Bracelet":0,"obtain_stats":[{"AT_ChloranthyRing":21,"infinitespire:BottledMercury":21,"Lantern":9,"AT_ATBox":0,"DALC_TEN":17,"reliquary:SilkGlove":20,"Ring of Hypnosis":7,"DALC_SIX":3,"Baka":1,"Juzu Bracelet":26,"Mercury Hourglass":24,"PageOfLibrarian":0,"CogitoBucket":0,"Centennial Puzzle":21,"Ring of Peace":7,"LetterFromLob":1,"Garlic":11,"REME_LowDesire":21,"REME_ComplimentaryCards":0},{"AT_ChloranthyRing":9,"infinitespire:BottledMercury":9,"Lantern":4,"AT_ATBox":0,"DALC_TEN":8,"reliquary:SilkGlove":9,"Ring of Hypnosis":3,"DALC_SIX":2,"Baka":1,"Juzu Bracelet":13,"Mercury Hourglass":11,"PageOfLibrarian":0,"CogitoBucket":0,"Centennial Puzzle":9,"Ring of Peace":3,"LetterFromLob":1,"Garlic":5,"REME_LowDesire":9,"REME_ComplimentaryCards":0},{"AT_ChloranthyRing":31,"infinitespire:BottledMercury":31,"Lantern":13,"AT_ATBox":0,"DALC_TEN":28,"reliquary:SilkGlove":31,"Ring of Hypnosis":9,"DALC_SIX":7,"Baka":4,"Juzu Bracelet":39,"Mercury Hourglass":35,"PageOfLibrarian":0,"CogitoBucket":0,"Centennial Puzzle":31,"Ring of Peace":9,"LetterFromLob":4,"Garlic":17,"REME_LowDesire":31,"REME_ComplimentaryCards":0}],"Mercury Hourglass":[90]},"card_choices":[{"not_picked":["HiddenBlade","CookingPrep","SmokingPipe","UpbeatPerformance","Reload","ExtractFuel","SuppressingShot","SilentNight","ViolentFlame"],"picked":"SKIP","floor":1.0},{"not_picked":["Clone","CumulusWall","Wallop_lor","Fence","SnakeSlit","FieryWaltz","StayCalm","MindPrepared"],"picked":"Faith","floor":3.0},{"not_picked":["HandlingWork","GrazeTheGrass","TraceOfFumes","SweepTheBackstreets","QuickAttack","EnergyCycle","EnergyStrike","EmotionalTurbulence"],"picked":"UnavoidableGaze","floor":5.0},{"not_picked":["AsThePrescriptOrders","PreparedMind","ClassAndRespect","Wallop_lor","FlowOfTheSword","MultiBlock","CumulusWall","Preparation","GuidanceOfTheGears"],"picked":"SKIP","floor":8.0},{"not_picked":["SummaryJudgment","DarkCloud","EnergyShield","CutIn","Wallop_lor","Quickness","UpbeatPerformance","SinglePointStab"],"picked":"BlazingStrike","floor":11.0},{"not_picked":["HandleRequest","SharpSwipe","PuppetBlockade","HiddenBlade","QuickAttack","YouOnlyLiveOnce","Track","BiAn"],"picked":"SturdyDefense","floor":14.0},{"not_picked":["TendonChords","ForTheFamily","Reload","StrikeDown","SpearedSweep","FierceCharge","FendThisOffIfYouCan","Laceration","UpbeatPerformance"],"picked":"SKIP","floor":18.0},{"not_picked":["Multislash","PinpointShot","Retaliate","CoordinatedAssault","BiAn","FieryDragonSlash","QuickSuppression+1","Pound","Standoff","REME_BodyOfCthun"],"picked":"SKIP","floor":22.0},{"not_picked":["Pound","BiteOff","PinpointShot","FieryWaltz","ForcefulGesture","BindingArms","WillBeTasty","SilentMist","YourShield"],"picked":"Mayhem","floor":24.0},{"not_picked":["RatsGuideToSurvival","CoordinatedAssault","DestructiveImpact","EnergyCycle","ShockingBlow","JiaoTu","TendonChords+1","ChiWen","FlashingStrike"],"picked":"REME_TwoStrings","floor":25},{"not_picked":["PreemptiveStrike","BattleCommand","SunsetBlade","FocusFire","IllEndYou","EnergyCycle","DesperateStruggle","PinpointShot+1","RipSpace","Dark Shackles"],"picked":"SKIP","floor":29}],"player_experience":157576,"relics_obtained":[{"floor":1.0,"key":"Baka"},{"floor":1.0,"key":"LetterFromLob"},{"floor":3.0,"key":"DALC_SIX"},{"floor":7.0,"key":"Ring of Peace"},{"floor":7.0,"key":"Ring of Hypnosis"},{"floor":9.0,"key":"Lantern"},{"floor":11.0,"key":"Garlic"},{"floor":21.0,"key":"AT_ChloranthyRing"},{"floor":21.0,"key":"Centennial Puzzle"},{"floor":24.0,"key":"Mercury Hourglass"},{"floor":26,"key":"Juzu Bracelet"}],"event_choices":[{"damage_healed":0.0,"max_hp_gain":0.0,"max_hp_loss":0.0,"gold_gain":0.0,"event_name":"Addict","player_choice":"Obtained Relic","floor":20.0,"gold_loss":85.0,"damage_taken":0.0,"relics_obtained":["reliquary:SilkGlove"]},{"damage_healed":0,"gold_gain":0,"player_choice":"Read","damage_taken":0,"max_hp_gain":0,"max_hp_loss":0,"event_name":"The Library","floor":28,"gold_loss":0,"cards_obtained":["Unlock1"]},{"damage_healed":0,"gold_gain":0,"player_choice":"Fight","damage_taken":0,"max_hp_gain":0,"max_hp_loss":0,"event_name":"Colosseum","floor":30,"gold_loss":0},{"damage_healed":0,"gold_gain":0,"player_choice":"Fought Nobs","damage_taken":0,"max_hp_gain":0,"max_hp_loss":0,"event_name":"Colosseum","floor":30,"gold_loss":0}],"is_beta":false,"boss_relics":[{"not_picked":["Empty Cage","EctoplasmExtend"],"picked":"DALC_TEN"}],"items_purged_floors":[13,21],"is_endless":false,"potions_floor_spawned":[3,5,8,8,24,29],"killed_by":"Colosseum Nobs","ascension_level":13}}