{"host":"xw7092rw7wabncmm","time":1614222885,"event":{"mods":["AchievementEnabler","BaseMod","Bestiary","Block Reminder","Minty Spire (QoL Compilation)","Quick Restart","Relic Stats","Slay-I","Weighted Paths"],"gold_per_floor":[10,10,33,48,123,166,189,189,189,189,189],"floor_reached":10,"language":"ENG","playtime":463,"items_purged":[],"score":109,"play_id":"e7c1aa43-1444-4238-9902-88156d20a810","local_time":"20210224221445","is_ascension_mode":true,"campfire_choices":[{"data":"Hyperbeam","floor":8,"key":"SMITH"}],"circlet_count":0,"master_deck":["AscendersBane","Strike_B","Strike_B","Strike_B","Strike_B","Defend_B","Defend_B","Defend_B","Defend_B","Zap","Dualcast","Hyperbeam+1","Cold Snap","Leap","FTL","Chill","Ball Lightning"],"relics":["Cracked Core","Golden Idol","Tiny Chest","Toy Ornithopter"],"acts_visited":["Exordium"],"potions_floor_usage":[6,7],"damage_taken":[{"damage":0,"enemies":"Small Slimes","floor":1,"turns":3},{"damage":0,"enemies":"2 Louse","floor":3,"turns":2},{"damage":0,"enemies":"Jaw Worm","floor":4,"turns":3},{"damage":15,"enemies":"3 Sentries","floor":6,"turns":8},{"damage":0,"enemies":"2 Fungi Beasts","floor":7,"turns":2},{"damage":53,"enemies":"Lagavulin","floor":10,"turns":6}],"seed_played":"8011969647023006150","potions_obtained":[{"floor":3,"key":"Swift Potion"},{"floor":4,"key":"ColorlessPotion"}],"is_trial":false,"path_per_floor":["M","?","M","M","?","E","M","R","T","E"],"character_chosen":"DEFECT","items_purchased":[],"campfire_rested":0,"item_purchase_floors":[],"current_hp_per_floor":[68,68,68,68,57,42,42,42,42,0,0],"gold":189,"neow_bonus":"THREE_RARE_CARDS","is_daily":false,"chose_seed":false,"campfire_upgraded":1,"win_rate":0.0,"timestamp":1614222885,"path_taken":["M","?","M","M","?","E","M","R","T","E"],"items_purchased_type":[],"build_version":"2020-12-22","purchased_purges":0,"victory":false,"max_hp_per_floor":[75,69,69,69,69,69,69,69,69,69,69],"relic_stats":{"counters":[6,24],"Golden Idol":22,"Tiny Chest":0,"obtain_stats":[{"Golden Idol":2,"Tiny Chest":6,"Cracked Core":0,"Toy Ornithopter":9},{"Golden Idol":1,"Tiny Chest":4,"Cracked Core":0,"Toy Ornithopter":5},{"Golden Idol":3,"Tiny Chest":16,"Cracked Core":0,"Toy Ornithopter":18}],"Toy Ornithopter":0},"card_choices":[{"not_picked":["Meteor Strike","Amplify"],"picked":"Hyperbeam","floor":0},{"not_picked":["Coolheaded","Chill"],"picked":"Cold Snap","floor":1},{"not_picked":["Rip and Tear","Coolheaded"],"picked":"Leap","floor":3},{"not_picked":["Rip and Tear","Stack"],"picked":"FTL","floor":4},{"not_picked":["Chaos","Melter"],"picked":"Chill","floor":6},{"not_picked":["Barrage","Beam Cell"],"picked":"Ball Lightning","floor":7}],"player_experience":1675501,"relics_obtained":[{"floor":6,"key":"Tiny Chest"},{"floor":9,"key":"Toy Ornithopter"}],"event_choices":[{"damage_healed":0,"gold_gain":0,"player_choice":"Lose Max HP","damage_taken":0,"relics_obtained":["Golden Idol"],"max_hp_gain":0,"max_hp_loss":6,"event_name":"Golden Idol","floor":2,"gold_loss":0},{"damage_healed":0,"gold_gain":75,"player_choice":"Gather Gold","damage_taken":11,"max_hp_gain":0,"max_hp_loss":0,"event_name":"World of Goop","floor":5,"gold_loss":0}],"is_beta":false,"boss_relics":[],"items_purged_floors":[],"is_endless":false,"potions_floor_spawned":[3,4],"killed_by":"Lagavulin","ascension_level":12}}