{"host":"i9wanet4r0ff4t9y","time":1614265106,"event":{"mods":["2.2 Compatiblity","Act Like it!","BaseMod","Bestiary","Better Altar","Better Match","Better Note","Better Sensory Stone","Better Skull","Better Third Choice","Better Vampires","BetterRewards","CapriCore","Colored Map","Conspire","Curses Come First","Downfall","Energized Spire","Hubris","Minty Spire (QoL Compilation)","Quick Restart","READ ME - Guardian Mod","READ ME - Snecko Mod","Relic Stats","Reliquary","Ruina","Say the Spire","Spicy Shops","StSLib","The Gatherer","Transform Curses","Waifu the Spire"],"gold_per_floor":[99,112,287,343,143,143,143,185,185,216,73,95,109,119,187,217,217,217],"floor_reached":16,"language":"POL","playtime":1300,"items_purged":[],"score":119,"play_id":"8dd14520-395b-4235-9d8c-2d4a864e9dbd","local_time":"20210225155826","is_ascension_mode":false,"campfire_choices":[{"data":"bronze:Replicate","floor":1.0,"key":"SMITH"},{"floor":6.0,"key":"REST"}],"circlet_count":0,"master_deck":["bronze:Strike","bronze:Strike","bronze:Strike","bronze:Strike","bronze:Defend","bronze:Defend","bronze:Defend","bronze:Defend","bronze:Replicate+1","bronze:Goto","bronze:WildBeam","Doubt","bronze:Invalidate","conspire:SpireCoStock","conspire:SpireCoStock","conspire:SpireCoStock","conspire:SpireCoStock","bronze:Optimize","bronze:Backtrace","bronze:HardenedForm","expansioncontent:DashGenerateEvil","bronze:WhirlingStrike","bronze:Fortify","bronze:Safeguard","bronze:NullPointer"],"relics":["bronze:BronzeCore","reliquary:SharkskinSheath","reliquary:SharkskinSheath","hubris:DeckOfHolding"],"acts_visited":["Exordium"],"potions_floor_usage":[16],"damage_taken":[{"damage":5.0,"enemies":"Small Slimes","floor":2.0,"turns":4.0},{"damage":54.0,"enemies":"Lagavulin Event","floor":4.0,"turns":8.0},{"damage":6.0,"enemies":"Jaw Worm","floor":8.0,"turns":2.0},{"damage":10,"enemies":"2 Louse","floor":10,"turns":3},{"damage":5,"enemies":"downfall:FleeingMerchant","floor":11,"turns":4},{"damage":0,"enemies":"downfall:LooterAlt","floor":12,"turns":4},{"damage":10,"enemies":"Exordium Thugs","floor":13,"turns":2},{"damage":12,"enemies":"conspire:2 RoseBushes","floor":14,"turns":1},{"damage":0,"enemies":"Large Slime","floor":15,"turns":5},{"damage":40,"enemies":"WA_ARCHETYPE_RETAIN","floor":16,"turns":4}],"seed_played":"7591902867055404210","potions_obtained":[{"floor":2.0,"key":"bronze:CleanCodePotion"},{"floor":13,"key":"Block Potion"},{"floor":15,"key":"Ancient Potion"}],"is_trial":false,"path_per_floor":["R","M","?","?","?","R","T","M","?","M","$","M","M","M","M","B"],"character_chosen":"THE_AUTOMATON","items_purchased":["expansioncontent:DashGenerateEvil"],"campfire_rested":1,"item_purchase_floors":[11],"current_hp_per_floor":[70,65,65,11,11,32,32,26,49,39,34,34,24,12,12,0,0,0],"gold":217,"neow_bonus":"RANDOM_COMMON_RELIC","is_daily":false,"chose_seed":false,"campfire_upgraded":1,"win_rate":0.0,"timestamp":1614265106,"path_taken":["R","M","?","?","?","R","T","M","?","M","?","M","M","?","M","BOSS"],"items_purchased_type":["Card"],"build_version":"2020-12-22","purchased_purges":0,"victory":false,"max_hp_per_floor":[70,70,70,70,70,70,70,70,70,70,70,70,70,70,70,70,70,70],"relic_stats":{"counters":[10,37],"obtain_stats":[{"bronze:BronzeCore":0,"hubris:DeckOfHolding":7,"reliquary:SculptingSteel":4,"reliquary:SharkskinSheath":0},{"bronze:BronzeCore":0,"hubris:DeckOfHolding":2,"reliquary:SculptingSteel":2,"reliquary:SharkskinSheath":0},{"bronze:BronzeCore":0,"hubris:DeckOfHolding":12,"reliquary:SculptingSteel":12,"reliquary:SharkskinSheath":0}]},"card_choices":[{"not_picked":["bronze:Repair","bronze:Turbo"],"picked":"bronze:WildBeam","floor":2.0},{"not_picked":["bronze:Return","bronze:CutThrough"],"picked":"bronze:Invalidate","floor":4.0},{"not_picked":["bronze:BitShift","bronze:WhirlingStrike"],"picked":"bronze:Optimize","floor":8.0},{"not_picked":["bronze:Invalidate","bronze:FineTuning"],"picked":"bronze:Backtrace","floor":10},{"not_picked":["bronze:Shield","bronze:Overheat"],"picked":"bronze:HardenedForm","floor":11},{"not_picked":["bronze:DarkDash","bronze:Shell"],"picked":"bronze:WhirlingStrike","floor":12},{"not_picked":["bronze:BitShift","bronze:Overheat"],"picked":"bronze:Fortify","floor":13},{"not_picked":["bronze:Philosophize","bronze:Shell"],"picked":"bronze:Safeguard","floor":14},{"not_picked":["bronze:Flail","bronze:BuggyMess"],"picked":"bronze:NullPointer","floor":15}],"player_experience":490481,"relics_obtained":[{"floor":4.0,"key":"reliquary:SculptingSteel"},{"floor":7.0,"key":"hubris:DeckOfHolding"}],"event_choices":[{"damage_healed":0.0,"max_hp_gain":0.0,"max_hp_loss":0.0,"gold_gain":0.0,"event_name":"conspire:Investor","player_choice":"Invest 4","floor":5.0,"gold_loss":0.0,"damage_taken":0.0},{"damage_healed":23,"gold_gain":0,"player_choice":"Banana","damage_taken":0,"max_hp_gain":0,"max_hp_loss":0,"event_name":"Big Fish","floor":9,"gold_loss":0}],"is_beta":false,"boss_relics":[],"items_purged_floors":[],"is_endless":false,"potions_floor_spawned":[2,13,15],"killed_by":"WA_ARCHETYPE_RETAIN","ascension_level":0}}