{"host":"93bjq340p293ukqy","time":1614287347,"event":{"mods":["BaseMod","Hermit","Minty Spire (QoL Compilation)","StSLib","The Cursed"],"gold_per_floor":[10,23,23,23,44,44,75,75,75,113,40,56,100,135,147,288,300,300,300,300,300,300,300,300,300,300,300,2,2,2,2,2,2,2,2,2,2,0,0,0,0,0,0,0,0,0,0,0,0,0],"floor_reached":51,"language":"ENG","playtime":2887,"items_purged":[],"score":1082,"play_id":"602e844d-38af-47c5-bab0-e2f5ea5aef35","local_time":"20210225230907","is_ascension_mode":true,"campfire_choices":[{"data":"Anger","floor":6,"key":"SMITH"},{"data":"Anger","floor":8,"key":"SMITH"},{"data":"Rupture","floor":15,"key":"SMITH"},{"data":"Rupture","floor":23,"key":"SMITH"},{"data":"Brutality","floor":25,"key":"SMITH"},{"data":"Violence","floor":32,"key":"SMITH"},{"data":"Heavy Blade","floor":41,"key":"SMITH"},{"data":"Demon Form","floor":46,"key":"SMITH"},{"data":"Pommel Strike","floor":49,"key":"SMITH"}],"circlet_count":0,"master_deck":["Strike_R","Strike_R","Defend_R","Defend_R","Defend_R","Defend_R","Bash","Rupture+1","Anger+1","Pommel Strike+1","Anger+1","Regret","Reaper","Power Through","Brutality+1","Flame Barrier","Reaper","Warcry+1","Rupture+1","Pain","Sword Boomerang+1","Flame Barrier","Blood for Blood","Violence+1","Inflame","Headbutt+1","Demon Form+1","Heavy Blade+1","Dark Embrace+1","Decay","Intimidate+1"],"relics":["Burning Blood","Golden Idol","Pantograph","Orichalcum","Bottled Tornado","Juzu Bracelet","MawBank","Ectoplasm","WarpedTongs","Bottled Flame","Blue Candle","Mummified Hand","Eternal Feather","Cursed Key","Red Mask","Old Coin","Paper Frog","Molten Egg 2","Kunai"],"acts_visited":["Exordium","TheCity","TheBeyond"],"potions_floor_usage":[12,13,14,16,21,24,27,31,33,45,50,50,50],"damage_taken":[{"damage":1,"enemies":"2 Louse","floor":1,"turns":3},{"damage":0,"enemies":"Small Slimes","floor":2,"turns":3},{"damage":4,"enemies":"Jaw Worm","floor":5,"turns":3},{"damage":24,"enemies":"Gremlin Nob","floor":7,"turns":4},{"damage":29,"enemies":"Lagavulin","floor":10,"turns":6},{"damage":0,"enemies":"Red Slaver","floor":12,"turns":2},{"damage":12,"enemies":"3 Sentries","floor":13,"turns":6},{"damage":2,"enemies":"Gremlin Gang","floor":14,"turns":3},{"damage":26,"enemies":"Hexaghost","floor":16,"turns":7},{"damage":5,"enemies":"Chosen","floor":18,"turns":4},{"damage":37,"enemies":"3 Byrds","floor":21,"turns":4},{"damage":20,"enemies":"3 Cultists","floor":22,"turns":5},{"damage":63,"enemies":"Slavers","floor":24,"turns":6},{"damage":16,"enemies":"Book of Stabbing","floor":27,"turns":4},{"damage":11,"enemies":"Gremlin Leader","floor":29,"turns":4},{"damage":18,"enemies":"Centurion and Healer","floor":30,"turns":5},{"damage":20,"enemies":"Snake Plant","floor":31,"turns":4},{"damage":33,"enemies":"Automaton","floor":33,"turns":5},{"damage":13,"enemies":"Orb Walker","floor":35,"turns":3},{"damage":6,"enemies":"Mind Bloom Boss Battle","floor":39,"turns":3},{"damage":21,"enemies":"3 Shapes","floor":40,"turns":3},{"damage":11,"enemies":"Giant Head","floor":42,"turns":5},{"damage":9,"enemies":"Transient","floor":45,"turns":5},{"damage":42,"enemies":"Reptomancer","floor":47,"turns":4},{"damage":31,"enemies":"Spire Growth","floor":48,"turns":4},{"damage":102,"enemies":"Time Eater","floor":50,"turns":8}],"seed_played":"-555978648280095866","potions_obtained":[{"floor":1,"key":"BlessingOfTheForge"},{"floor":10,"key":"Weak Potion"},{"floor":12,"key":"Fire Potion"},{"floor":13,"key":"PowerPotion"},{"floor":18,"key":"Energy Potion"},{"floor":21,"key":"Block Potion"},{"floor":22,"key":"Ancient Potion"},{"floor":24,"key":"AttackPotion"},{"floor":39,"key":"AttackPotion"},{"floor":40,"key":"EssenceOfSteel"},{"floor":45,"key":"BloodPotion"},{"floor":48,"key":"Fire Potion"}],"is_trial":false,"path_per_floor":["M","M","?","?","M","R","E","R","T","E","$","M","E","M","R","B",null,"M","?","?","M","M","R","E","R","T","E","$","E","M","M","R","B",null,"M","?","?","?","?","M","R","E","T","$","M","R","E","M","R","B",null],"character_chosen":"IRONCLAD","items_purchased":["LiquidMemories","Violence","Fruit Juice"],"campfire_rested":0,"item_purchase_floors":[11,28,28],"current_hp_per_floor":[77,80,74,74,74,74,56,56,56,39,39,51,63,73,73,69,73,74,74,74,57,74,74,65,65,65,74,74,74,62,53,68,76,78,79,79,79,79,79,79,79,74,74,74,79,79,79,71,79,29],"gold":0,"neow_bonus":"TRANSFORM_TWO_CARDS","is_daily":false,"chose_seed":false,"campfire_upgraded":9,"win_rate":0.0,"timestamp":1614287347,"path_taken":["M","M","?","?","M","R","E","R","T","E","$","M","E","M","R","BOSS","M","?","?","M","M","R","E","R","T","E","$","E","M","M","R","BOSS","M","?","?","?","?","M","R","E","T","$","M","R","E","M","R","BOSS"],"items_purchased_type":["Potion","Card","Potion"],"build_version":"2020-12-22","purchased_purges":0,"victory":true,"max_hp_per_floor":[80,80,74,74,74,74,74,74,74,74,74,74,74,74,74,74,74,74,74,74,74,74,74,74,74,74,74,74,74,74,79,79,79,79,79,79,79,79,79,79,79,79,79,79,79,79,79,79,79,79],"card_choices":[{"not_picked":["Infernal Blade","Warcry"],"picked":"Pommel Strike","floor":1},{"not_picked":["Warcry","Headbutt"],"picked":"Anger","floor":2},{"not_picked":["Dark Embrace","Flex"],"picked":"Reaper","floor":5},{"not_picked":["Disarm","Body Slam","Pummel"],"picked":"SKIP","floor":7},{"not_picked":["Headbutt","Flex"],"picked":"Power Through","floor":10},{"not_picked":["Carnage","Perfected Strike"],"picked":"Brutality","floor":12},{"not_picked":["Seeing Red","Anger","Twin Strike"],"picked":"SKIP","floor":13},{"not_picked":["Reckless Charge","Infernal Blade"],"picked":"Flame Barrier","floor":14},{"not_picked":["Limit Break","Double Tap"],"picked":"Reaper","floor":16},{"not_picked":["Warcry+1","Seeing Red","Clothesline"],"picked":"SKIP","floor":18},{"not_picked":["Seeing Red","Clothesline"],"picked":"Warcry+1","floor":18},{"not_picked":["Clothesline","Bloodletting"],"picked":"Sword Boomerang+1","floor":21},{"not_picked":["Twin Strike","Dual Wield"],"picked":"Flame Barrier","floor":22},{"not_picked":["Searing Blow","True Grit","Clash"],"picked":"SKIP","floor":24},{"not_picked":["Fiend Fire","Cleave"],"picked":"Blood for Blood","floor":27},{"not_picked":["Perfected Strike","Body Slam+1"],"picked":"Inflame","floor":29},{"not_picked":["Body Slam","Armaments","Cleave+1"],"picked":"SKIP","floor":30},{"not_picked":["Uppercut","Heavy Blade"],"picked":"Headbutt+1","floor":31},{"not_picked":["Fiend Fire","Double Tap"],"picked":"Demon Form","floor":33},{"not_picked":["Ghostly Armor+1","Anger"],"picked":"Heavy Blade","floor":35},{"not_picked":["Shockwave","Twin Strike","Flex"],"picked":"SKIP","floor":40},{"not_picked":["Body Slam","Infernal Blade"],"picked":"Dark Embrace+1","floor":42},{"not_picked":["Cleave+1","Headbutt+1","Perfected Strike+1"],"picked":"SKIP","floor":45},{"not_picked":["Uppercut+1","Iron Wave+1"],"picked":"Intimidate+1","floor":47},{"not_picked":["Iron Wave+1","Flex+1","Clothesline+1"],"picked":"SKIP","floor":48}],"player_experience":283054,"relics_obtained":[{"floor":7,"key":"Orichalcum"},{"floor":9,"key":"Bottled Tornado"},{"floor":10,"key":"Juzu Bracelet"},{"floor":13,"key":"MawBank"},{"floor":24,"key":"Bottled Flame"},{"floor":26,"key":"Blue Candle"},{"floor":27,"key":"Mummified Hand"},{"floor":29,"key":"Eternal Feather"},{"floor":39,"key":"Old Coin"},{"floor":42,"key":"Paper Frog"},{"floor":43,"key":"Molten Egg 2"},{"floor":47,"key":"Kunai"}],"event_choices":[{"damage_healed":0,"gold_gain":0,"player_choice":"Lose Max HP","damage_taken":0,"relics_obtained":["Golden Idol"],"max_hp_gain":0,"max_hp_loss":6,"event_name":"Golden Idol","floor":3,"gold_loss":0},{"damage_healed":0,"gold_gain":0,"player_choice":"Box","damage_taken":0,"relics_obtained":["Pantograph"],"max_hp_gain":0,"max_hp_loss":0,"event_name":"Big Fish","floor":4,"gold_loss":0,"cards_obtained":["Regret"]},{"damage_healed":0,"gold_gain":0,"player_choice":"Read","damage_taken":0,"max_hp_gain":0,"max_hp_loss":0,"event_name":"The Library","floor":19,"gold_loss":0,"cards_obtained":["Rupture"]},{"damage_healed":0,"gold_gain":0,"player_choice":"Rummage","damage_taken":0,"relics_obtained":["WarpedTongs"],"max_hp_gain":0,"max_hp_loss":0,"event_name":"Accursed Blacksmith","floor":20,"gold_loss":0,"cards_obtained":["Pain"]},{"damage_healed":0,"gold_gain":0,"player_choice":"0 cards matched","damage_taken":0,"max_hp_gain":0,"max_hp_loss":0,"event_name":"Match and Keep!","floor":36,"gold_loss":0,"cards_obtained":[]},{"cards_removed":["Strike_R"],"damage_healed":0,"gold_gain":0,"player_choice":"Purged","damage_taken":0,"max_hp_gain":0,"max_hp_loss":0,"event_name":"Purifier","floor":37,"gold_loss":0},{"damage_healed":0,"gold_gain":0,"player_choice":"Paid","damage_taken":0,"relics_obtained":["Red Mask"],"max_hp_gain":0,"max_hp_loss":0,"event_name":"Tomb of Lord Red Mask","floor":38,"gold_loss":2},{"damage_healed":0,"gold_gain":0,"player_choice":"Fight","damage_taken":0,"max_hp_gain":0,"max_hp_loss":0,"event_name":"MindBloom","floor":39,"gold_loss":0}],"is_beta":false,"boss_relics":[{"not_picked":["Sozu","Astrolabe"],"picked":"Ectoplasm"},{"not_picked":["Philosopher\u0027s Stone","Pandora\u0027s Box"],"picked":"Cursed Key"}],"items_purged_floors":[],"is_endless":false,"potions_floor_spawned":[1,10,12,13,18,21,22,24,39,40,45,48],"ascension_level":7}}