{"host":"gm50ke85n5jz306u","time":1614267431,"event":{"mods":["AchievementEnabler","AlwaysNeverKeys","Aspiration","BaseMod","Beaked The Cultist","Bestiary","Better Altar","Better Match","Better Note","Better Sensory Stone","Better Skull","Better Third Choice","Better Vampires","Better-Laid Plans","BetterRewards","Colored Powertips","Curses Come First","DNKmod","Defuse TimeMaze Blight","Disable Question Mark Monsters","Displayed Cursed Tome","Downfall","Emptier Cage","Extra Virgin Snecko Oil","Filter the Spire","Friendly Minions","Gremlin Skip","Hermit","Hubris","Hyrulean Relics","Ironclad Rager","Koishi","Lobotomy","Marisa????????","Marked Mod","Minty Spire (QoL Compilation)","Permanent Neow","Poor People Problems","Quick Restart","Reimu??????","Relic Filter Mod","Relic Sorter","Remove Card Discount Mod","Reorder Act Four","Replay The Spire","Shop Mod","StSLib","Synergy Search","Td1madao Mod","The Administrix","The Animator","The Blue Laboratory","The Bug Knight","The Construct","The Cursed","The Disciple","The Hierophant","The Necromancer","The Runesmith","The Senshi","The Servant 0.9.4","Thieving Mod","Transform Curses","WarShipGirlsR/????R mod"],"gold_per_floor":[10020,10032,9078,9078,9089,9109,9109,9109,9135,9149,8613,8623,8638,8650,8650,8726,8726,8745,8756,8775,8095,8109,8119,8119,7359,7359,6582,6594,6594,6626,6644,6644,6722,6722,6732,6132,6144,6144,5725,5752,5752,5752,5829,5858,5249,5274,5293,5308,5308,5308],"floor_reached":51,"language":"ENG","playtime":5646,"items_purged":["sneckomod:Unknown","Strike_P","Bash","Strike_R","Strike_R","Strike_R","Strike_R","Strike_R","Defend_R","Defend_R","Defend_R+1","Defend_R+1","Battle Trance","Body Slam","Twin Strike","Spot Weakness","Headbutt","Headbutt","Sword Boomerang"],"score":1550,"play_id":"03bc114e-23f4-4aa7-8ceb-83c39c71a8d4","local_time":"20210225163711","is_ascension_mode":true,"campfire_choices":[{"data":"Shrug It Off","floor":7.0,"key":"SMITH"},{"data":"Shrug It Off","floor":15.0,"key":"SMITH"},{"data":"Berserk","floor":24.0,"key":"SMITH"},{"data":"Limit Break","floor":29.0,"key":"SMITH"},{"data":"Inflame","floor":32.0,"key":"SMITH"},{"data":"Sword Boomerang","floor":41.0,"key":"SMITH"},{"data":"Sword Boomerang","floor":49,"key":"SMITH"}],"circlet_count":0,"master_deck":["AscendersBane","Headbutt+1","Shrug It Off+1","Blind+1","Sword Boomerang+1","Sword Boomerang+1","Shrug It Off+1","Berserk+1","Shrug It Off+1","Shrug It Off+1","Master of Strategy+1","Limit Break+1","Inflame+1","Shrug It Off+1","Metallicize+1","Sword Boomerang+1","Headbutt+1","Headbutt+1","Madness","Madness"],"relics":["Burning Blood","Unceasing Top","Kunai","Happy Flower","Replay:Kaleidoscope","Orichalcum","Boot","Sling","Self Forming Clay","PureWhite:ReiMu","TheAbacus","Anchor","Medical Kit","MerchantsRug","Orrery","Potion Belt","Bag of Marbles","TentaclePot:ReiMu","Simple Rune","DollysMirror","Juzu Bracelet","Replay:Bottled Snecko","HollowMod:StagPassRelic","ReplayTheSpireMod:Shallot","Gambling Chip","Frozen Egg 2","Toy Ornithopter","Guide Book","hubris:TenFootPole","Pear","Replay:Mystery Machine"],"acts_visited":["Exordium","TheCity","TheBeyond"],"potions_floor_usage":[],"damage_taken":[{"damage":6.0,"enemies":"Jaw Worm","floor":1.0,"turns":5.0},{"damage":3.0,"enemies":"Cultist","floor":2.0,"turns":4.0},{"damage":0.0,"enemies":"Small Slimes","floor":5.0,"turns":4.0},{"damage":0.0,"enemies":"Blue Slaver","floor":6.0,"turns":4.0},{"damage":0.0,"enemies":"Red Slaver","floor":10.0,"turns":3.0},{"damage":5.0,"enemies":"Large Slime","floor":12.0,"turns":6.0},{"damage":0.0,"enemies":"Blue Slaver","floor":13.0,"turns":3.0},{"damage":0.0,"enemies":"Red Slaver","floor":14.0,"turns":3.0},{"damage":0.0,"enemies":"The Guardian","floor":16.0,"turns":12.0},{"damage":9.0,"enemies":"Shell Parasite","floor":18.0,"turns":5.0},{"damage":9.0,"enemies":"Spheric Guardian","floor":19.0,"turns":4.0},{"damage":12.0,"enemies":"Chosen and Byrds","floor":20.0,"turns":5.0},{"damage":0.0,"enemies":"Cultist and Chosen","floor":22.0,"turns":4.0},{"damage":7.0,"enemies":"Centurion and Healer","floor":23.0,"turns":5.0},{"damage":0.0,"enemies":"Snecko","floor":28.0,"turns":3.0},{"damage":6.0,"enemies":"Book of Stabbing","floor":30.0,"turns":3.0},{"damage":0.0,"enemies":"Shelled Parasite and Fungi","floor":31.0,"turns":3.0},{"damage":0.0,"enemies":"Champ","floor":33.0,"turns":5.0},{"damage":0.0,"enemies":"3 Darklings","floor":35.0,"turns":4.0},{"damage":15.0,"enemies":"3 Shapes","floor":37.0,"turns":4.0},{"damage":0.0,"enemies":"Giant Head","floor":40.0,"turns":7.0},{"damage":52.0,"enemies":"R_Hoarder","floor":44.0,"turns":9.0},{"damage":0.0,"enemies":"Giant Head","floor":46.0,"turns":6.0},{"damage":0,"enemies":"Sphere and 2 Shapes","floor":47,"turns":3},{"damage":1,"enemies":"Writhing Mass","floor":48,"turns":5},{"damage":48,"enemies":"Awakened One","floor":50,"turns":10}],"seed_played":"-4425503567389779965","potions_obtained":[{"floor":1.0,"key":"DuplicationPotion"},{"floor":2.0,"key":"blueLaboratory:BottleOfRum"},{"floor":13.0,"key":"BloodPotion"},{"floor":30.0,"key":"blueLaboratory:BottledHope"},{"floor":31.0,"key":"Block Potion"}],"is_trial":false,"path_per_floor":["M","M","$","?","M","M","R","?","T","M","$","M","M","M","R","B",null,"M","M","M","$","M","M","R","$","T","$","M","R","E","M","R","B",null,"M","$","M","?","$","E","R","?","T","E","$","E","M","M","R","B",null],"character_chosen":"IRONCLAD","items_purchased":["Shrug It Off","Unceasing Top","Boot","MerchantsRug","Blind","Explosive Potion","Fire Potion","Orrery","Shrug It Off","Bag of Marbles","TentaclePot:ReiMu","Simple Rune","BloodPotion","Replay:Baseball","PureWhite:ReiMu","Fruit Juice","DollysMirror","Juzu Bracelet","Replay:Kaleidoscope","TheAbacus","Master of Strategy","HollowMod:StagPassRelic","Medical Kit","ReplayTheSpireMod:Shallot","Limit Break","Frozen Egg 2","Toy Ornithopter","Metallicize+1","Guide Book","Anchor","hubris:TenFootPole","Headbutt","BloodPotion","Fire Potion","Self Forming Clay","Happy Flower","Sling","BloodPotion"],"campfire_rested":0,"item_purchase_floors":[3,3,3,3,3,3,3,3,11,11,11,11,11,21,21,21,21,25,25,25,25,27,27,27,27,36,36,36,36,39,39,39,39,39,45,45,45,45],"current_hp_per_floor":[82,85,85,85,89,89,89,89,89,89,89,89,89,89,89,89,89,86,83,77,77,83,82,82,82,82,82,88,88,93,94,94,94,94,94,94,88,93,93,94,94,88,98,57,57,63,69,74,74,32],"gold":5308,"neow_bonus":"TWENTY_PERCENT_HP_BONUS","is_daily":false,"chose_seed":false,"campfire_upgraded":7,"win_rate":0.0,"timestamp":1614267431,"path_taken":["M","M","$","?","?","M","R","?","T","M","$","M","M","M","R","BOSS","M","M","M","$","M","M","R","$","T","$","M","R","E","M","R","BOSS","M","$","M","?","$","E","R","?","T","E","$","E","M","M","R","BOSS"],"items_purchased_type":["Card","Relic","Relic","Relic","Card","Potion","Potion","Relic","Card","Relic","Relic","Relic","Potion","Relic","Relic","Potion","Relic","Relic","Relic","Relic","Card","Relic","Relic","Relic","Card","Relic","Relic","Card","Relic","Relic","Relic","Card","Potion","Potion","Relic","Relic","Relic","Potion"],"build_version":"2020-12-22","purchased_purges":19,"victory":true,"max_hp_per_floor":[89,89,89,89,89,89,89,89,89,89,89,89,89,89,89,89,89,89,89,89,89,89,89,89,89,89,89,89,89,94,94,94,94,94,94,94,94,94,94,94,94,94,104,104,104,104,104,104,104,104],"card_choices":[{"not_picked":["hubris:SharpeningStone","Dropkick"],"picked":"Headbutt","floor":1.0},{"not_picked":["Reckless Charge","Replay:Undeath\u0027s Touch","Abandon"],"picked":"SKIP","floor":2.0},{"not_picked":["Clothesline","Sentinel"],"picked":"Headbutt","floor":3.0},{"not_picked":["Fire Breathing","ReplayTheSpireMod:Strike From Hell"],"picked":"Headbutt","floor":3.0},{"not_picked":["Perfected Strike","Havoc"],"picked":"Spot Weakness","floor":3.0},{"not_picked":["Replay:Undeath\u0027s Touch","Twin Strike"],"picked":"Sword Boomerang","floor":5.0},{"not_picked":["Wild Strike","Thunderclap"],"picked":"Twin Strike","floor":6.0},{"not_picked":["Wild Strike","Havoc"],"picked":"Sword Boomerang","floor":10.0},{"not_picked":["Brutality","Thunderclap","Clothesline"],"picked":"SKIP","floor":12.0},{"not_picked":["hubris:CleavingFinish","Perfected Strike","Run Through"],"picked":"SKIP","floor":13.0},{"not_picked":["Warcry","Headbutt"],"picked":"Battle Trance","floor":14.0},{"not_picked":["Exhume","Corruption"],"picked":"Berserk","floor":16.0},{"not_picked":["Pommel Strike","Seeing Red"],"picked":"Sword Boomerang","floor":18.0},{"not_picked":["Inflame+1","Intimidate+1","Armaments"],"picked":"SKIP","floor":19.0},{"not_picked":["Infernal Blade","Anger"],"picked":"Shrug It Off+1","floor":20.0},{"not_picked":["ReplayTheSpireMod:Strike From Hell","Clothesline+1"],"picked":"Body Slam","floor":22.0},{"not_picked":["Hemokinesis","ReplayTheSpireMod:Stacked","Defy Death+1"],"picked":"SKIP","floor":23.0},{"not_picked":["Disarm","Perfected Strike","Flex"],"picked":"SKIP","floor":28.0},{"not_picked":["Searing Blow","Clothesline"],"picked":"Inflame","floor":30.0},{"not_picked":["Armaments","Clash"],"picked":"Shrug It Off+1","floor":31.0},{"not_picked":["Cleave","Run Through"],"picked":"Sword Boomerang","floor":35.0},{"not_picked":["Barricade+1","Warcry"],"picked":"Sword Boomerang+1","floor":37.0},{"not_picked":["Clash","ReplayTheSpireMod:Corrosion Curse","Twin Strike"],"picked":"SKIP","floor":40.0},{"not_picked":["Perfected Strike","Cleave","ReplayTheSpireMod:Strike From Hell"],"picked":"SKIP","floor":44.0},{"not_picked":["Second Wind","Dark Embrace+1","Fire Breathing+1"],"picked":"SKIP","floor":46.0},{"not_picked":["Havoc","Pommel Strike","Perfected Strike"],"picked":"SKIP","floor":47},{"not_picked":["Intimidate","Juggernaut+1","Run Through"],"picked":"SKIP","floor":48}],"player_experience":480320,"relics_obtained":[{"floor":9.0,"key":"Potion Belt"},{"floor":26.0,"key":"Replay:Bottled Snecko"},{"floor":30.0,"key":"Gambling Chip"},{"floor":40.0,"key":"Orichalcum"},{"floor":43.0,"key":"Pear"},{"floor":44.0,"key":"Kunai"},{"floor":46.0,"key":"Replay:Mystery Machine"}],"event_choices":[{"damage_healed":0.0,"max_hp_gain":0.0,"max_hp_loss":0.0,"gold_gain":0.0,"event_name":"Accursed Blacksmith","player_choice":"Forge","floor":4.0,"gold_loss":0.0,"damage_taken":0.0,"cards_upgraded":["Blind"]},{"damage_healed":0.0,"max_hp_gain":0.0,"max_hp_loss":0.0,"gold_gain":0.0,"event_name":"betterNote:BetterNote","player_choice":"Ignored","floor":8.0,"gold_loss":0.0,"damage_taken":0.0,"cards_obtained":["Apotheosis"]},{"cards_removed":["Sword Boomerang"],"damage_healed":5.0,"max_hp_gain":0.0,"max_hp_loss":0.0,"gold_gain":0.0,"event_name":"Bonfire Elementals","player_choice":"Offered Common","floor":38.0,"gold_loss":0.0,"damage_taken":0.0},{"cards_removed":["Sword Boomerang"],"damage_healed":5.0,"max_hp_gain":0.0,"max_hp_loss":0.0,"gold_gain":0.0,"event_name":"Bonfire Elementals","player_choice":"Offered Special","floor":38.0,"gold_loss":0.0,"damage_taken":0.0},{"damage_healed":0.0,"max_hp_gain":0.0,"max_hp_loss":0.0,"gold_gain":0.0,"event_name":"Winding Halls","player_choice":"Embrace Madness","floor":42.0,"gold_loss":0.0,"damage_taken":12.0,"cards_obtained":["Madness","Madness"]}],"is_beta":false,"boss_relics":[{"not_picked":["Astrolabe","Runic Pyramid","aspiration:RandomNobGenerator"]},{"not_picked":["Kintsugi","ReplayTheSpireMod:DimensionalGlitch","beaked:MawFillet"]}],"items_purged_floors":[3,3,3,3,3,3,3,3,21,21,21,21,25,27,36,36,39,39,39],"is_endless":false,"potions_floor_spawned":[1,2,5,13,18,30,31,44,47],"ascension_level":14}}