{"host":"ormi09wwzv7sq47a","time":1614221507,"event":{"mods":["2.2 Compatiblity","AchievementEnabler","Act Like it!","BaseMod","Bestiary","Better Altar","Better Note","Better Sensory Stone","Better Silent Start","Better Skull","Better Third Choice","Better Vampires","BetterRewards","Block Reminder","Card Forge","Colored Map","Colored Powertips","Curses Come First","Downfall","Highlight Path","Minty Spire (QoL Compilation)","Permanent Neow","Quick Restart","Rare Cards Sparkle","Relic Stats","Shop Mod","StSLib","The Jungle"],"gold_per_floor":[117,117,136,286,303,303,303],"floor_reached":6,"language":"ENG","playtime":254,"items_purged":["Strike_B"],"score":72,"play_id":"863153b4-c8c9-415f-8358-f6c2ad3d2300","local_time":"20210224235147","is_ascension_mode":true,"campfire_choices":[],"circlet_count":0,"master_deck":["AscendersBane","Strike_B","Strike_B","Strike_B","Defend_B","Defend_B","Defend_B","Defend_B","Zap","Dualcast","Turbo+1","Tempest+1","Stack+1","Conserve Battery+1","Doubt","Redo+1"],"relics":["Cracked Core","Hammer of Thor","Seething Fire","Anvil of the Gods","Toxic Egg 2","Runic Capacitor","Pocketwatch"],"acts_visited":["Exordium"],"potions_floor_usage":[],"damage_taken":[{"damage":2,"enemies":"Jaw Worm","floor":1,"turns":4},{"damage":3,"enemies":"2 Louse","floor":3,"turns":3},{"damage":0,"enemies":"Small Slimes","floor":5,"turns":4},{"damage":43,"enemies":"Gremlin Nob","floor":6,"turns":3}],"seed_played":"-2605333804398558445","potions_obtained":[],"is_trial":false,"path_per_floor":["M","?","M","?","M","E"],"character_chosen":"DEFECT","items_purchased":["Toxic Egg 2","Runic Capacitor","Turbo+1","Tempest+1"],"campfire_rested":0,"item_purchase_floors":[0,0,0,0],"current_hp_per_floor":[30,30,27,27,27,0,0],"gold":303,"neow_bonus":"","is_daily":false,"chose_seed":false,"campfire_upgraded":0,"win_rate":0.0,"timestamp":1614221507,"path_taken":["M","?","M","?","M","E"],"items_purchased_type":["Relic","Relic","Card","Card"],"build_version":"2020-12-22","purchased_purges":1,"victory":false,"max_hp_per_floor":[71,71,71,71,71,71,71],"relic_stats":{"counters":[28,99],"obtain_stats":[{"Lantern":26,"Vajra":0,"Hammer of Thor":0,"expansioncontent:StudyCardRelic":17,"Runic Capacitor":0,"Whetstone":14,"Boot":23,"ClockworkSouvenir":13,"HornCleat":11,"Slimebound:StickyStick":31,"Mummified Hand":0,"Gambling Chip":0,"HandDrill":0,"Red Mask":25,"Toxic Egg 2":0,"Cracked Core":0,"hexamod:CandleOfCauterizing":10,"Golden Idol":2,"Oddly Smooth Stone":0,"Thread and Needle":0,"The Courier":3,"Seething Fire":0,"Frozen Egg 2":9,"Anvil of the Gods":0,"Turnip":0,"TungstenRod":0,"Pocketwatch":0},{"Lantern":18,"Vajra":5,"Hammer of Thor":0,"expansioncontent:StudyCardRelic":12,"Runic Capacitor":24,"Whetstone":11,"Boot":16,"ClockworkSouvenir":10,"HornCleat":10,"Slimebound:StickyStick":21,"Mummified Hand":22,"Gambling Chip":0,"HandDrill":5,"Red Mask":18,"Toxic Egg 2":24,"Cracked Core":0,"hexamod:CandleOfCauterizing":9,"Golden Idol":23,"Oddly Smooth Stone":5,"Thread and Needle":5,"The Courier":6,"Seething Fire":0,"Frozen Egg 2":9,"Anvil of the Gods":0,"Turnip":0,"TungstenRod":22,"Pocketwatch":24},{"Lantern":61,"Vajra":14,"Hammer of Thor":0,"expansioncontent:StudyCardRelic":39,"Runic Capacitor":85,"Whetstone":32,"Boot":54,"ClockworkSouvenir":29,"HornCleat":29,"Slimebound:StickyStick":72,"Mummified Hand":80,"Gambling Chip":0,"HandDrill":14,"Red Mask":61,"Toxic Egg 2":85,"Cracked Core":0,"hexamod:CandleOfCauterizing":24,"Golden Idol":84,"Oddly Smooth Stone":14,"Thread and Needle":14,"The Courier":17,"Seething Fire":0,"Frozen Egg 2":24,"Anvil of the Gods":0,"Turnip":0,"TungstenRod":80,"Pocketwatch":85}],"Pocketwatch":[27]},"card_choices":[{"not_picked":["Streamline","Cold Snap"],"picked":"Stack+1","floor":1},{"not_picked":["Stack+1","Beam Cell"],"picked":"Conserve Battery+1","floor":3},{"not_picked":["Loop","Rebound"],"picked":"Redo+1","floor":5}],"player_experience":1160657,"relics_obtained":[],"event_choices":[{"damage_healed":0,"gold_gain":0,"player_choice":"LEAVE","damage_taken":0,"max_hp_gain":0,"max_hp_loss":0,"event_name":"betterThird:BetterScrap","floor":2,"gold_loss":0,"cards_obtained":["Weave"]},{"damage_healed":0,"gold_gain":150,"player_choice":"AGREE","damage_taken":136,"max_hp_gain":0,"max_hp_loss":0,"event_name":"betterThird:BetterSerpent","floor":4,"gold_loss":0}],"is_beta":false,"boss_relics":[],"items_purged_floors":[0],"is_endless":false,"potions_floor_spawned":[],"killed_by":"Gremlin Nob","ascension_level":20}}