{"host":"dj20jyxj5yo6mk8a","time":1614258592,"event":{"mods":["AchievementEnabler","BaseMod","BetterRewards","Card Forge","Evolution","Gold Saver","Minty Spire (QoL Compilation)","Reliquary","Replay The Spire","StSLib","SuperFastMode","Uncapped"],"gold_per_floor":[109,120,138,148,148,176,176,209,257,257,257,271,128,155,155,250,250,262,278,37,49,59,92,92,121,171,186,31,31,130,130,130,231,231,244,244,97,107,118,153,153,169,217,217,271,296,147,167,167,167],"floor_reached":51,"language":"ENG","playtime":1849,"items_purged":[],"score":1441,"play_id":"d8477351-55d8-465c-8414-bc2de19b6660","local_time":"20210225100952","is_ascension_mode":true,"campfire_choices":[{"floor":7,"key":"REST"},{"floor":10,"key":"REST"},{"floor":15,"key":"REST"},{"floor":24,"key":"REST"},{"floor":29,"key":"REST"},{"floor":32,"key":"REST"},{"floor":41,"key":"REST"},{"floor":44,"key":"REST"},{"floor":49,"key":"REST"}],"circlet_count":0,"master_deck":["Survivor+1","Neutralize+1","White Noise+1","BecomeAlmighty+1","Dark Shackles+1","Dark Echo+1","Dramatic Entrance+1","Discovery+1","LiveForever+1","Poisoned Strike+1","Sadistic Nature+1","Swift Strike+1","White Noise+1","Distraction+1","Blade Dance+1","BecomeAlmighty+1","Discovery+1","Dramatic Entrance+1","LiveForever+1","Poisoned Strike+1","Sadistic Nature+1","Blade Dance+1","Distraction+1","White Noise+1","BecomeAlmighty+1","Discovery+1","LiveForever+1","Poisoned Strike+1","Sadistic Nature+1","LiveForever+1","LiveForever+1","LiveForever+1"],"relics":["Ring of the Snake","Hammer of Thor","Seething Fire","Anvil of the Gods","EVO:Axolotl","Blue Doll","Letter Opener","reliquary:PartyBalloon","Painkiller Herb","Mirror","reliquary:PurpleTingedLeaf","Ninja Scroll","reliquary:RoseTintedGlasses","Sling","WristBlade","reliquary:ExpiredCoupon","Sundial","Replay:Baseball","Oddly Smooth Stone","Ice Cream","Membership Card"],"acts_visited":["Exordium","TheCity","TheBeyond"],"potions_floor_usage":[],"damage_taken":[{"damage":0,"enemies":"2 Louse","floor":1,"turns":1},{"damage":0,"enemies":"Cultist","floor":2,"turns":1},{"damage":0,"enemies":"Jaw Worm","floor":3,"turns":1},{"damage":0,"enemies":"3 Louse","floor":4,"turns":1},{"damage":0,"enemies":"Gremlin Nob","floor":6,"turns":2},{"damage":0,"enemies":"3 Sentries","floor":8,"turns":1},{"damage":0,"enemies":"Gremlin Gang","floor":11,"turns":1},{"damage":0,"enemies":"Exordium Thugs","floor":12,"turns":2},{"damage":0,"enemies":"Lagavulin","floor":14,"turns":4},{"damage":0,"enemies":"Fading Forest","floor":16,"turns":8},{"damage":0,"enemies":"Spheric Guardian","floor":18,"turns":4},{"damage":6,"enemies":"2 Thieves","floor":19,"turns":3},{"damage":0,"enemies":"Cultist and Chosen","floor":21,"turns":5},{"damage":0,"enemies":"Snecko","floor":22,"turns":4},{"damage":2,"enemies":"Slavers","floor":23,"turns":4},{"damage":0,"enemies":"Gremlin Leader","floor":25,"turns":3},{"damage":8,"enemies":"Snake Plant","floor":27,"turns":2},{"damage":0,"enemies":"Automaton","floor":33,"turns":5},{"damage":0,"enemies":"Orb Walker","floor":35,"turns":3},{"damage":0,"enemies":"3 Darklings","floor":38,"turns":1},{"damage":28,"enemies":"4 Shapes","floor":39,"turns":2},{"damage":0,"enemies":"Giant Head","floor":40,"turns":5},{"damage":8,"enemies":"Sphere and 2 Shapes","floor":42,"turns":1},{"damage":29,"enemies":"R_Hoarder","floor":46,"turns":4},{"damage":11,"enemies":"Writhing Mass","floor":48,"turns":4},{"damage":4,"enemies":"Awakened One","floor":50,"turns":7}],"seed_played":"5965735195144305173","potions_obtained":[{"floor":36,"key":"Dexterity Potion"},{"floor":36,"key":"Ancient Potion"},{"floor":36,"key":"Fire Potion"}],"is_trial":false,"path_per_floor":["M","M","M","M","?","E","R","E","T","R","M","M","$","E","R","B",null,"?","?","T","?","?","E","T","E","T","?","T","T","?","?","T","B",null,"?","?","T","?","?","E","T","?","T","T","T","E","T","?","T","B",null],"character_chosen":"THE_SILENT","items_purchased":["reliquary:PartyBalloon","Mirror","Sling","reliquary:ExpiredCoupon","Membership Card"],"campfire_rested":9,"item_purchase_floors":[13,20,28,37,47],"current_hp_per_floor":[70,70,70,70,70,70,77,77,77,77,77,77,77,77,77,77,77,77,71,71,71,71,69,77,77,77,69,69,77,77,77,77,77,77,77,77,77,77,49,50,73,66,66,77,77,48,48,38,61,58],"gold":167,"neow_bonus":"TEN_PERCENT_HP_BONUS","is_daily":false,"chose_seed":false,"campfire_upgraded":0,"win_rate":0.0,"timestamp":1614258592,"path_taken":["M","M","M","M","?","E","R","E","T","R","M","?","?","E","R","BOSS","?","?","T","?","?","E","T","E","T","?","T","T","?","?","T","BOSS","?","?","T","?","?","E","T","?","T","T","?","E","?","?","T","BOSS"],"items_purchased_type":["Relic","Relic","Relic","Relic","Relic"],"build_version":"2020-12-22","purchased_purges":0,"victory":true,"max_hp_per_floor":[77,77,77,77,77,77,77,77,77,77,77,77,77,77,77,77,77,77,77,77,77,77,77,77,77,77,77,77,77,77,77,77,77,77,77,77,77,77,77,77,77,77,77,77,77,77,77,77,77,77],"card_choices":[{"not_picked":["Fluid Movement","PiercingWail","Infinite Blades"],"picked":"SKIP","floor":1},{"not_picked":["Prepared","Flying Knee","Dagger Spray"],"picked":"SKIP","floor":2},{"not_picked":["Dagger Throw","PiercingWail","Underhanded Strike"],"picked":"SKIP","floor":3},{"not_picked":["Deflect","Corpse Explosion","Escape Plan"],"picked":"SKIP","floor":4},{"not_picked":["Concentrate","Acrobatics","PiercingWail"],"picked":"SKIP","floor":6},{"not_picked":["Quick Slash","Infinite Blades","Well Laid Plans"],"picked":"SKIP","floor":8},{"not_picked":["Dagger Spray","Underhanded Strike","Cloak And Dagger"],"picked":"SKIP","floor":11},{"not_picked":["Crippling Poison","Slice","Masterful Stab"],"picked":"SKIP","floor":12},{"not_picked":["Deadly Poison","Tools of the Trade","Quick Slash"],"picked":"SKIP","floor":14},{"not_picked":["ReplayTheSpireMod:Tripwire","Quick Slash","Terror"],"picked":"SKIP","floor":18},{"not_picked":["Dagger Throw","Cloak And Dagger+1","Acrobatics"],"picked":"SKIP","floor":19},{"not_picked":["Predator+1","Deadly Poison","Riddle With Holes"],"picked":"SKIP","floor":21},{"not_picked":["Sucker Punch","Replay:Poison Smokescreen","Hidden Blade"],"picked":"SKIP","floor":22},{"not_picked":["Backflip+1","Reflex+1","Deadly Poison+1"],"picked":"SKIP","floor":23},{"not_picked":["Bane","Cloak And Dagger+1","Escape Plan"],"picked":"SKIP","floor":25},{"not_picked":["Outmaneuver","Night Terror","Tactician"],"picked":"SKIP","floor":27},{"not_picked":["Blur","PiercingWail","Blade Dance"],"picked":"SKIP","floor":35},{"not_picked":["Dagger Throw+1","Flying Knee","ReplayTheSpireMod:Tripwire+1"],"picked":"SKIP","floor":38},{"not_picked":["Deflect+1","Acrobatics+1","PiercingWail"],"picked":"SKIP","floor":39},{"not_picked":["Quick Slash+1","Dagger Spray+1","Accuracy+1"],"picked":"SKIP","floor":40},{"not_picked":["Bouncing Flask","Underhanded Strike","Crippling Poison"],"picked":"SKIP","floor":42},{"not_picked":["Doppelganger","ReplayTheSpireMod:From All Sides","Sneak Up+1"],"picked":"SKIP","floor":46},{"not_picked":["Bane+1","Dagger Spray","Quick Slash"],"picked":"SKIP","floor":48}],"player_experience":141366,"relics_obtained":[{"floor":6,"key":"Blue Doll"},{"floor":8,"key":"Letter Opener"},{"floor":23,"key":"reliquary:PurpleTingedLeaf"},{"floor":25,"key":"Ninja Scroll"},{"floor":26,"key":"reliquary:RoseTintedGlasses"},{"floor":40,"key":"Sundial"},{"floor":43,"key":"Replay:Baseball"},{"floor":45,"key":"Oddly Smooth Stone"},{"floor":46,"key":"Ice Cream"}],"event_choices":[{"damage_healed":0,"gold_gain":0,"player_choice":"Ignored","damage_taken":0,"max_hp_gain":0,"max_hp_loss":0,"event_name":"Purifier","floor":5,"gold_loss":0},{"damage_healed":0,"gold_gain":99,"player_choice":"Stole From Cult","damage_taken":0,"max_hp_gain":0,"max_hp_loss":0,"event_name":"Nest","floor":30,"gold_loss":0},{"damage_healed":0,"gold_gain":0,"player_choice":"Ignored","damage_taken":0,"max_hp_gain":0,"max_hp_loss":0,"event_name":"Vampires","floor":31,"gold_loss":0},{"damage_healed":0,"gold_gain":0,"player_choice":"Got Potions","damage_taken":0,"max_hp_gain":0,"max_hp_loss":0,"event_name":"Lab","floor":36,"gold_loss":0}],"is_beta":false,"boss_relics":[{"not_picked":["reliquary:WritOfMandamus","Velvet Choker"],"picked":"Painkiller Herb"},{"not_picked":["Snecko Scales","Ring of the Serpent"],"picked":"WristBlade"}],"items_purged_floors":[],"is_endless":false,"potions_floor_spawned":[1,2,4,8,14,19,22,23,25,35,39,40,48],"ascension_level":9}}