{"host":"8czslf765hghnpcx","time":1614250072,"event":{"mods":["BaseMod","BetterRewards","Colored Map","Downfall","GifTheSpireLib","Minty Spire (QoL Compilation)","Quick Restart","StSLib","noobMod"],"gold_per_floor":[99,112,112,112,58,58,58,72,88,99,115,133,168,180,194,294,294,294,310,325,159,172,206,206,232,32,32,42,60,89,89,102,202,202,102,112,129,178,189,35,35,52,80,80,105,118,144,144,158,158,158,192,60,60,60,60],"floor_reached":57,"language":"ZHS","playtime":3999,"items_purged":["sneckomod:Defend","Parasite"],"score":1435,"play_id":"1b11aa5d-4ecd-481b-8e18-a4edb7cfe7df","local_time":"20210225184752","is_ascension_mode":false,"campfire_choices":[{"floor":26,"key":"RECALL"}],"circlet_count":0,"master_deck":["sneckomod:TailWhip","sneckomod:SnekBite","Guardian:Emergency","sneckomod:MasterEye+1","sneckomod:UnknownX","sneckomod:CheapStock","Tempest","sneckomod:UnknownUncommonSkill","sneckomod:CheapStock","sneckomod:RainOfDice","sneckomod:SoulDraw","sneckomod:ImprovisedAttack","sneckomod:Unknown2Cost","sneckomod:QuickBite","sneckomod:UnknownRarePower","sneckomod:CheapStock+1","sneckomod:UnknownCommonAttack+1","sneckomod:MasterEye","sneckomod:UnendingSupply","sneckomod:UnknownRareAttack","sneckomod:DiceCrush+1","sneckomod:UnknownBlock","sneckomod:IronFang","sneckomod:Restock","sneckomod:QuickMove+1","sneckomod:SerpentMind","sneckomod:IronFang","sneckomod:Restock","sneckomod:UnknownBlock","bronze:Library","sneckomod:UnknownWeak+1","bronze:FunctionCard","sneckomod:SoulRoll+1","Apotheosis","sneckomod:CheapStock+1","bronze:FunctionCard","sneckomod:CheapStock","MasterReality","sneckomod:UnendingSupply","bronze:Library+1"],"relics":["sneckomod:SneckoSoul","ice","White Beast Statue","Boot","Fusion Hammer","MealTicket","Bottled Flame","downfall:HeartBlessingGreen","downfall:HeartBlessingBlue","Art of War","Pocketwatch","Pandora\u0027s Box","downfall:HeartBlessingRed","Turnip","Ice Cream","Sundial","Blue Candle","Smiling Mask","Omamori","Pear"],"acts_visited":["Exordium","TheCity","TheBeyond","TheEnding"],"potions_floor_usage":[20,21,22,22,32,40,52,52],"damage_taken":[{"damage":2.0,"enemies":"Small Slimes","floor":2.0,"turns":3.0},{"damage":2.0,"enemies":"downfall:FleeingMerchant","floor":5.0,"turns":4.0},{"damage":5.0,"enemies":"2 Louse","floor":8.0,"turns":2.0},{"damage":0.0,"enemies":"Cultist","floor":9.0,"turns":4.0},{"damage":21.0,"enemies":"Red Slaver","floor":10.0,"turns":3.0},{"damage":18.0,"enemies":"Lots of Slimes","floor":11.0,"turns":2.0},{"damage":66.0,"enemies":"Gremlin Gang","floor":12.0,"turns":6.0},{"damage":23.0,"enemies":"Lagavulin","floor":13.0,"turns":4.0},{"damage":20.0,"enemies":"3 Louse","floor":14.0,"turns":4.0},{"damage":34.0,"enemies":"Lots of Slimes","floor":15.0,"turns":4.0},{"damage":0.0,"enemies":"WA_ARCHETYPE_RETAIN","floor":16.0,"turns":4.0},{"damage":14,"enemies":"3 Byrds","floor":19,"turns":5},{"damage":15,"enemies":"Shell Parasite","floor":20,"turns":3},{"damage":15,"enemies":"downfall:FleeingMerchant","floor":21,"turns":4},{"damage":35,"enemies":"Centurion and Healer","floor":22,"turns":5},{"damage":47,"enemies":"Book of Stabbing","floor":23,"turns":6},{"damage":32,"enemies":"Gremlin Leader","floor":25,"turns":7},{"damage":64,"enemies":"3 Cultists","floor":28,"turns":6},{"damage":28,"enemies":"Snake Plant","floor":29,"turns":4},{"damage":20,"enemies":"Slavers","floor":30,"turns":3},{"damage":0,"enemies":"Snecko","floor":32,"turns":2},{"damage":25,"enemies":"DF_ARCHETYPE_CLAW","floor":33,"turns":4},{"damage":10,"enemies":"Orb Walker","floor":36,"turns":2},{"damage":4,"enemies":"3 Darklings","floor":37,"turns":3},{"damage":0,"enemies":"2 Orb Walkers","floor":38,"turns":2},{"damage":0,"enemies":"Writhing Mass","floor":39,"turns":5},{"damage":0,"enemies":"downfall:FleeingMerchant","floor":40,"turns":3},{"damage":10,"enemies":"Sphere and 2 Shapes","floor":42,"turns":3},{"damage":22,"enemies":"Reptomancer","floor":43,"turns":3},{"damage":3,"enemies":"Giant Head","floor":45,"turns":5},{"damage":22,"enemies":"4 Shapes","floor":46,"turns":4},{"damage":18,"enemies":"Nemesis","floor":47,"turns":3},{"damage":44,"enemies":"3 Darklings","floor":49,"turns":3},{"damage":12,"enemies":"IC_BLOCK_ARCHETYPE","floor":50,"turns":4},{"damage":0,"enemies":"downfall:CharBossMerchant","floor":52,"turns":3},{"damage":13,"enemies":"downfall:NeowBoss","floor":55,"turns":4},{"damage":6,"enemies":"downfall:NeowBossFinal","floor":56,"turns":4}],"seed_played":"-2775131252790097884","potions_obtained":[{"floor":8.0,"key":"Swift Potion"},{"floor":9.0,"key":"GamblersBrew"},{"floor":10.0,"key":"SpeedPotion"},{"floor":11.0,"key":"FairyPotion"},{"floor":12.0,"key":"Strength Potion"},{"floor":13.0,"key":"Weak Potion"},{"floor":14.0,"key":"CultistPotion"},{"floor":16.0,"key":"GamblersBrew"},{"floor":19,"key":"DistilledChaos"},{"floor":20,"key":"LiquidBronze"},{"floor":21,"key":"Fire Potion"},{"floor":22,"key":"Block Potion"},{"floor":23,"key":"Fire Potion"},{"floor":25,"key":"sneckomod:CheatPotion"},{"floor":29,"key":"bronze:BurnAndBuffPotion"},{"floor":32,"key":"BlessingOfTheForge"},{"floor":36,"key":"Slimebound:ThreeZeroPotion"},{"floor":40,"key":"Guardian:BlockOnCardUsePotion"},{"floor":52,"key":"Fruit Juice"}],"is_trial":false,"path_per_floor":["R","M","?","?","$","R","T","M","M","M","M","M","E","M","M","B",null,"R","M","M","$","M","E","T","E","R","?","M","M","E","?","M","B",null,"R","M","M","?","M","?","T","M","E","?","E","M","E","?","M","B",null,"E","$","R","B","B",null],"character_chosen":"THE_SNECKO","items_purchased":["sneckomod:CheapStock","sneckomod:MasterEye","Apotheosis","Ice Cream","sneckomod:UnendingSupply"],"campfire_rested":0,"item_purchase_floors":[5,21,40,40,53],"current_hp_per_floor":[99,97,97,97,95,95,95,90,90,69,51,83,60,40,6,123,125,125,111,96,81,46,121,121,89,99,99,35,7,139,163,163,138,170,170,160,156,156,156,163,163,153,131,131,128,106,88,88,44,232,237,255,252,252,253,274],"gold":60,"neow_bonus":"TEN_PERCENT_HP_BONUS","is_daily":false,"chose_seed":false,"campfire_upgraded":0,"win_rate":0.0,"timestamp":1614250072,"path_taken":["R","M","?","?","$","R","T","M","M","M","?","M","E","M","M","BOSS","R","M","M","$","M","E","T","E","R","?","?","?","E","?","M","BOSS","R","M","?","?","M","?","T","M","E","?","E","M","E","?","M","BOSS","E","$","R","BOSS","BOSS"],"items_purchased_type":["Card","Card","Card","Relic","Card"],"build_version":"2020-12-22","purchased_purges":2,"victory":true,"max_hp_per_floor":[99,99,99,99,99,99,99,99,99,99,99,104,106,112,123,125,125,125,125,125,125,125,126,126,134,144,144,153,159,163,163,163,170,170,170,171,175,177,180,185,185,186,188,188,191,199,202,202,207,237,237,255,252,252,253,274],"card_choices":[{"not_picked":["sneckomod:SoulCleanse","sneckomod:SoulRoll"],"picked":"sneckomod:MasterEye","floor":2.0},{"not_picked":["sneckomod:UnknownBlock","sneckomod:Unknown0Cost"],"picked":"sneckomod:UnknownX","floor":5.0},{"not_picked":["sneckomod:UnknownCommonSkill","sneckomod:SoulRoll"],"picked":"sneckomod:UnknownUncommonSkill","floor":8.0},{"not_picked":["sneckomod:Unknown1Cost","sneckomod:UnendingSupply"],"picked":"sneckomod:CheapStock","floor":9.0},{"not_picked":["sneckomod:DiceBlock","sneckomod:DiceCrush"],"picked":"sneckomod:RainOfDice","floor":10.0},{"not_picked":["sneckomod:RainOfDice","sneckomod:UnknownVulnerable"],"picked":"sneckomod:UnknownUncommonSkill","floor":11.0},{"not_picked":["sneckomod:UnknownCommonAttack","sneckomod:CheapStock"],"picked":"sneckomod:SoulDraw","floor":12.0},{"not_picked":["sneckomod:UnknownVulnerable","sneckomod:UnknownUncommonSkill"],"picked":"sneckomod:ImprovisedAttack","floor":13.0},{"not_picked":["sneckomod:UnknownBlock","sneckomod:UnknownCommonSkill"],"picked":"sneckomod:Unknown2Cost","floor":14.0},{"not_picked":["sneckomod:WideSting","sneckomod:DangerNoodle"],"picked":"sneckomod:QuickBite","floor":15.0},{"not_picked":["sneckomod:Mudshield","sneckomod:DangerNoodle"],"picked":"sneckomod:UnknownRarePower","floor":16.0},{"not_picked":["sneckomod:SnekBeam+1","sneckomod:DefensiveFlair"],"picked":"sneckomod:UnknownClassTHE_BRONZE_AUTOMATON+1","floor":19},{"not_picked":["sneckomod:RainOfDice","sneckomod:DefensiveFlair"],"picked":"sneckomod:CheapStock+1","floor":20},{"not_picked":["sneckomod:SoulRoll","sneckomod:Unknown1Cost+1"],"picked":"sneckomod:UnknownCommonAttack+1","floor":21},{"not_picked":["sneckomod:UnknownCommonAttack+1","sneckomod:IronFang"],"picked":"sneckomod:UnendingSupply","floor":22},{"not_picked":["sneckomod:UnknownClassTHE_BRONZE_AUTOMATON","sneckomod:DiceCrush"],"picked":"sneckomod:UnknownRareAttack","floor":23},{"not_picked":["sneckomod:RainOfDice","sneckomod:UnknownClassGUARDIAN+1"],"picked":"sneckomod:DiceCrush+1","floor":25},{"not_picked":["sneckomod:UnknownClassGUARDIAN","sneckomod:UnknownClassTHE_BRONZE_AUTOMATON"],"picked":"sneckomod:UnknownBlock","floor":28},{"not_picked":["sneckomod:UnknownX","sneckomod:Nope"],"picked":"sneckomod:IronFang","floor":29},{"not_picked":["sneckomod:UnknownClassGUARDIAN","sneckomod:ImprovisedGuard"],"picked":"sneckomod:Restock","floor":30},{"not_picked":["sneckomod:UnknownClassGUARDIAN","sneckomod:IronFang+1"],"picked":"sneckomod:QuickMove+1","floor":32},{"not_picked":["sneckomod:MorePower","sneckomod:UnknownRareAttack"],"picked":"sneckomod:SerpentMind","floor":33},{"not_picked":["sneckomod:SerpentIdol","sneckomod:UnknownCommonSkill+1"],"picked":"sneckomod:UnknownWeak+1","floor":36},{"not_picked":["sneckomod:UnknownBlock+1","sneckomod:SlitherStrike","sneckomod:QuickBite"],"picked":"SKIP","floor":37},{"not_picked":["sneckomod:Unknown1Cost","sneckomod:UnknownVulnerable"],"picked":"sneckomod:SoulRoll+1","floor":39},{"not_picked":["sneckomod:UnknownRareSkill","sneckomod:SerpentIdol+1","sneckomod:ImprovisedGuard+1"],"picked":"SKIP","floor":40},{"not_picked":["sneckomod:WideSting+1","sneckomod:DefensiveFlair","sneckomod:ImprovisedGuard"],"picked":"SKIP","floor":42},{"not_picked":["sneckomod:UnknownUncommonAttack","sneckomod:SoulExchange"],"picked":"sneckomod:CheapStock+1","floor":43},{"not_picked":["sneckomod:DefensiveFlair","sneckomod:UnknownBlock+1","sneckomod:RainOfDice+1"],"picked":"SKIP","floor":45},{"not_picked":["sneckomod:UnknownWeak","sneckomod:UnknownBlock"],"picked":"sneckomod:CheapStock","floor":46},{"not_picked":["sneckomod:SnekBeam","sneckomod:IronFang","sneckomod:DiceBoulder+1"],"picked":"SKIP","floor":47},{"not_picked":["sneckomod:DiceBlock","sneckomod:UnknownClassGUARDIAN","sneckomod:DefensiveFlair"],"picked":"SKIP","floor":49},{"not_picked":["sneckomod:DiceBoulder+1","sneckomod:Nope+1","sneckomod:Cheat"],"picked":"SKIP","floor":52}],"player_experience":147388,"relics_obtained":[{"floor":7.0,"key":"White Beast Statue"},{"floor":13.0,"key":"Boot"},{"floor":23,"key":"MealTicket"},{"floor":25,"key":"Bottled Flame"},{"floor":27,"key":"Art of War"},{"floor":30,"key":"Pocketwatch"},{"floor":38,"key":"Turnip"},{"floor":41,"key":"Sundial"},{"floor":43,"key":"Blue Candle"},{"floor":45,"key":"Smiling Mask"},{"floor":47,"key":"Omamori"},{"floor":52,"key":"Pear"}],"event_choices":[{"cards_removed":["sneckomod:Strike"],"damage_healed":0.0,"max_hp_gain":0.0,"max_hp_loss":0.0,"gold_gain":0.0,"event_name":"The Cleric","player_choice":"Card Removal","floor":3.0,"gold_loss":0.0,"damage_taken":0.0},{"damage_healed":0,"gold_gain":0,"player_choice":"Relic","damage_taken":0,"max_hp_gain":0,"max_hp_loss":0,"event_name":"Wheel of Change","floor":27,"gold_loss":0},{"cards_removed":["bronze:ForceShield"],"damage_healed":24,"gold_gain":0,"player_choice":"Offered Uncommon","damage_taken":0,"max_hp_gain":0,"max_hp_loss":0,"event_name":"Bonfire Elementals","floor":31,"gold_loss":0},{"damage_healed":0,"gold_gain":0,"player_choice":"Fight","damage_taken":0,"max_hp_gain":0,"max_hp_loss":0,"event_name":"Mysterious Sphere","floor":38,"gold_loss":0}],"is_beta":false,"boss_relics":[{"not_picked":["bronze:MakeshiftBattery","Philosopher\u0027s Stone"],"picked":"Fusion Hammer"},{"not_picked":["Calling Bell","Black Star"],"picked":"Pandora\u0027s Box"}],"items_purged_floors":[21,53],"is_endless":false,"potions_floor_spawned":[8,9,10,11,12,13,14,15,16,19,20,21,22,23,25,28,29,30,32,33,36,37,38,39,40,42,43,45,46,47,49,52],"ascension_level":0}}