{"host":"5lv0icc8l08nkbqt","time":1614258459,"event":{"mods":["Act Like it!","Aspiration","BaseMod","Colored Map","Conspire","Elementarium","Energized Spire","Gensokyo","Hallownest","Hubris","JesterMod","Jorbs\u0027s Wanderer Trilogy","Marisa????????","Menagerie","Minty Spire (QoL Compilation)","Pale of the Ancients","Reliquary","Replay The Spire","Ruina","Shade Mod","Spicy Shops","StSLib","The Blue Laboratory","The Disciple","The Hierophant","The Marked","Wandering Minibosses"],"gold_per_floor":[117,128,128,58,58,91,109,109,109,109,109,122,147,161,161,256,256,267,267,286,105,105,133,133,144,144,175,194,225,244,255,255,353,353,368,368,214,214,248,283,283,310,310,23,53,53,71,89,89,89],"floor_reached":51,"language":"ENG","playtime":3925,"items_purged":[],"score":918,"play_id":"4b156605-ab7a-40ed-9027-7bed87e9fe15","local_time":"20210225170739","is_ascension_mode":true,"campfire_choices":[{"data":"conspire:PoisonWeapons","floor":8,"key":"SMITH"},{"data":"Menagerie:QuirionDryad","floor":10,"key":"SMITH"},{"data":"Menagerie:LightningHelix","floor":15,"key":"SMITH"},{"data":"Replay:Sssssssssshield","floor":24,"key":"SMITH"},{"data":"Collect","floor":32,"key":"SMITH"},{"data":"jesterMod:DancingMad","floor":41,"key":"SMITH"},{"floor":46,"key":"REST"},{"floor":49,"key":"REST"}],"circlet_count":0,"master_deck":["conspire:PoisonWeapons+1","jesterMod:Strike+1","jesterMod:Strike+1","jesterMod:Strike+1","jesterMod:Strike+1","jesterMod:Strike+1","jesterMod:Sickle","jesterMod:Defend+1","jesterMod:Defend+1","jesterMod:Dodge","jesterMod:Flee","jesterMod:Flee","Menagerie:LightningHelix+1","Menagerie:QuirionDryad+1","jesterMod:Placebo","conspire:PoisonWeapons+1","ReplayTheSpireMod:Necrosis","hubris:TrickCloak+1","Leg Sweep","stsjorbsmod:Aid","JustLucky","Iron Wave","DeceiveReality","stsjorbsmod:Equinox+1","Replay:Sssssssssshield+1","Shade:SensePrey","AlternateTimeline","Uppercut+1","AlicesGift+1","hierophant:LocustPlague","jesterMod:SelfMockery+1","hierophant:ThreeLashes","Collect+1","Shade:GreyBargain","ruina:BlindRage+1","Compile Driver+1","Madness","Madness","jesterMod:DancingMad","jesterMod:DancingMad+1","stsjorbsmod:Godsbane+1","Adrenaline","AlternateTimeline+1","ruina:SwordSharpened"],"relics":["energizedSpire:NeverEndingSparkler","PrismaticShard","reliquary:NewFriend","hubris:Potato","Pear","ChewingGum","Prayer Wheel","hubris:Spice","Bird Faced Urn","Turnip","aspiration:DSix","Pondfish Scales","energizedSpire:OgreHead","OrangePellets","hubris:Towel","reliquary:GummyVitamins","Durian","Unceasing Top","Whetstone"],"acts_visited":["Exordium","TheCity","TheBeyond"],"potions_floor_usage":[20,28,29,45,45],"damage_taken":[{"damage":0,"enemies":"Menagerie:2_RABBITS","floor":1,"turns":4},{"damage":2,"enemies":"Menagerie:WhisperingWraith","floor":2,"turns":5},{"damage":12,"enemies":"Menagerie:MaskedSummoner","floor":6,"turns":12},{"damage":6,"enemies":"Menagerie:MonstrousExperiment","floor":7,"turns":4},{"damage":2,"enemies":"Menagerie:MENAGERIE_WILDLIFE","floor":12,"turns":5},{"damage":6,"enemies":"Menagerie:VoidReaper","floor":13,"turns":5},{"damage":5,"enemies":"Menagerie:3_RABBITS","floor":14,"turns":4},{"damage":1,"enemies":"Menagerie:AVATARS","floor":16,"turns":7},{"damage":0,"enemies":"3 Byrds","floor":18,"turns":7},{"damage":0,"enemies":"Spheric Guardian","floor":20,"turns":3},{"damage":0,"enemies":"Gremlin Leader","floor":23,"turns":3},{"damage":0,"enemies":"Centurion and Healer","floor":25,"turns":5},{"damage":6,"enemies":"Book of Stabbing","floor":27,"turns":3},{"damage":23,"enemies":"Snake Plant","floor":28,"turns":2},{"damage":0,"enemies":"conspire:SneckoGhost","floor":29,"turns":4},{"damage":0,"enemies":"Snecko","floor":30,"turns":2},{"damage":0,"enemies":"Cultist and Chosen","floor":31,"turns":3},{"damage":21,"enemies":"conspire:MysteriousRune","floor":33,"turns":5},{"damage":11,"enemies":"Orb Walker","floor":35,"turns":2},{"damage":9,"enemies":"conspire:MimicChest","floor":39,"turns":3},{"damage":6,"enemies":"Giant Head","floor":40,"turns":5},{"damage":9,"enemies":"Nemesis","floor":42,"turns":4},{"damage":38,"enemies":"Reptomancer","floor":45,"turns":4},{"damage":8,"enemies":"3 Darklings","floor":47,"turns":3},{"damage":0,"enemies":"Jaw Worm Horde","floor":48,"turns":2},{"damage":79,"enemies":"conspire:OrnateMirror","floor":50,"turns":5}],"seed_played":"-5444731321004703451","potions_obtained":[{"floor":1,"key":"blueLaboratory:PhilterOfMotion"},{"floor":6,"key":"ColorlessPotion"},{"floor":12,"key":"LifebloodPotion"},{"floor":13,"key":"Toxic Potion"},{"floor":25,"key":"Milkshake"},{"floor":28,"key":"blueLaboratory:EnragingPotion"},{"floor":29,"key":"Fruit Juice"},{"floor":30,"key":"LiquidMemories"},{"floor":35,"key":"ColorlessPotion"},{"floor":47,"key":"SpeedPotion"}],"is_trial":false,"path_per_floor":["M","M","?","?","$","E","M","R","T","R","?","M","E","M","R_BF","B",null,"M","?","M","$","?","E","R","M","T","E","M","E","M","M","R","B",null,"M","?","$","?","?","E","R","E","T","$","E","R","M","M","R","B",null],"character_chosen":"THE_JESTER","items_purchased":["hubris:Spice","Replay:Sssssssssshield","jesterMod:DancingMad","OrangePellets","hubris:Spice"],"campfire_rested":2,"item_purchase_floors":[21,21,37,37,44],"current_hp_per_floor":[70,68,68,68,68,56,53,53,53,53,53,54,61,59,59,63,78,78,78,78,86,86,86,86,86,86,85,63,75,82,84,84,70,91,80,69,69,69,62,71,71,69,69,69,38,66,65,72,96,17],"gold":89,"neow_bonus":"BOSS_RELIC","is_daily":false,"chose_seed":false,"campfire_upgraded":6,"win_rate":0.0,"timestamp":1614258459,"path_taken":["M","M","?","?","?","E","M","R","T","R","?","M","E","?","R_BF","BOSS","M","?","M","$","?","E","R","M","T","E","M","E","?","M","R","BOSS","M","?","$","?","?","E","R","E","T","$","E","R","M","M","R","BOSS"],"items_purchased_type":["Relic","Card","Card","Relic","Relic"],"build_version":"2020-12-22","purchased_purges":0,"victory":true,"max_hp_per_floor":[70,70,68,68,68,68,68,68,68,68,68,68,78,78,78,78,78,78,78,78,86,86,86,86,86,86,86,86,91,91,91,91,91,91,91,91,91,91,91,99,99,104,104,96,96,96,96,96,96,96],"card_choices":[{"not_picked":["jesterMod:DancingMad","jesterMod:TrickyDodge"],"picked":"jesterMod:Flee","floor":1},{"not_picked":["jesterMod:Frenzy","jesterMod:ButterKnife"],"picked":"jesterMod:Flee","floor":2},{"not_picked":["Menagerie:SteelWall","Menagerie:WallOfBlossoms"],"picked":"Menagerie:LightningHelix","floor":4},{"not_picked":["Menagerie:LightningHelix","Menagerie:DarkRitual"],"picked":"Menagerie:QuirionDryad","floor":4},{"not_picked":["WindUp","stsjorbsmod:ForcedPresence"],"picked":"jesterMod:Placebo","floor":6},{"not_picked":["Choke","stsjorbsmod:Hibernate"],"picked":"conspire:PoisonWeapons","floor":7},{"not_picked":["CarveReality","stsjorbsmod:FracturedMind"],"picked":"stsjorbsmod:Aid","floor":12},{"not_picked":["Iron Wave","jesterMod:FlameDance"],"picked":"JustLucky","floor":13},{"not_picked":["Replay:Battleflow","InnerPeace"],"picked":"Iron Wave","floor":14},{"not_picked":["ruina:Lumber","Shade:LoseControl"],"picked":"ReplayTheSpireMod:Fabricate Wheel","floor":16},{"not_picked":["stsjorbsmod:ParryingBlow","stsjorbsmod:Prepare","Shade:SpectralStrikes"],"picked":"SKIP","floor":18},{"not_picked":["True Grit","stsjorbsmod:BlackTentacles","Havoc+1"],"picked":"SKIP","floor":18},{"not_picked":["stsjorbsmod:DisguiseSelf","hierophant:Anathema"],"picked":"DeceiveReality","floor":20},{"not_picked":["Sever Soul","stsjorbsmod:Will"],"picked":"stsjorbsmod:Equinox+1","floor":20},{"not_picked":["Footwork","FormalWear"],"picked":"Shade:SensePrey","floor":23},{"not_picked":["jesterMod:Prankster+1","FollowUp+1"],"picked":"AlternateTimeline","floor":25},{"not_picked":["Slice","Shade:BoneShards"],"picked":"Uppercut+1","floor":25},{"not_picked":["Backflip","Shade:CommandSoldier"],"picked":"AlicesGift","floor":27},{"not_picked":["Shade:Bonestorm","ReplayGash+1"],"picked":"hierophant:LocustPlague","floor":28},{"not_picked":["stsjorbsmod:Introspection","jesterMod:Feint+1"],"picked":"jesterMod:SelfMockery+1","floor":28},{"not_picked":["LockedUrn","Replay:Hum"],"picked":"hierophant:ThreeLashes","floor":29},{"not_picked":["stsjorbsmod:SchoolsOfMagic","Entrench+1"],"picked":"Collect","floor":30},{"not_picked":["jesterMod:Unleash","PiercingWail","Break"],"picked":"SKIP","floor":30},{"not_picked":["hierophant:Doomsaying","jesterMod:LaughingGas"],"picked":"Shade:GreyBargain","floor":31},{"not_picked":["Shade:CoffinDance","UnstableBomb","hierophant:RepressedViolence"],"picked":"SKIP","floor":31},{"not_picked":["Atom Bomb","theMarked:BiggerThanFate"],"picked":"ruina:BlindRage","floor":33},{"not_picked":["hierophant:RustyCrate+1","theMarked:Opportunist"],"picked":"Compile Driver+1","floor":35},{"not_picked":["Clothesline+1","stsjorbsmod:Will","Replay:Bootleg Shield Generator+1"],"picked":"SKIP","floor":35},{"not_picked":["Dodge and Roll+1","EmptyFist"],"picked":"stsjorbsmod:Godsbane+1","floor":39},{"not_picked":["Force Field+1","stsjorbsmod:SmithingStrike+1","Singularity+1"],"picked":"SKIP","floor":40},{"not_picked":["jesterMod:OblivionStrike","jesterMod:Dilapidation+1","Calculated Gamble+1"],"picked":"SKIP","floor":42},{"not_picked":["Replay:Parry","stsjorbsmod:FindFamiliar"],"picked":"Adrenaline","floor":45},{"not_picked":["ThirdEye+1","Recurrance"],"picked":"AlternateTimeline+1","floor":47},{"not_picked":["Shade:Awaken+1","PiercingWail+1","hubris:SpiceAddiction"],"picked":"SKIP","floor":47},{"not_picked":["ReplayTheSpireMod:Limb From Limb+1","DC"],"picked":"ruina:SwordSharpened","floor":48},{"not_picked":["Cloak And Dagger","DC+1","Barrage+1"],"picked":"SKIP","floor":48}],"player_experience":1773532,"relics_obtained":[{"floor":6,"key":"reliquary:NewFriend"},{"floor":9,"key":"hubris:Potato"},{"floor":13,"key":"Pear"},{"floor":23,"key":"Bird Faced Urn"},{"floor":26,"key":"Turnip"},{"floor":27,"key":"aspiration:DSix"},{"floor":29,"key":"Pondfish Scales"},{"floor":39,"key":"reliquary:GummyVitamins"},{"floor":40,"key":"hubris:Spice"},{"floor":42,"key":"Durian"},{"floor":43,"key":"Unceasing Top"},{"floor":45,"key":"Whetstone"}],"event_choices":[{"damage_healed":0,"gold_gain":0,"player_choice":"Enter","damage_taken":0,"relics_obtained":["PrismaticShard"],"max_hp_gain":0,"max_hp_loss":2,"event_name":"Menagerie:ShimmeringGrove","floor":3,"gold_loss":0},{"damage_healed":0,"gold_gain":0,"player_choice":"Spells","damage_taken":0,"max_hp_gain":0,"max_hp_loss":0,"event_name":"Menagerie:MagicPeddler","floor":4,"gold_loss":70},{"damage_healed":0,"gold_gain":0,"player_choice":"Simplicity","damage_taken":0,"max_hp_gain":0,"max_hp_loss":0,"event_name":"Back to Basics","floor":19,"gold_loss":0,"cards_upgraded":["jesterMod:Strike","jesterMod:Strike","jesterMod:Strike","jesterMod:Strike","jesterMod:Strike","jesterMod:Defend","jesterMod:Defend"]},{"damage_healed":0,"gold_gain":0,"player_choice":"Upgraded","damage_taken":0,"max_hp_gain":0,"max_hp_loss":0,"event_name":"Upgrade Shrine","floor":22,"gold_loss":0,"cards_upgraded":["hubris:TrickCloak"]},{"damage_healed":0,"gold_gain":0,"player_choice":"Embrace Madness","damage_taken":11,"max_hp_gain":0,"max_hp_loss":0,"event_name":"Winding Halls","floor":36,"gold_loss":0,"cards_obtained":["Madness","Madness"]}],"is_beta":false,"boss_relics":[{"not_picked":["aspiration:WatcherSkillbook","aspiration:IroncladSkillbook"],"picked":"ChewingGum"},{"not_picked":["aspiration:PoetsPen_weak","energizedSpire:StickyHand"],"picked":"energizedSpire:OgreHead"}],"items_purged_floors":[],"is_endless":false,"potions_floor_spawned":[1,6,12,13,25,28,29,30,31,33,35,39,42,47],"ascension_level":1}}