{"host":"3wucmrsmney0jioo","time":1614270854,"event":{"mods":["BaseMod","Minty Spire (QoL Compilation)","MostiFishMod","Prisma Mod","Reliquary","Replay The Spire","Spicy Shops","StSLib","¡¾ÒÅÎï¿¨ÅÆ¡¿REMEMod"],"gold_per_floor":[118,7,25,41,55,86,86,114,114,114,142,156,170,212,212,316,388,410,410,446,468,477,477,477,477],"floor_reached":24,"language":"ZHS","playtime":997,"items_purged":[],"score":290,"play_id":"27aaffe0-a234-47df-9062-330dcabc2c2d","local_time":"20210226003414","is_ascension_mode":true,"campfire_choices":[{"data":"REME_Repentance","floor":7.0,"key":"SMITH"},{"data":"REME_Repentance","floor":10.0,"key":"SMITH"},{"data":"Prostrate","floor":15.0,"key":"SMITH"},{"data":"Ragnarok","floor":23,"key":"SMITH"}],"circlet_count":0,"master_deck":["Eruption","Vigilance","Judgement","MostiFishMod:StarOceanP","MostiFishMod:FlowState","REME_Repentance+1","SandsOfTime","REME_Repentance+1","Conclude","DeceiveReality","MostiFishMod:LegendTransform","Replay:AtTheReady","Replay:DivineShield","Prostrate+1","Omniscience","Replay:ManipulateFuture","Replay:AllIn","Replay:Cycle","Ragnarok+1","WreathOfFlame","MostiFishMod:OutWit","CrushJoints","WreathOfFlame","Prostrate","BattleHymn","ClearTheMind+1","JustLucky"],"relics":["PureWater","DaveBox","REME_ComplimentaryCards","HereWithMe","SynthV:TestCard","Potion Belt","StoneCalendar","reliquary:Boomerang","reliquary:TuningFork","ReplayTheSpireMod:Ninjato","CeramicFish","Pandora\u0027s Box","Prayer Wheel"],"acts_visited":["Exordium","TheCity"],"potions_floor_usage":[24,24],"damage_taken":[{"damage":1.0,"enemies":"Cultist","floor":1.0,"turns":3.0},{"damage":0.0,"enemies":"2 Louse","floor":3.0,"turns":2.0},{"damage":0.0,"enemies":"Jaw Worm","floor":4.0,"turns":1.0},{"damage":0.0,"enemies":"Blue Slaver","floor":5.0,"turns":2.0},{"damage":0.0,"enemies":"3 Sentries","floor":6.0,"turns":4.0},{"damage":0.0,"enemies":"Gremlin Nob","floor":8.0,"turns":2.0},{"damage":12.0,"enemies":"Lagavulin","floor":11.0,"turns":5.0},{"damage":0.0,"enemies":"2 Fungi Beasts","floor":12.0,"turns":2.0},{"damage":3.0,"enemies":"Looter","floor":13.0,"turns":3.0},{"damage":27.0,"enemies":"Gremlin Nob","floor":14.0,"turns":3.0},{"damage":10.0,"enemies":"The Guardian","floor":16.0,"turns":8.0},{"damage":10.0,"enemies":"Chosen","floor":18.0,"turns":4.0},{"damage":15,"enemies":"2 Thieves","floor":21,"turns":3},{"damage":49,"enemies":"Book of Stabbing","floor":24,"turns":4}],"seed_played":"-7479823098304067638","potions_obtained":[{"floor":4.0,"key":"PowerPotion"},{"floor":8.0,"key":"Weak Potion"},{"floor":11.0,"key":"LiquidBronze"},{"floor":16.0,"key":"LiquidBronze"}],"is_trial":false,"path_per_floor":["M","$","M","M","M","E","R","E","T","R","E","M","M","E","R","B",null,"M","?","?","M","?","R","E"],"character_chosen":"WATCHER","items_purchased":["Potion Belt","REME_Repentance"],"campfire_rested":0,"item_purchase_floors":[2,2],"current_hp_per_floor":[71,71,71,71,71,71,71,71,71,71,59,59,56,29,29,19,72,62,62,62,47,47,47,0,0],"gold":477,"neow_bonus":"ONE_RANDOM_RARE_CARD","is_daily":false,"chose_seed":false,"campfire_upgraded":4,"win_rate":0.0,"timestamp":1614270854,"path_taken":["M","$","M","M","?","E","R","E","T","R","E","M","M","E","R","BOSS","M","?","?","M","?","R","E"],"items_purchased_type":["Relic","Card"],"build_version":"2020-12-22","purchased_purges":0,"victory":false,"max_hp_per_floor":[72,72,72,72,72,72,72,72,72,72,72,72,72,72,72,72,72,72,72,72,72,72,72,72,72],"card_choices":[{"not_picked":["Collect","MostiFishMod:Speedup"],"picked":"MostiFishMod:FlowState","floor":1.0},{"not_picked":["EmptyBody","Crescendo","FlurryOfBlows","SignatureMove"],"picked":"SandsOfTime","floor":3.0},{"not_picked":["SignatureMove","Meditate","CutThroughFate","MostiFishMod:FlowState"],"picked":"REME_Repentance","floor":4.0},{"not_picked":["SignatureMove","WreathOfFlame","Evaluate","Protect"],"picked":"Conclude","floor":5.0},{"not_picked":["Crescendo","Study","FollowUp","MostiFishMod:ScryFuture"],"picked":"DeceiveReality","floor":6.0},{"not_picked":["MentalFortress","WreathOfFlame","DeceiveReality","FollowUp","FlyingSleeves"],"picked":"SKIP","floor":8.0},{"not_picked":["LikeWater","PathToVictory","Replay:DivineShield","MostiFishMod:StarWish"],"picked":"MostiFishMod:LegendTransform","floor":11.0},{"not_picked":["ThirdEye","FlurryOfBlows","EmptyFist","WaveOfTheHand"],"picked":"Replay:AtTheReady","floor":12.0},{"not_picked":["EmptyFist","Sanctity","FollowUp","CutThroughFate"],"picked":"Replay:DivineShield","floor":13.0},{"not_picked":["Replay:Vibes","MostiFishMod:Unraveling","Replay:Anticipation","SandsOfTime"],"picked":"Prostrate","floor":14.0},{"not_picked":["Replay:AllIn","Scrawl","Replay:LoomingThreat","REME_WorshipGod"],"picked":"Omniscience","floor":16.0},{"not_picked":["Evaluate","FlurryOfBlows","MostiFishMod:Nomercy","Consecrate"],"picked":"Prostrate","floor":18.0},{"not_picked":["FlurryOfBlows","Study","MostiFishMod:LegendTransform","EmptyMind"],"picked":"BattleHymn","floor":20.0},{"not_picked":["MostiFishMod:FlowState","EmptyBody","WheelKick","REME_Repentance"],"picked":"ClearTheMind+1","floor":21},{"not_picked":["WreathOfFlame","Indignation","Replay:ManipulateFuture+1","PathToVictory","EmptyMind"],"picked":"SKIP","floor":21}],"player_experience":121336,"relics_obtained":[{"floor":1.0,"key":"SynthV:TestCard"},{"floor":6.0,"key":"StoneCalendar"},{"floor":8.0,"key":"reliquary:Boomerang"},{"floor":9.0,"key":"reliquary:TuningFork"},{"floor":11.0,"key":"ReplayTheSpireMod:Ninjato"},{"floor":14.0,"key":"CeramicFish"},{"floor":20.0,"key":"Prayer Wheel"}],"event_choices":[{"damage_healed":0.0,"max_hp_gain":0.0,"max_hp_loss":0.0,"gold_gain":0.0,"event_name":"Ghosts","player_choice":"Ignored","floor":19.0,"gold_loss":0.0,"damage_taken":0.0},{"damage_healed":0,"gold_gain":0,"player_choice":"Read","damage_taken":0,"max_hp_gain":0,"max_hp_loss":0,"event_name":"The Library","floor":22,"gold_loss":0,"cards_obtained":["JustLucky"]}],"is_beta":false,"boss_relics":[{"not_picked":["FixedStarFall","EE1DDrone"],"picked":"Pandora\u0027s Box"}],"items_purged_floors":[],"is_endless":false,"potions_floor_spawned":[4,8,11,16],"killed_by":"Book of Stabbing","ascension_level":1}}