{"host":"0rn20prxkpuv2e47","time":1614241481,"event":{"mods":["100% Spire Juice","ATMod(阿瑾Mod)","Act Like it!","Arknights","BaseMod","Downfall","Gensokyo","Hallownest","Hermit","Koishi","Library of Ruina","Minty Spire (QoL Compilation)","MostiFishMod","Reimu（博丽灵梦）","Remilia（蕾米莉亚）","Robot Space Explorer","StSLib","The Animator","The Construct","The Cursed","The Mystic","The Runesmith","The Servant 0.9.4","Warlord Emblem","[GremlinLeader]The Maniac","[IsaacMod]以撒尖塔","[功能]功能增强和修复MOD","noobMod","【功能Mod】聪明的最终Boss","【遗物卡牌】REMEMod"],"gold_per_floor":[190,150,10,30,30,30,30,108,134,134,153,184,184,250,250,379,379,464,464,449,449,449,449,449,449,449,449,487,487,477,541,541,770,770,855,855,855,916,916,736,736,834,861,861,861,911,911,985],"floor_reached":51,"language":"ZHS","playtime":1656,"items_purged":["hermit:Strike_Hermit","hermit:Defend_Hermit","hermit:Defend_Hermit","hermit:Defend_Hermit","hermit:Strike_Hermit","hermit:Defend_Hermit","hermit:Strike_Hermit","hermit:Strike_Hermit","hermit:DeadMansHand","hermit:Covet","hermit:DeadMansHand","hermit:TrackingShot","hermit:ItchyTrigger+1"],"score":1279,"play_id":"364265bd-7109-4f91-852a-5df07d5ff23a","local_time":"20210225162441","is_ascension_mode":true,"campfire_choices":[{"data":"hermit:Combo","floor":6,"key":"SMITH"},{"data":"hermit:Snipe","floor":10,"key":"SMITH"},{"data":"hermit:CalledShot","floor":13,"key":"SMITH"},{"data":"hermit:GoldenBullet","floor":15,"key":"SMITH"},{"data":"hermit:TakeAim","floor":23,"key":"SMITH"},{"data":"hermit:Ricochet","floor":25,"key":"SMITH"},{"data":"hermit:Snapshot","floor":27,"key":"SMITH"},{"data":"hermit:ItchyTrigger","floor":29,"key":"SMITH"},{"data":"hermit:BigShot","floor":32,"key":"SMITH"},{"data":"hermit:EyeOfTheStorm","floor":41,"key":"SMITH"},{"data":"hermit:TrackingShot","floor":47,"key":"SMITH"},{"floor":49,"key":"RECALL"}],"circlet_count":0,"master_deck":["hermit:Snapshot+1","hermit:CalledShot+1","hermit:Snipe+1","hermit:GoldenBullet+1","hermit:Combo+1","hermit:Ricochet+1","hermit:TrackingShot+1","hermit:TakeAim+1","REME_TwoStrings+1","hermit:BigShot+1","hermit:EyeOfTheStorm+1","hermit:Headshot+1","hermit:EyeOfTheStorm+1"],"relics":["hermit:Momento","ice","AT_ATBox","REME_ComplimentaryCards","HushsDoor","DaveBox","DeadEye","HaiYi:Twilight","BloodBag","SynthV:TestCard","PageOfOzma","MetatronsCube","AT_SpeedBoots","WarlordEmblem:QuestDruid","BookOfRevelations","Frozen Eye","Gensokyo:PortableGap","TheBible","AT_MibuBalloonWealth","FeatherPendant","SynthV:C4","BirthdayGift-Icosahedron","SharpPlug","WarlordEmblem:MantleBaku","Strange Spoon","SalivaCoin","Runesmith:AutoHammer","BFFS","Happy Flower","PageOfSpiderBud","WarlordEmblem:MantleWalana","Toolbox","Question Card","GuppysPaw","AT_BladeRuinedKing","HereWithMe","AT_GuinsooRageblade","Orrery","Vajra","DoctorsRemote","NineVolt","BirthdayGift-Tetrahedron","AT_SunfireAegis","Hallownest:StagBellRelic1","Art of War","Letter Opener","Nunchaku","Dodecahedron"],"acts_visited":["Gensokyo:Gensokyo","Gensokyo:Gensokyoer","Hallownest:KingdomsEdge"],"potions_floor_usage":[16,28],"damage_taken":[{"damage":1,"enemies":"Gensokyo:Python","floor":1,"turns":4},{"damage":24,"enemies":"Gensokyo:Gryphon","floor":4,"turns":4},{"damage":0,"enemies":"Gensokyo:3_Fairies","floor":11,"turns":2},{"damage":6,"enemies":"Gensokyo:Cirno","floor":12,"turns":5},{"damage":0,"enemies":"Gensokyo:Python_and_Kodama","floor":14,"turns":1},{"damage":0,"enemies":"Gensokyo:Reimu","floor":16,"turns":4},{"damage":6,"enemies":"Gensokyo:3_Dogs","floor":18,"turns":2},{"damage":0,"enemies":"Gensokyo:AngelMirror","floor":28,"turns":1},{"damage":0,"enemies":"Gensokyo:Koishi","floor":31,"turns":1},{"damage":0,"enemies":"Gensokyo:Kaguya","floor":33,"turns":2},{"damage":0,"enemies":"Hallownest:3_Siblings","floor":35,"turns":1},{"damage":0,"enemies":"Hallownest:Shield_Heavy","floor":38,"turns":1},{"damage":1,"enemies":"Hallownest:2_Wandering_and_1_Horned","floor":42,"turns":2},{"damage":0,"enemies":"Hallownest:2_Wandering_and_1_Horned","floor":48,"turns":1},{"damage":61,"enemies":"Hallownest:BossHollowKnight","floor":50,"turns":1}],"seed_played":"-4044775509734124685","potions_obtained":[{"floor":1,"key":"hermit:BlackBile"},{"floor":4,"key":"Fire Potion"},{"floor":16,"key":"REME_GoldPotion"},{"floor":16,"key":"ColorlessPotion"},{"floor":28,"key":"Fruit Juice"},{"floor":28,"key":"FairyPotion"},{"floor":31,"key":"GrandPatriotsElixir:ReiMu"}],"is_trial":false,"path_per_floor":["M","$","?","M","$","R","?","T","T","R","M","E","R","M","R","B",null,"M","?","$","$","$","R","?","R","T","R","M","R","$","E","R","B",null,"M","$","$","M","$","?","R","M","T","$","R","?","R","B",null],"character_chosen":"HERMIT","items_purchased":["PageOfOzma","MetatronsCube","AT_SpeedBoots","BookOfRevelations","Frozen Eye","hermit:Snipe","hermit:GoldenBullet","hermit:Combo","BirthdayGift-Icosahedron","SharpPlug","WarlordEmblem:MantleBaku","hermit:TakeAim","Strange Spoon","SalivaCoin","Runesmith:AutoHammer","BFFS","Happy Flower","PageOfSpiderBud","Toolbox","Question Card","GuppysPaw","hermit:BigShot","hermit:EyeOfTheStorm","AT_GuinsooRageblade","Orrery","Vajra","DoctorsRemote","NineVolt","BirthdayGift-Tetrahedron","AT_SunfireAegis","Letter Opener","Nunchaku","Dodecahedron"],"campfire_rested":0,"item_purchase_floors":[2,2,2,5,5,5,5,5,20,20,20,20,21,21,21,22,22,22,30,30,30,30,34,36,36,37,37,37,39,39,46,46,46],"current_hp_per_floor":[49,49,49,25,25,25,25,25,25,25,25,19,19,19,19,19,74,68,68,68,68,68,68,68,68,68,68,73,73,73,73,73,73,70,67,64,64,64,64,64,64,64,61,61,61,61,61,58],"gold":985,"neow_bonus":"ONE_RARE_RELIC","is_daily":false,"chose_seed":false,"campfire_upgraded":11,"win_rate":0.0,"timestamp":1614241481,"path_taken":["M","$","?","?","$","R","?","?","T","R","?","E","R","M","R","BOSS","M","?","$","$","$","R","?","R","T","R","M","R","$","E","R","BOSS","M","$","$","M","$","?","R","M","T","$","R","?","R","BOSS"],"items_purchased_type":["Relic","Relic","Relic","Relic","Relic","Card","Card","Card","Relic","Relic","Relic","Card","Relic","Relic","Relic","Relic","Relic","Relic","Relic","Relic","Relic","Card","Card","Relic","Relic","Relic","Relic","Relic","Relic","Relic","Relic","Relic","Relic"],"build_version":"2020-12-22","purchased_purges":13,"victory":true,"max_hp_per_floor":[82,82,82,82,82,82,74,74,74,74,74,74,74,74,74,74,74,74,74,71,68,68,68,68,68,68,68,73,73,73,73,73,73,70,67,64,64,64,64,64,64,64,61,61,61,61,61,61],"card_choices":[{"not_picked":["hermit:Dive","hermit:TakeCover"],"picked":"hermit:DeadMansHand","floor":1},{"not_picked":["hermit:Virtue","hermit:DeadMansHand","hermit:Determination","hermit:Feint"],"picked":"hermit:CalledShot","floor":4},{"not_picked":["hermit:WideOpen","hermit:SprayPray","hermit:Misfire","hermit:HighCaliber"],"picked":"hermit:ItchyTrigger","floor":11},{"not_picked":["hermit:Glare","hermit:Headshot","hermit:LoneWolf","hermit:SprayPray"],"picked":"hermit:Ricochet","floor":12},{"not_picked":["hermit:HighNoon","hermit:ItchyTrigger","hermit:Maintenance","hermit:HighCaliber"],"picked":"hermit:TrackingShot","floor":14},{"not_picked":["hermit:Scavenge","hermit:LoneWolf","hermit:Shortfuse+1","hermit:LowProfile"],"picked":"hermit:TrackingShot","floor":18},{"not_picked":["hermit:Glare","hermit:TakeCover","hermit:HighCaliber","hermit:HoleUp+1","hermit:BodyArmor"],"picked":"SKIP","floor":28},{"not_picked":["hermit:Feint","hermit:TakeCover","hermit:HighCaliber+1","hermit:Headshot+1","hermit:Enervate+1","hermit:Midnight"],"picked":"SKIP","floor":31},{"not_picked":["hermit:WideOpen","hermit:Manifest","hermit:ShadowCloak+1","hermit:Feint+1","hermit:Determination"],"picked":"hermit:Headshot+1","floor":35},{"not_picked":["hermit:Headshot+1","hermit:BodyArmor+1","hermit:HoleUp+1","hermit:Grudge+1","hermit:CalledShot"],"picked":"hermit:EyeOfTheStorm+1","floor":36},{"not_picked":["hermit:SprayPray","hermit:Dive+1","hermit:HoleUp","hermit:BodyArmor+1","hermit:Manifest","hermit:Feint+1"],"picked":"SKIP","floor":38},{"not_picked":["hermit:SprayPray","hermit:Dive+1","hermit:HoleUp","hermit:BodyArmor+1","hermit:Manifest","hermit:Feint+1"],"picked":"SKIP","floor":38},{"not_picked":["hermit:ItchyTrigger","hermit:Virtue+1","hermit:Snipe","hermit:Grudge","hermit:Ricochet+1","hermit:WideOpen+1"],"picked":"SKIP","floor":42}],"player_experience":178768,"relics_obtained":[{"floor":1,"key":"SynthV:TestCard"},{"floor":8,"key":"TheBible"},{"floor":12,"key":"AT_MibuBalloonWealth"},{"floor":26,"key":"WarlordEmblem:MantleWalana"},{"floor":31,"key":"AT_BladeRuinedKing"},{"floor":43,"key":"Art of War"}],"event_choices":[],"is_beta":false,"boss_relics":[{"not_picked":["Busted Crown","RhineSuit"],"picked":"FeatherPendant"},{"not_picked":[]},{"not_picked":["Snecko Eye","AT_MortalBlade"],"picked":"HereWithMe"},{"not_picked":[]}],"items_purged_floors":[2,2,2,2,2,2,2,2,20,20,20,30,30],"is_endless":false,"potions_floor_spawned":[1,1,4,12,14,16,16,18,28,28,31,33,35,42,48],"ascension_level":1}}