{"host":"5c0qgacoz40l2sko","time":1614234660,"event":{"mods":["BaseMod","Custom Start","Minty Spire (QoL Compilation)","Relic Stats"],"gold_per_floor":[130,142,154,183,195,242,289,301,313,325,360,400,425,470,482,571,583,613,613],"floor_reached":18,"language":"ENG","playtime":2125,"items_purged":[],"score":826,"play_id":"67f45c44-100c-4446-bee8-949b46ae5aba","local_time":"20210225013100","daily_mods":["Flight"],"is_ascension_mode":true,"campfire_choices":[{"data":"Creative AI+1","floor":15,"key":"PURGE"}],"circlet_count":0,"master_deck":["Master of Strategy+1","Capacitor+1","Capacitor+1","Defragment+1","Defragment+1","Defragment+1","Defragment+1","Genetic Algorithm+1","Coolheaded+1","Coolheaded+1","Zap+1","Zap+1"],"relics":["Cracked Core","Anchor","Ancient Tea Set","Art of War","Bag of Preparation","Bird Faced Urn","Black Star","Blood Vial","Bottled Lightning","Bronze Scales","Busted Crown","Calipers","CaptainsWheel","Coffee Dripper","FossilizedHelix","FrozenCore","Runic Pyramid","Juzu Bracelet","Gremlin Horn","Ginger","Frozen Eye","Frozen Egg 2","HornCleat","Happy Flower","Lizard Tail","Membership Card","Lantern","MawBank","Medical Kit","Omamori","Peace Pipe","Pear","Philosopher\u0027s Stone","PreservedInsect","Shovel","SlaversCollar","Smiling Mask","Thread and Needle","TheAbacus","Sundial","Unceasing Top","Strawberry","Mango","Eternal Feather","Tiny Chest","Oddly Smooth Stone","War Paint","Ice Cream","Odd Mushroom","Gambling Chip","Bag of Marbles","Mercury Hourglass","Torii","Inserter"],"acts_visited":["Exordium","TheCity"],"potions_floor_usage":[],"damage_taken":[{"damage":0,"enemies":"Small Slimes","floor":1,"turns":2},{"damage":0,"enemies":"Jaw Worm","floor":4,"turns":2},{"damage":0,"enemies":"Lagavulin","floor":6,"turns":2},{"damage":0,"enemies":"Gremlin Nob","floor":7,"turns":2},{"damage":0,"enemies":"The Mushroom Lair","floor":11,"turns":2},{"damage":0,"enemies":"3 Sentries","floor":12,"turns":2},{"damage":0,"enemies":"Cultist","floor":13,"turns":1},{"damage":0,"enemies":"Lagavulin","floor":14,"turns":2},{"damage":0,"enemies":"The Guardian","floor":16,"turns":2},{"damage":0,"enemies":"3 Byrds","floor":18,"turns":2}],"seed_played":"5845273494648330934","potions_obtained":[{"floor":4,"key":"LiquidBronze"},{"floor":7,"key":"DuplicationPotion"},{"floor":16,"key":"Explosive Potion"}],"is_trial":true,"path_per_floor":["M","?","?","M","$","E","E","?","T","$","?","E","M","E","R","B",null,"M"],"character_chosen":"DEFECT","items_purchased":[],"campfire_rested":0,"item_purchase_floors":[],"current_hp_per_floor":[88,97,97,102,102,102,102,102,102,102,102,102,102,102,102,102,102,102,102],"gold":613,"neow_bonus":"","is_daily":false,"chose_seed":false,"campfire_upgraded":0,"win_rate":0.0,"timestamp":1614234660,"path_taken":["M","?","?","M","$","E","E","?","T","$","?","E","M","E","R","BOSS","M"],"items_purchased_type":[],"build_version":"2020-12-22","purchased_purges":0,"victory":false,"max_hp_per_floor":[88,102,102,102,102,102,102,102,102,102,102,102,102,102,102,102,102,102,102],"relic_stats":{"Gremlin Horn":[7,7],"Torii":0,"Bag of Preparation":[20],"Juzu Bracelet":1,"Ginger":[0],"Smiling Mask":0,"FrozenCore":[8],"Blood Vial":4,"Lizard Tail":0,"Shovel":0,"TheAbacus":[390],"Sundial":[42],"Gambling Chip":[2],"Tiny Chest":0,"Inserter":[1],"Happy Flower":[6],"counters":[10,18],"Eternal Feather":0,"PreservedInsect":113,"War Paint":["Master of Strategy"],"MawBank":216,"Medical Kit":[6],"Mercury Hourglass":[18],"Peace Pipe":1,"Busted Crown":20,"Bird Faced Urn":[8],"Bronze Scales":[38],"Art of War":[9],"Black Star":4,"obtain_stats":[{"Ice Cream":9,"Calipers":0,"Gremlin Horn":0,"Ginger":0,"FrozenCore":0,"Blood Vial":0,"Lizard Tail":0,"HornCleat":0,"Sundial":0,"Strawberry":0,"Philosopher\u0027s Stone":0,"Pear":0,"Happy Flower":0,"Oddly Smooth Stone":7,"Eternal Feather":6,"War Paint":7,"SlaversCollar":0,"Bird Faced Urn":0,"Bronze Scales":0,"Black Star":0,"Unceasing Top":0,"Lantern":0,"Torii":14,"Mango":2,"Bag of Preparation":0,"Juzu Bracelet":0,"Ancient Tea Set":0,"Smiling Mask":0,"Frozen Eye":0,"Shovel":0,"TheAbacus":0,"Gambling Chip":12,"Tiny Chest":6,"Cracked Core":0,"Runic Pyramid":0,"Inserter":17,"Thread and Needle":0,"PreservedInsect":0,"Omamori":0,"Frozen Egg 2":0,"Odd Mushroom":11,"MawBank":0,"Medical Kit":0,"Mercury Hourglass":14,"Peace Pipe":0,"Anchor":0,"CaptainsWheel":0,"Busted Crown":0,"Art of War":0,"Coffee Dripper":0,"Bag of Marbles":12,"Bottled Lightning":0,"Membership Card":0,"FossilizedHelix":0},{"Ice Cream":4,"Calipers":0,"Gremlin Horn":0,"Ginger":0,"FrozenCore":0,"Blood Vial":0,"Lizard Tail":0,"HornCleat":0,"Sundial":0,"Strawberry":0,"Philosopher\u0027s Stone":0,"Pear":0,"Happy Flower":0,"Oddly Smooth Stone":4,"Eternal Feather":3,"War Paint":4,"SlaversCollar":0,"Bird Faced Urn":0,"Bronze Scales":0,"Black Star":0,"Unceasing Top":0,"Lantern":0,"Torii":8,"Mango":1,"Bag of Preparation":0,"Juzu Bracelet":0,"Ancient Tea Set":0,"Smiling Mask":0,"Frozen Eye":0,"Shovel":0,"TheAbacus":0,"Gambling Chip":6,"Tiny Chest":3,"Cracked Core":0,"Runic Pyramid":0,"Inserter":9,"Thread and Needle":0,"PreservedInsect":0,"Omamori":0,"Frozen Egg 2":0,"Odd Mushroom":5,"MawBank":0,"Medical Kit":0,"Mercury Hourglass":8,"Peace Pipe":0,"Anchor":0,"CaptainsWheel":0,"Busted Crown":0,"Art of War":0,"Coffee Dripper":0,"Bag of Marbles":6,"Bottled Lightning":0,"Membership Card":0,"FossilizedHelix":0},{"Ice Cream":8,"Calipers":0,"Gremlin Horn":0,"Ginger":0,"FrozenCore":0,"Blood Vial":0,"Lizard Tail":0,"HornCleat":0,"Sundial":0,"Strawberry":0,"Philosopher\u0027s Stone":0,"Pear":0,"Happy Flower":0,"Oddly Smooth Stone":8,"Eternal Feather":6,"War Paint":8,"SlaversCollar":0,"Bird Faced Urn":0,"Bronze Scales":0,"Black Star":0,"Unceasing Top":0,"Lantern":0,"Torii":15,"Mango":2,"Bag of Preparation":0,"Juzu Bracelet":0,"Ancient Tea Set":0,"Smiling Mask":0,"Frozen Eye":0,"Shovel":0,"TheAbacus":0,"Gambling Chip":12,"Tiny Chest":6,"Cracked Core":0,"Runic Pyramid":0,"Inserter":17,"Thread and Needle":0,"PreservedInsect":0,"Omamori":0,"Frozen Egg 2":0,"Odd Mushroom":10,"MawBank":0,"Medical Kit":0,"Mercury Hourglass":15,"Peace Pipe":0,"Anchor":0,"CaptainsWheel":0,"Busted Crown":0,"Art of War":0,"Coffee Dripper":0,"Bag of Marbles":12,"Bottled Lightning":0,"Membership Card":0,"FossilizedHelix":0}],"Unceasing Top":[0]},"card_choices":[{"not_picked":["Steam"],"picked":"SKIP","floor":1},{"not_picked":["Fusion"],"picked":"SKIP","floor":4},{"not_picked":["Rainbow"],"picked":"SKIP","floor":6},{"not_picked":["Go for the Eyes"],"picked":"SKIP","floor":7},{"not_picked":["Cold Snap"],"picked":"SKIP","floor":12},{"not_picked":["Auto Shields"],"picked":"SKIP","floor":13},{"not_picked":["Conserve Battery"],"picked":"SKIP","floor":14},{"not_picked":["Beam Cell+1"],"picked":"SKIP","floor":18}],"player_experience":214151,"relics_obtained":[{"floor":6,"key":"Eternal Feather"},{"floor":6,"key":"Tiny Chest"},{"floor":7,"key":"Oddly Smooth Stone"},{"floor":7,"key":"War Paint"},{"floor":9,"key":"Ice Cream"},{"floor":11,"key":"Odd Mushroom"},{"floor":12,"key":"Gambling Chip"},{"floor":12,"key":"Bag of Marbles"},{"floor":14,"key":"Mercury Hourglass"},{"floor":14,"key":"Torii"}],"event_choices":[{"damage_healed":0,"gold_gain":0,"player_choice":"Success","damage_taken":5,"relics_obtained":["Mango"],"max_hp_gain":0,"max_hp_loss":0,"event_name":"Scrap Ooze","floor":2,"gold_loss":0},{"cards_removed":["Creative AI"],"damage_healed":0,"gold_gain":0,"player_choice":"Purged","damage_taken":0,"max_hp_gain":0,"max_hp_loss":0,"event_name":"Purifier","floor":3,"gold_loss":0},{"damage_healed":0,"gold_gain":0,"player_choice":"Leave","damage_taken":0,"max_hp_gain":0,"max_hp_loss":0,"event_name":"The Cleric","floor":8,"gold_loss":0},{"damage_healed":0,"gold_gain":0,"player_choice":"Fought Mushrooms","damage_taken":0,"max_hp_gain":0,"max_hp_loss":0,"event_name":"Mushrooms","floor":11,"gold_loss":0}],"is_beta":false,"boss_relics":[{"not_picked":["Pandora\u0027s Box","SacredBark"],"picked":"Inserter"}],"items_purged_floors":[],"is_endless":false,"potions_floor_spawned":[4,7,12,13,16],"killed_by":"3 Byrds","ascension_level":20}}