{"host":"u6i4tuckh9ieu6fx","time":1614234715,"event":{"mods":["100% Spire Juice","ATMod(阿瑾Mod)","Act Like it!","Arknights","Ascension Reborn","Aspiration","Bard","BaseMod","Better Vampires","Chen","Colored Powertips","Conspire","Decade(王小明)","Dota2Spire","Downfall","Gensokyo","GifTheSpireLib","Hallownest","Highlight Path","Jedi Mod","Jorbs\u0027s Wanderer Trilogy","KinomotoSakuraMod(木之本樱)","Koishi","KomeijiMod","LagranYue(拉格朗・月)","Library of Ruina","Library of Ruina Extra","Lobotomy","LobotomyExtend","Luminous","Marisa（F雨　魔理沙）","Minty Spire (QoL Compilation)","MostiFishMod","Reimu（博丽灵梦）","Reliquary","Remilia（蕾米莉亚）","RumiaBox-露米娅的神秘盒子","SIMod","StSLib","Td1madao Mod","TestMod","The Administrix","The Animator","The Bug Knight","The Marked","WarShipGirlsR/战舰少女R mod","Youmu（魂魄妖梦）","Yuyuko","[GremlinLeader]The Maniac","[IsaacMod]以撒尖塔","【功能Mod】混沌之环修复补丁","【遗物卡牌】REMEMod","残留之物","篝火指南"],"gold_per_floor":[112,145,157,175,189,218,218,231,258,258,258,258],"floor_reached":11,"language":"ZHS","playtime":611,"items_purged":[],"score":125,"play_id":"58537812-0d3f-402c-aafa-43a83a234e6a","local_time":"20210225143155","is_ascension_mode":true,"campfire_choices":[],"circlet_count":0,"master_deck":["SpecialBullet","SpecialBullet","SpecialBullet","SpecialBullet","SpecialBullet","SpecialBullet","SpecialBullet","SpecialBullet","Bomb","InformationCode","CentralCode","SecurityCode","AT_DarkMatter","MostiFishMod:CullingBlade","Scorched","PunishingBird","RedEyes","BigBadWolf","SomewhereSpear","OldLady","GrinderMk4","VoidDream","BlackSwan_ego","BloodyDesire","BlueScar"],"relics":["CogitoBucket","testmod-TestBox","AT_ATBox","REME_ComplimentaryCards","DaveBox","HushsDoor","NightmareShop","DeadEye","testmod-Temperance","aspiration:Nostalgia","Coronal","SynthV:TestCard","LetterFromLob","AT_SunfireAegis","Bag of Preparation","Ccalipers"],"acts_visited":["Exordium"],"potions_floor_usage":[],"damage_taken":[{"damage":11,"enemies":"Jaw Worm","floor":1,"turns":2},{"damage":0,"enemies":"conspire:MimicChest","floor":2,"turns":2},{"damage":0,"enemies":"ats:Genji","floor":3,"turns":1},{"damage":0,"enemies":"Cultist","floor":4,"turns":1},{"damage":21,"enemies":"Exordium Thugs","floor":5,"turns":2},{"damage":0,"enemies":"Gremlin Nob","floor":6,"turns":2},{"damage":24,"enemies":"3 Louse","floor":8,"turns":1},{"damage":30,"enemies":"HollowMod:MossKnight","floor":11,"turns":1}],"seed_played":"-6025881765561363947","potions_obtained":[{"floor":5,"key":"Fire Potion"},{"floor":6,"key":"testmod-TestPotion"}],"is_trial":false,"path_per_floor":["M","?","M","M","M","E","R","M","T","?","E"],"character_chosen":"Angela","items_purchased":[],"campfire_rested":0,"item_purchase_floors":[],"current_hp_per_floor":[67,70,70,70,57,67,67,51,51,26,0,0],"gold":258,"neow_bonus":"NOSTALGIA","is_daily":false,"chose_seed":false,"campfire_upgraded":0,"win_rate":0.0,"timestamp":1614234715,"path_taken":["M","?","M","?","M","E","R","M","T","?","E"],"items_purchased_type":[],"build_version":"2020-12-22","purchased_purges":0,"victory":false,"max_hp_per_floor":[70,70,70,70,70,70,70,70,70,70,70,70],"card_choices":[{"not_picked":[],"picked":"Bomb","floor":0},{"not_picked":["SpiderBud","WallGazer"],"picked":"Scorched","floor":1},{"not_picked":["SolemnVow","FrostShard"],"picked":"SKIP","floor":1},{"not_picked":["UniverseFragment","ShyLook"],"picked":"PunishingBird","floor":2},{"not_picked":["Bomb","SwordSharpenedByTears","Beak"],"picked":"RedEyes","floor":2},{"not_picked":["MHz","UniverseFragment"],"picked":"BigBadWolf","floor":3},{"not_picked":["Lantern","RedEyes","Loneliness"],"picked":"SomewhereSpear","floor":3},{"not_picked":["Bloodbath","MHz"],"picked":"OldLady","floor":4},{"not_picked":["CherryBlossom","CENSORED_ego","Regret_ego"],"picked":"GrinderMk4","floor":4},{"not_picked":["BeautyBeast","FairyFestival"],"picked":"VoidDream","floor":5},{"not_picked":["Lantern","Horn","GrinderMk4"],"picked":"BlackSwan_ego","floor":5},{"not_picked":["Tough","Regret_ego","Wingbeat"],"picked":"BloodyDesire","floor":6},{"not_picked":["Heaven","Regret_ego","Penitence"],"picked":"BlueScar","floor":8}],"player_experience":106921,"relics_obtained":[{"floor":1,"key":"SynthV:TestCard"},{"floor":1,"key":"LetterFromLob"},{"floor":2,"key":"AT_SunfireAegis"},{"floor":6,"key":"Bag of Preparation"}],"event_choices":[{"damage_healed":0,"gold_gain":0,"player_choice":"Success","damage_taken":25,"relics_obtained":["Ccalipers"],"max_hp_gain":0,"max_hp_loss":0,"event_name":"Scrap Ooze","floor":10,"gold_loss":0}],"is_beta":false,"boss_relics":[],"items_purged_floors":[],"is_endless":false,"potions_floor_spawned":[5,6,8],"killed_by":"HollowMod:MossKnight","ascension_level":0}}