{"host":"mg3e76uznu9x14du","time":1614282049,"event":{"mods":["BaseMod","Colored Map","Downfall","Minty Spire (QoL Compilation)","Permanent Neow","Relic Stats","Spire Arcade","StSLib","Waifu the Spire","everything is the same but u backflip on backflip"],"gold_per_floor":[99,116,134,134,152,33,33,62,62,62,62,76,76,103,121,216,216,116,132,150,36,49,49,49,89,117,117,132,145,173,173,186,289,289,89,109,122,122,137,168,195,25,25,81,81,97,97,97,116,116,116,144,19,19,19,19,19,19],"floor_reached":56,"language":"ENG","playtime":4360,"items_purged":["bronze:Strike","bronze:Strike","bronze:Overheat"],"score":787,"play_id":"a82f736c-8467-42c0-97bc-a9f9aacf328e","local_time":"20210225144049","is_ascension_mode":true,"campfire_choices":[{"floor":1,"key":"RECALL"},{"data":"bronze:Boost","floor":10,"key":"SMITH"},{"data":"bronze:ClassDefault","floor":13,"key":"SMITH"},{"data":"bronze:SpaghettiCode","floor":18,"key":"SMITH"},{"data":"bronze:GetLatest","floor":23,"key":"SMITH"},{"data":"bronze:TinkerersToolbox","floor":35,"key":"SMITH"},{"data":"bronze:Terminator","floor":43,"key":"SMITH"},{"data":"Mayhem","floor":47,"key":"SMITH"},{"floor":54,"key":"REST"}],"circlet_count":0,"master_deck":["bronze:Defend+1","bronze:Defend+1","bronze:Defend","bronze:Defend","bronze:Replicate","bronze:Goto+1","bronze:Separator","bronze:Boost+1","bronze:InfiniteBeams","bronze:ChosenStrike","bronze:Repair","bronze:ClassDefault+1","bronze:Repair","bronze:SpaghettiCode+1","bronze:FineTuning","bronze:HardenedForm","bronze:WhirlingStrike","bronze:OilSpill+1","bronze:GetLatest+1","bronze:Iterate","bronze:BronzeOrb","bronze:Boost","bronze:FindAndReplace","bronze:AlphaBuild","bronze:Terminator+1","bronze:DelayedGuard+1","bronze:TinkerersToolbox+1","bronze:Invalidate+1","bronze:FineTuning+1","bronze:Constructor","bronze:ClassDefault","bronze:ItsAFeature+1","bronze:InfiniteBeams","Mayhem+1","bronze:Assembly","bronze:DigitalCarnage+1","bronze:DelayedSlice"],"relics":["bronze:PlatinumCore","Strawberry","Dream Catcher","Ancient Tea Set","downfall:HeartBlessingRed","Thread and Needle","sneckomod:BlankCard","bronze:ElectromagneticCoil","downfall:HeartBlessingGreen","downfall:HeartBlessingBlue","Nunchaku","Art of War","bronze:BottledCode","Bag of Marbles"],"acts_visited":["Exordium","TheCity","TheBeyond","TheEnding"],"potions_floor_usage":[12,12,21,21,30,42,46,50,50,52,52,56,56,56],"damage_taken":[{"damage":1,"enemies":"2 Louse","floor":2,"turns":4},{"damage":0,"enemies":"Cultist","floor":3,"turns":3},{"damage":1,"enemies":"Jaw Worm","floor":5,"turns":4},{"damage":0,"enemies":"downfall:FleeingMerchant","floor":6,"turns":4},{"damage":7,"enemies":"Lagavulin","floor":8,"turns":6},{"damage":8,"enemies":"Gremlin Gang","floor":12,"turns":3},{"damage":26,"enemies":"Gremlin Nob","floor":14,"turns":5},{"damage":6,"enemies":"2 Fungi Beasts","floor":15,"turns":3},{"damage":15,"enemies":"SI_SHIV_ARCHETYPE","floor":16,"turns":8},{"damage":0,"enemies":"3 Byrds","floor":19,"turns":5},{"damage":0,"enemies":"Spheric Guardian","floor":20,"turns":3},{"damage":0,"enemies":"downfall:FleeingMerchant","floor":21,"turns":4},{"damage":16,"enemies":"Centurion and Healer","floor":22,"turns":8},{"damage":19,"enemies":"Slavers","floor":26,"turns":3},{"damage":2,"enemies":"Shelled Parasite and Fungi","floor":28,"turns":3},{"damage":7,"enemies":"Snecko","floor":29,"turns":4},{"damage":1,"enemies":"Book of Stabbing","floor":30,"turns":5},{"damage":2,"enemies":"Centurion and Healer","floor":32,"turns":4},{"damage":21,"enemies":"IC_MUSHROOM_ARCHETYPE","floor":33,"turns":7},{"damage":3,"enemies":"3 Shapes","floor":36,"turns":3},{"damage":0,"enemies":"3 Darklings","floor":37,"turns":3},{"damage":0,"enemies":"Spire Growth","floor":39,"turns":3},{"damage":22,"enemies":"Nemesis","floor":40,"turns":5},{"damage":0,"enemies":"downfall:FleeingMerchant","floor":42,"turns":4},{"damage":0,"enemies":"downfall:FleeingMerchant","floor":44,"turns":1},{"damage":17,"enemies":"Writhing Mass","floor":46,"turns":3},{"damage":0,"enemies":"Sphere and 2 Shapes","floor":49,"turns":2},{"damage":1,"enemies":"DF_ARCHETYPE_ORBS","floor":50,"turns":5},{"damage":74,"enemies":"downfall:CharBossMerchant","floor":52,"turns":7},{"damage":51,"enemies":"downfall:NeowBoss","floor":55,"turns":12},{"damage":18,"enemies":"downfall:NeowBossFinal","floor":56,"turns":2}],"seed_played":"1693401137005876071","potions_obtained":[{"floor":2,"key":"ColorlessPotion"},{"floor":5,"key":"BlessingOfTheForge"},{"floor":8,"key":"Explosive Potion"},{"floor":15,"key":"hexamod:SoulburnPotion"},{"floor":19,"key":"sneckomod:MuddlingPotion"},{"floor":20,"key":"SkillPotion"},{"floor":25,"key":"Ancient Potion"},{"floor":26,"key":"SmokeBomb"},{"floor":30,"key":"EssenceOfSteel"},{"floor":33,"key":"bronze:BuildAFunctionPotion"},{"floor":46,"key":"AttackPotion"},{"floor":49,"key":"EntropicBrew"},{"floor":52,"key":"DuplicationPotion"}],"is_trial":false,"path_per_floor":["R","M","M","?","M","$","T","E","?","R","?","M","R","E","M","B",null,"R","M","M","$","M","R","T","?","E","?","M","M","E","?","M","B",null,"R","M","M","?","M","E","T","$","R","$","?","M","R","?","M","B",null,"E","$","R","B","B"],"character_chosen":"THE_AUTOMATON","items_purchased":["bronze:ChosenStrike","bronze:Repair","bronze:Iterate","bronze:BronzeOrb","bronze:InfiniteBeams","Mayhem"],"campfire_rested":1,"item_purchase_floors":[6,6,21,21,42,44],"current_hp_per_floor":[70,69,69,69,68,68,68,75,63,63,77,76,76,51,59,58,77,77,77,77,77,69,69,69,69,57,57,55,56,69,69,74,60,77,87,87,87,87,87,72,72,87,87,87,87,70,70,70,70,76,77,10,10,33,10,0,0,0],"gold":19,"neow_bonus":"UPGRADE_CARD","is_daily":false,"chose_seed":false,"campfire_upgraded":7,"win_rate":0.0,"timestamp":1614282049,"path_taken":["R","M","M","?","?","$","T","E","?","R","?","M","R","E","M","BOSS","R","M","M","$","M","R","T","?","E","?","M","?","E","?","M","BOSS","R","M","M","?","M","E","T","$","R","$","?","M","R","?","M","BOSS","E","$","R","BOSS","BOSS"],"items_purchased_type":["Card","Card","Card","Card","Card","Card"],"build_version":"2020-12-22","purchased_purges":3,"victory":false,"max_hp_per_floor":[70,70,70,70,70,70,70,77,77,77,77,77,77,77,77,77,77,77,77,77,77,77,77,77,77,77,77,77,77,77,77,77,77,77,87,87,87,87,87,87,87,87,87,87,87,87,87,77,77,77,77,77,77,77,77,77,77,77],"relic_stats":{"Dream Catcher":1,"Nunchaku":[10],"counters":[31,136],"Art of War":[0],"obtain_stats":[{"bronze:PlatinumCore":17,"bronze:ElectromagneticCoil":34,"bronze:BronzeCore":0,"downfall:HeartBlessingRed":18,"sneckomod:BlankCard":30,"Thread and Needle":26,"downfall:HeartBlessingGreen":35,"War Paint":7,"Ancient Tea Set":14,"bronze:BottledCode":48,"Dream Catcher":9,"Nunchaku":40,"downfall:HeartBlessingBlue":35,"Strawberry":8,"Art of War":41,"Bag of Marbles":52},{"bronze:PlatinumCore":9,"bronze:ElectromagneticCoil":19,"bronze:BronzeCore":0,"downfall:HeartBlessingRed":9,"sneckomod:BlankCard":17,"Thread and Needle":14,"downfall:HeartBlessingGreen":19,"War Paint":4,"Ancient Tea Set":7,"bronze:BottledCode":26,"Dream Catcher":5,"Nunchaku":23,"downfall:HeartBlessingBlue":19,"Strawberry":5,"Art of War":23,"Bag of Marbles":29},{"bronze:PlatinumCore":40,"bronze:ElectromagneticCoil":86,"bronze:BronzeCore":0,"downfall:HeartBlessingRed":40,"sneckomod:BlankCard":75,"Thread and Needle":63,"downfall:HeartBlessingGreen":86,"War Paint":15,"Ancient Tea Set":29,"bronze:BottledCode":108,"Dream Catcher":21,"Nunchaku":100,"downfall:HeartBlessingBlue":86,"Strawberry":21,"Art of War":100,"Bag of Marbles":122}]},"card_choices":[{"not_picked":["bronze:ItsAFeature","bronze:Shield"],"picked":"bronze:Separator","floor":2},{"not_picked":["bronze:Safeguard","bronze:Branch"],"picked":"bronze:Deprecate","floor":3},{"not_picked":["bronze:BronzeArmor","bronze:Overheat"],"picked":"bronze:Boost","floor":5},{"not_picked":["bronze:Break","bronze:ForceShield"],"picked":"bronze:InfiniteBeams","floor":6},{"not_picked":["bronze:Shield","bronze:Turbo"],"picked":"bronze:ClassDefault","floor":8},{"not_picked":["bronze:Boost","bronze:Shield"],"picked":"bronze:Repair","floor":12},{"not_picked":["bronze:ForLoop","bronze:Turbo"],"picked":"bronze:SpaghettiCode","floor":14},{"not_picked":["bronze:Turbo","bronze:ForceShield"],"picked":"bronze:FineTuning","floor":15},{"not_picked":["bronze:Break","bronze:Virus"],"picked":"bronze:HardenedForm","floor":16},{"not_picked":["bronze:Philosophize","bronze:Refactor"],"picked":"bronze:WhirlingStrike","floor":19},{"not_picked":["bronze:MaxOutput","bronze:Turbo"],"picked":"bronze:OilSpill+1","floor":20},{"not_picked":["bronze:Shield","bronze:Overheat"],"picked":"bronze:GetLatest","floor":21},{"not_picked":["bronze:BitShift+1","bronze:Repair"],"picked":"bronze:Overheat","floor":22},{"not_picked":["bronze:WildBeam","bronze:Shield"],"picked":"bronze:Boost","floor":26},{"not_picked":["bronze:MaxOutput","bronze:Frontload"],"picked":"bronze:AlphaBuild","floor":28},{"not_picked":["bronze:DelayedSlice","bronze:Repair"],"picked":"bronze:Terminator","floor":29},{"not_picked":["bronze:BuggyMess+1","bronze:Backtrace","bronze:Refactor"],"picked":"SKIP","floor":30},{"not_picked":["bronze:BuggyMess","bronze:DelayedSlice"],"picked":"bronze:DelayedGuard+1","floor":32},{"not_picked":["bronze:Break","bronze:HyperBeam"],"picked":"bronze:TinkerersToolbox","floor":33},{"not_picked":["bronze:CutThrough","bronze:DarkDash+1"],"picked":"bronze:Invalidate+1","floor":36},{"not_picked":["bronze:Deprecate+1","bronze:WhirlingStrike+1"],"picked":"bronze:FineTuning+1","floor":37},{"not_picked":["bronze:Overheat+1","bronze:CutThrough"],"picked":"bronze:Constructor","floor":39},{"not_picked":["bronze:Flail+1","bronze:BugBarrage"],"picked":"bronze:ClassDefault","floor":40},{"not_picked":["bronze:DelayedGuard+1","bronze:DarkDash+1"],"picked":"bronze:ItsAFeature+1","floor":42},{"not_picked":["bronze:DarkDash+1","bronze:Safeguard","bronze:DelayedGuard"],"picked":"SKIP","floor":44},{"not_picked":["bronze:WildBeam+1","bronze:NullPointer+1"],"picked":"bronze:Assembly","floor":46},{"not_picked":["bronze:BugBarrage+1","bronze:WildBeam+1"],"picked":"bronze:DigitalCarnage+1","floor":49},{"not_picked":["bronze:SpaghettiCode","bronze:Frontload+1"],"picked":"bronze:DelayedSlice","floor":52}],"player_experience":528572,"relics_obtained":[{"floor":7,"key":"War Paint"},{"floor":8,"key":"Strawberry"},{"floor":14,"key":"Ancient Tea Set"},{"floor":26,"key":"Thread and Needle"},{"floor":30,"key":"sneckomod:BlankCard"},{"floor":40,"key":"Nunchaku"},{"floor":41,"key":"Art of War"},{"floor":52,"key":"Bag of Marbles"}],"event_choices":[{"damage_healed":0,"gold_gain":0,"player_choice":"Success","damage_taken":12,"relics_obtained":["Dream Catcher"],"max_hp_gain":0,"max_hp_loss":0,"event_name":"Scrap Ooze","floor":9,"gold_loss":0},{"damage_healed":25,"gold_gain":0,"player_choice":"Banana","damage_taken":0,"max_hp_gain":0,"max_hp_loss":0,"event_name":"Big Fish","floor":11,"gold_loss":0},{"cards_removed":["bronze:Deprecate"],"damage_healed":0,"gold_gain":0,"player_choice":"Removed Skill","damage_taken":0,"max_hp_gain":0,"max_hp_loss":0,"event_name":"Falling","floor":45,"gold_loss":0}],"is_beta":false,"boss_relics":[{"not_picked":["SacredBark","Philosopher\u0027s Stone"],"picked":"bronze:PlatinumCore"},{"not_picked":["Calling Bell","Empty Cage"],"picked":"bronze:ElectromagneticCoil"}],"items_purged_floors":[42,44,53],"is_endless":false,"potions_floor_spawned":[2,5,8,15,19,20,26,30,33,36,40,46,49,52],"killed_by":"downfall:NeowBossFinal","ascension_level":1}}