{"host":"2mhgakmjhthqu3yt","time":1614274455,"event":{"mods":["AchievementEnabler","BaseMod","Block Reminder","Colored Powertips","Highlight Path","Minty Spire (QoL Compilation)","Quick Restart"],"gold_per_floor":[117,133,133,83,8,8,21,21,46,64,74,74,105,105,105,105,105],"floor_reached":16,"language":"ENG","playtime":582,"items_purged":["Defend_P"],"score":105,"play_id":"f78f7c5f-2523-464c-ac7f-89f7c016599e","local_time":"20210225183415","is_ascension_mode":true,"campfire_choices":[{"data":"Eruption","floor":6,"key":"SMITH"},{"floor":15,"key":"REST"}],"circlet_count":0,"master_deck":["Strike_P","Strike_P","Defend_P","Defend_P","Eruption+1","Vigilance"],"relics":["PureWater","NeowsBlessing","Happy Flower","InkBottle"],"acts_visited":["Exordium"],"potions_floor_usage":[13,16],"damage_taken":[{"damage":0,"enemies":"Jaw Worm","floor":1,"turns":1},{"damage":0,"enemies":"2 Louse","floor":2,"turns":1},{"damage":0,"enemies":"Cultist","floor":7,"turns":1},{"damage":28,"enemies":"Exordium Thugs","floor":10,"turns":4},{"damage":4,"enemies":"Blue Slaver","floor":11,"turns":3},{"damage":28,"enemies":"3 Sentries","floor":13,"turns":6},{"damage":34,"enemies":"Hexaghost","floor":16,"turns":11}],"seed_played":"6093624543556275528","potions_obtained":[{"floor":2,"key":"Ambrosia"},{"floor":10,"key":"PowerPotion"},{"floor":13,"key":"BlessingOfTheForge"}],"is_trial":false,"path_per_floor":["M","M","?","?","$","R","M","?","T","M","M","T","E","$","R","B"],"character_chosen":"WATCHER","items_purchased":[],"campfire_rested":1,"item_purchase_floors":[],"current_hp_per_floor":[72,72,72,72,72,72,72,72,72,44,40,40,12,12,33,0,0],"gold":105,"neow_bonus":"THREE_ENEMY_KILL","is_daily":false,"chose_seed":false,"campfire_upgraded":1,"win_rate":0.0,"timestamp":1614274455,"path_taken":["M","M","?","?","$","R","M","?","T","M","?","?","E","$","R","BOSS"],"items_purchased_type":[],"build_version":"2020-12-22","purchased_purges":1,"victory":false,"max_hp_per_floor":[72,72,72,72,72,72,72,72,72,72,72,72,72,72,72,72,72],"card_choices":[{"not_picked":["Consecrate","JustLucky","CutThroughFate"],"picked":"SKIP","floor":1},{"not_picked":["Crescendo","BowlingBash","ClearTheMind"],"picked":"SKIP","floor":2},{"not_picked":["ForeignInfluence","Prostrate","CutThroughFate"],"picked":"SKIP","floor":7},{"not_picked":["SignatureMove","Wireheading","FollowUp"],"picked":"SKIP","floor":10},{"not_picked":["Halt","ClearTheMind","WreathOfFlame"],"picked":"SKIP","floor":11},{"not_picked":["PathToVictory","BowlingBash","Establishment"],"picked":"SKIP","floor":13}],"player_experience":110343,"relics_obtained":[{"floor":9,"key":"Happy Flower"},{"floor":13,"key":"InkBottle"}],"event_choices":[{"cards_removed":["Defend_P"],"damage_healed":0,"gold_gain":0,"player_choice":"Forget","damage_taken":0,"max_hp_gain":0,"max_hp_loss":0,"event_name":"Living Wall","floor":3,"gold_loss":0},{"cards_removed":["Strike_P"],"damage_healed":0,"gold_gain":0,"player_choice":"Card Removal","damage_taken":0,"max_hp_gain":0,"max_hp_loss":0,"event_name":"The Cleric","floor":4,"gold_loss":50},{"cards_removed":["Strike_P"],"damage_healed":0,"gold_gain":0,"player_choice":"Offered Basic","damage_taken":0,"max_hp_gain":0,"max_hp_loss":0,"event_name":"Bonfire Elementals","floor":8,"gold_loss":0}],"is_beta":false,"boss_relics":[],"items_purged_floors":[5],"is_endless":false,"potions_floor_spawned":[2,10,13],"killed_by":"Hexaghost","ascension_level":1}}