{"host":"Berg","time":1614266151,"event":{"mods":["AchievementEnabler","BaseMod","Better Third Choice","Colored Map","Gremlin Skip","Highlight Path","Minty Spire (QoL Compilation)","Relic Stats","StSLib"],"gold_per_floor":[118,118,134,134,152,191,207,222,222,222,222,222,261,261,261,357,357,332,351,351,351,66,66,107,107,107,107,142,163,163,187,187,283,283,308,308,329,19,50,50,50,50],"floor_reached":41,"language":"ENG","playtime":2020,"items_purged":["Strike_P"],"score":924,"play_id":"9b3c3eb3-1bdf-4da5-9dcb-0c94ff429dc5","local_time":"20210225101551","is_ascension_mode":true,"campfire_choices":[{"data":"Blasphemy","floor":10.0,"key":"SMITH"},{"floor":12.0,"key":"REST"},{"data":"Eruption","floor":15.0,"key":"SMITH"},{"floor":23,"key":"REST"},{"data":"WaveOfTheHand","floor":25,"key":"SMITH"},{"data":"CutThroughFate","floor":27,"key":"SMITH"},{"data":"SpiritShield","floor":30,"key":"SMITH"},{"data":"Wallop","floor":32,"key":"SMITH"},{"floor":40,"key":"REST"}],"circlet_count":0,"master_deck":["AscendersBane","Defend_P","Defend_P","Defend_P","Eruption+1","Vigilance","The Bomb","SashWhip","Wallop+1","Consecrate","Blasphemy+1","EmptyFist","ClearTheMind","Conclude","EmptyBody","SpiritShield+1","InnerPeace+1","SandsOfTime+1","EmptyBody+1","Tantrum+1","CutThroughFate+1","Consecrate","WaveOfTheHand+1","TalkToTheHand+1","Evaluate+1","Indignation+1","EmptyBody+1","LessonLearned","Perseverance+1","Protect+1","InnerPeace+1","InnerPeace+1","Crescendo+1"],"relics":["PureWater","Golden Idol","Ornamental Fan","Eternal Feather","Dream Catcher","Happy Flower","Omamori","Astrolabe","ClockworkSouvenir","Orichalcum","Damaru","Toxic Egg 2","Calling Bell","Strawberry","Molten Egg 2","Thread and Needle","Kunai","Turnip"],"acts_visited":["Exordium","TheCity","TheBeyond"],"potions_floor_usage":[24,31,33,41,41],"damage_taken":[{"damage":4.0,"enemies":"Jaw Worm","floor":1.0,"turns":3.0},{"damage":0.0,"enemies":"Cultist","floor":3.0,"turns":3.0},{"damage":0.0,"enemies":"Small Slimes","floor":5.0,"turns":3.0},{"damage":25.0,"enemies":"Lagavulin","floor":6.0,"turns":6.0},{"damage":6.0,"enemies":"Looter","floor":7.0,"turns":3.0},{"damage":0.0,"enemies":"2 Fungi Beasts","floor":8.0,"turns":4.0},{"damage":18.0,"enemies":"3 Sentries","floor":13.0,"turns":6.0},{"damage":21.0,"enemies":"Hexaghost","floor":16.0,"turns":9.0},{"damage":25.0,"enemies":"2 Thieves","floor":18.0,"turns":4.0},{"damage":9.0,"enemies":"Shell Parasite","floor":19.0,"turns":3.0},{"damage":15,"enemies":"Book of Stabbing","floor":24,"turns":4},{"damage":0,"enemies":"Gremlin Leader","floor":28,"turns":4},{"damage":9,"enemies":"Centurion and Healer","floor":29,"turns":3},{"damage":3,"enemies":"Snecko","floor":31,"turns":4},{"damage":44,"enemies":"Collector","floor":33,"turns":7},{"damage":3,"enemies":"Orb Walker","floor":35,"turns":2},{"damage":45,"enemies":"3 Darklings","floor":37,"turns":4},{"damage":0,"enemies":"Mind Bloom Boss Battle","floor":39,"turns":6},{"damage":100053,"enemies":"Reptomancer","floor":41,"turns":9}],"seed_played":"-287527633356526860","potions_obtained":[{"floor":3.0,"key":"PowerPotion"},{"floor":7.0,"key":"SteroidPotion"},{"floor":13.0,"key":"Swift Potion"},{"floor":16.0,"key":"Dexterity Potion"},{"floor":24,"key":"AttackPotion"},{"floor":28,"key":"Fruit Juice"},{"floor":31,"key":"Dexterity Potion"},{"floor":37,"key":"Block Potion"}],"is_trial":false,"path_per_floor":["M","?","M","T","M","E","M","M","T","R","?","R","E","?","R","B",null,"M","M","?","?","$","R","E","R","T","R","E","M","R","M","R","B",null,"M","?","M","$","?","R","E"],"character_chosen":"WATCHER","items_purchased":["ClockworkSouvenir","Consecrate","Kunai","InnerPeace+1"],"campfire_rested":3,"item_purchase_floors":[22,22,38,38],"current_hp_per_floor":[39,39,39,39,39,14,8,8,8,17,17,44,26,21,33,12,50,25,16,16,16,16,46,31,46,46,61,61,52,62,64,67,23,63,60,60,15,15,15,55,0,0],"gold":50,"neow_bonus":"RANDOM_COLORLESS_2","is_daily":false,"chose_seed":false,"campfire_upgraded":6,"win_rate":0.0,"timestamp":1614266151,"path_taken":["M","?","M","?","?","E","M","M","T","R","?","R","E","?","R","BOSS","M","M","?","?","$","R","E","R","T","R","E","M","R","M","R","BOSS","M","?","?","$","?","R","E"],"items_purchased_type":["Relic","Card","Relic","Card"],"build_version":"2020-12-18","purchased_purges":1,"victory":false,"max_hp_per_floor":[68,62,62,62,62,62,62,62,62,62,62,62,62,62,62,62,62,62,62,62,62,62,62,62,62,62,62,62,62,62,67,67,67,74,74,74,74,74,74,74,74,74],"relic_stats":{"Dream Catcher":3,"Happy Flower":[19],"counters":[19,86],"Golden Idol":113,"Ornamental Fan":[120],"Astrolabe":["InnerPeace","SandsOfTime","EmptyBody"],"Eternal Feather":103,"Turnip":[0],"Kunai":[4],"Orichalcum":[12],"obtain_stats":[{"Happy Flower":13,"Golden Idol":2,"Astrolabe":17,"Damaru":26,"Eternal Feather":6,"Thread and Needle":34,"Omamori":14,"Orichalcum":24,"ClockworkSouvenir":22,"Calling Bell":34,"Dream Catcher":9,"Ornamental Fan":4,"Strawberry":34,"Molten Egg 2":34,"Turnip":39,"Kunai":38,"PureWater":0,"Toxic Egg 2":28},{"Happy Flower":7,"Golden Idol":1,"Astrolabe":8,"Damaru":11,"Eternal Feather":4,"Thread and Needle":15,"Omamori":7,"Orichalcum":11,"ClockworkSouvenir":10,"Calling Bell":15,"Dream Catcher":6,"Ornamental Fan":2,"Strawberry":15,"Molten Egg 2":15,"Turnip":18,"Kunai":17,"PureWater":0,"Toxic Egg 2":12},{"Happy Flower":28,"Golden Idol":3,"Astrolabe":37,"Damaru":48,"Eternal Feather":15,"Thread and Needle":66,"Omamori":28,"Orichalcum":48,"ClockworkSouvenir":44,"Calling Bell":66,"Dream Catcher":22,"Ornamental Fan":6,"Strawberry":66,"Molten Egg 2":66,"Turnip":78,"Kunai":72,"PureWater":0,"Toxic Egg 2":52}]},"card_choices":[{"not_picked":["Chrysalis","Sadistic Nature"],"picked":"The Bomb","floor":0.0},{"not_picked":["JustLucky","Perseverance"],"picked":"SashWhip","floor":1.0},{"not_picked":["CarveReality","DeceiveReality"],"picked":"Wallop","floor":3.0},{"not_picked":["Halt","Protect"],"picked":"Consecrate","floor":5.0},{"not_picked":["SandsOfTime","Sanctity"],"picked":"Blasphemy","floor":6.0},{"not_picked":["Consecrate","ReachHeaven"],"picked":"EmptyFist","floor":7.0},{"not_picked":["Nirvana","Fasting2"],"picked":"ClearTheMind","floor":8.0},{"not_picked":["ThirdEye","Prostrate"],"picked":"Conclude","floor":12.0},{"not_picked":["FlurryOfBlows","WindmillStrike"],"picked":"EmptyBody","floor":13.0},{"not_picked":["DevaForm","Brilliance"],"picked":"SpiritShield","floor":16.0},{"not_picked":["JustLucky","SignatureMove"],"picked":"Tantrum+1","floor":18.0},{"not_picked":["ThirdEye","FlurryOfBlows"],"picked":"CutThroughFate","floor":19.0},{"not_picked":["Prostrate","FlyingSleeves"],"picked":"WaveOfTheHand","floor":23},{"not_picked":["Brilliance","CutThroughFate"],"picked":"TalkToTheHand+1","floor":24},{"not_picked":["ClearTheMind+1","Consecrate"],"picked":"Evaluate+1","floor":28},{"not_picked":["ThirdEye+1","ClearTheMind+1"],"picked":"Indignation+1","floor":29},{"not_picked":["Fasting2","BowlingBash+1"],"picked":"EmptyBody+1","floor":31},{"not_picked":["MasterReality","Judgement+1"],"picked":"LessonLearned","floor":33},{"not_picked":["DeceiveReality+1","ClearTheMind+1"],"picked":"Perseverance+1","floor":35},{"not_picked":["Fasting2","Halt+1"],"picked":"Protect+1","floor":37},{"not_picked":["WreathOfFlame+1","Collect+1"],"picked":"InnerPeace+1","floor":39},{"not_picked":["EmptyFist+1","PathToVictory+1"],"picked":"Crescendo+1","floor":40}],"player_experience":1349456,"relics_obtained":[{"floor":4.0,"key":"Ornamental Fan"},{"floor":6.0,"key":"Eternal Feather"},{"floor":9.0,"key":"Dream Catcher"},{"floor":13.0,"key":"Happy Flower"},{"floor":24,"key":"Orichalcum"},{"floor":26,"key":"Damaru"},{"floor":28,"key":"Toxic Egg 2"},{"floor":34,"key":"Strawberry"},{"floor":34,"key":"Molten Egg 2"},{"floor":34,"key":"Thread and Needle"},{"floor":39,"key":"Turnip"}],"event_choices":[{"damage_healed":0.0,"max_hp_gain":0.0,"max_hp_loss":6.0,"gold_gain":0.0,"event_name":"Golden Idol","player_choice":"Lose Max HP","floor":2.0,"gold_loss":0.0,"damage_taken":0.0,"relics_obtained":["Golden Idol"]},{"damage_healed":0.0,"max_hp_gain":0.0,"max_hp_loss":0.0,"gold_gain":0.0,"event_name":"betterThird:BetterSerpent","player_choice":"Ignored","floor":11.0,"gold_loss":0.0,"damage_taken":222.0},{"damage_healed":0.0,"max_hp_gain":0.0,"max_hp_loss":0.0,"gold_gain":0.0,"event_name":"betterThird:BetterScrap","player_choice":"Relic ","floor":14.0,"gold_loss":0.0,"damage_taken":5.0,"cards_obtained":["BootSequence"]},{"damage_healed":0.0,"max_hp_gain":0.0,"max_hp_loss":0.0,"gold_gain":0.0,"event_name":"Vampires","player_choice":"Ignored","floor":20.0,"gold_loss":0.0,"damage_taken":0.0},{"damage_healed":0,"gold_gain":0,"player_choice":"Ignored","damage_taken":0,"max_hp_gain":0,"max_hp_loss":0,"event_name":"Cursed Tome","floor":21,"gold_loss":0},{"cards_removed":["Defend_P"],"damage_healed":0,"gold_gain":0,"player_choice":"Purged","damage_taken":0,"max_hp_gain":0,"max_hp_loss":0,"event_name":"Purifier","floor":36,"gold_loss":0},{"damage_healed":0,"gold_gain":0,"player_choice":"Fight","damage_taken":0,"max_hp_gain":0,"max_hp_loss":0,"event_name":"MindBloom","floor":39,"gold_loss":0}],"is_beta":true,"boss_relics":[{"not_picked":["HolyWater","Velvet Choker"],"picked":"Astrolabe"},{"not_picked":["Busted Crown","Black Star"],"picked":"Calling Bell"}],"items_purged_floors":[22],"is_endless":false,"potions_floor_spawned":[3,7,13,16,24,28,31,37],"killed_by":"Reptomancer","ascension_level":20}}