{"host":"ajzb762wgznenkzt","time":1614242860,"event":{"mods":["Act Like it!","Arknights","BaseMod","CapriCore","Gensokyo","Hallownest","HololiveMod","Koishi","Library of Ruina","Library of Ruina Extra","Minty Spire (QoL Compilation)","Quick Restart","Remilia£®¿Ÿ√◊¿Ú—«£©","Replay The Spire","Shop Mod","StSLib","The Bug Knight","The Immortal"],"gold_per_floor":[120,208,93,108,127,159,159,186,210,210,224,251,176,209,209,304,304,320,339,339,339,339,368,368,384,460,460,509,528,555,566,566,663,663,678,588,608,157,157,157,191,191,214,228,228,228,256,5,5,5,5],"floor_reached":52,"language":"ZHS","playtime":2805,"items_purged":["Dodge","ChargeAndCover"],"score":1097,"play_id":"4ad4b2ef-3e0d-4e75-b87c-7219e65c881b","local_time":"20210225164740","is_ascension_mode":true,"campfire_choices":[{"data":"BindingChains","floor":7.0,"key":"SMITH"},{"data":"UndertakePrescript","floor":15.0,"key":"SMITH"},{"data":"ToWhereThePrescriptPoints","floor":24,"key":"SMITH"},{"data":"Unlock1","floor":32,"key":"SMITH"},{"data":"NonstopAssault","floor":40,"key":"SMITH"},{"data":"SenseQuarry","floor":42,"key":"SMITH"},{"data":"SilentMist","floor":46,"key":"SMITH"},{"data":"Hallownest:skillGreenpathMap","floor":49,"key":"SMITH"}],"circlet_count":1,"master_deck":["LightDefense","LightDefense","FocusedStrikes","PreparedMind","BindingChains+1","SilentMist+1","Concentration+1","SomberProcuration+1","JiaoTu+1","UndertakePrescript+1","Hallownest:skillGreenpathMap+1","Unlock1+1","SenseQuarry+1","ToWhereThePrescriptPoints+1","Multislash","GatherIntel","Disposal+1","NonstopAssault+1","Gensokyo:CustomPotion","QuickSuppression+1"],"relics":["PageOfLibrarian","Hallownest:DreamNailRelic","Odd Mushroom","Oddly Smooth Stone","Circlet","Letter Opener","Garlic","Red Mask","Hallownest:WatcherSealRelic","Incense Burner","Matryoshka","HollowMod:PaleOreRelic","ChewingGum","MerchantsRug","PageOfThreeBirds","ScarletDevilRocket","Nunchaku","Happy Flower","Frozen Egg 2","Whetstone"],"acts_visited":["Hallownest:Greenpath","Hallownest:CityofTears","Gensokyo:Gensokyoest"],"potions_floor_usage":[16],"damage_taken":[{"damage":5.0,"enemies":"Hallownest:2_Tiktiks_and_1_Crawlid","floor":1.0,"turns":4.0},{"damage":0.0,"enemies":"Hallownest:monsterHuskWarrior","floor":4.0,"turns":4.0},{"damage":0.0,"enemies":"2_ Uuma","floor":5.0,"turns":6.0},{"damage":0.0,"enemies":"Hallownest:eliteCrystalGuardian","floor":6.0,"turns":8.0},{"damage":0.0,"enemies":"Hallownest:eliteMossKnight","floor":8.0,"turns":8.0},{"damage":8.0,"enemies":"Hallownest:1_Baldur_1_Crawlid_1_Warrior","floor":11.0,"turns":7.0},{"damage":4.0,"enemies":"Hallownest:eliteCrystalGuardian","floor":12.0,"turns":5.0},{"damage":3.0,"enemies":"Hallownest:eliteVengeflyKing","floor":14.0,"turns":6.0},{"damage":17,"enemies":"Hallownest:BossHornet","floor":16,"turns":9},{"damage":0,"enemies":"Hallownest:Guard_and_Sentry","floor":18,"turns":3},{"damage":2,"enemies":"Hallownest:Flukemon_and_Top","floor":19,"turns":3},{"damage":0,"enemies":"Hallownest:Nosk","floor":23,"turns":4},{"damage":8,"enemies":"Hallownest:2_Husk_Sentries","floor":25,"turns":3},{"damage":0,"enemies":"Hallownest:Glutton_and_Coward","floor":28,"turns":2},{"damage":0,"enemies":"Hallownest:2_Flukemon","floor":29,"turns":4},{"damage":10,"enemies":"Hallownest:eliteSoulWarrior","floor":30,"turns":4},{"damage":0,"enemies":"Hallownest:Master_and_Novice","floor":31,"turns":3},{"damage":4,"enemies":"Hallownest:BossMantisLord","floor":33,"turns":4},{"damage":0,"enemies":"Gensokyo:3_Boulders","floor":35,"turns":3},{"damage":0,"enemies":"Gensokyo:3_Bats","floor":37,"turns":2},{"damage":3,"enemies":"Gensokyo:Kasen","floor":41,"turns":4},{"damage":0,"enemies":"Gensokyo:Sharpion","floor":44,"turns":2},{"damage":0,"enemies":"Gensokyo:Marisa","floor":47,"turns":3},{"damage":41,"enemies":"Gensokyo:Shinki","floor":50,"turns":10},{"damage":25,"enemies":"Gensokyo:Shinki","floor":51,"turns":6}],"seed_played":"3632028172305252821","potions_obtained":[{"floor":4.0,"key":"ColorlessPotion"},{"floor":11.0,"key":"Explosive Potion"},{"floor":16,"key":"Doom Potion"},{"floor":18,"key":"BlessingOfTheForge"},{"floor":23,"key":"PowerPotion"},{"floor":44,"key":"EntropicBrew"}],"is_trial":false,"path_per_floor":["M","?","?","M","M","E","R","E","T","?","M","E","?","E","R","B",null,"M","M","?","?","?","E","R","M","T","?","M","M","E","M","R","B",null,"M","?","M","$","?","R","E","R","T","M","?","R","E","$","R","B",null,null],"character_chosen":"Librarian","items_purchased":["MerchantsRug","PageOfThreeBirds","Whetstone"],"campfire_rested":0,"item_purchase_floors":[38,38,48],"current_hp_per_floor":[55,55,55,55,55,55,55,55,55,55,47,43,43,40,40,23,91,91,77,73,73,73,73,73,65,65,65,65,65,55,55,55,51,77,77,77,77,77,77,77,74,74,74,74,74,74,74,74,74,39,14],"gold":5,"neow_bonus":"RANDOM_EVENT","is_daily":false,"chose_seed":false,"campfire_upgraded":8,"win_rate":0.0,"timestamp":1614242860,"path_taken":["M","?","?","M","M","E","R","E","T","?","?","E","?","E","R","BOSS","M","M","?","?","?","E","R","M","T","?","?","M","E","M","R","BOSS","M","?","M","$","?","R","E","R","T","?","?","R","E","?","R","BOSS"],"items_purchased_type":["Relic","Relic","Relic"],"build_version":"2020-12-22","purchased_purges":2,"victory":true,"max_hp_per_floor":[75,75,75,77,77,77,77,77,77,77,91,91,91,91,91,91,91,91,77,77,77,77,77,77,77,77,77,77,77,77,77,77,77,77,77,77,77,77,77,77,77,77,77,77,77,77,77,77,77,77,77],"card_choices":[{"not_picked":["DarkCloud","Execute_lor","RapidGashes"],"picked":"SKIP","floor":1.0},{"not_picked":["Concentration","BiAn"],"picked":"PreparedMind","floor":2.0},{"not_picked":["ConcentratedFire","VenomousFangs"],"picked":"BindingChains","floor":2.0},{"not_picked":["ProselytesBlade","SnakeSlit"],"picked":"SilentMist","floor":2.0},{"not_picked":["SilentMist","Parry2"],"picked":"Concentration","floor":4.0},{"not_picked":["DarkCloud","ViolentFlame","ConcentratedFire"],"picked":"SKIP","floor":5.0},{"not_picked":["DarkCloud","QuickSuppression"],"picked":"SomberProcuration","floor":6.0},{"not_picked":["DarkCloud","CoordinatedAssault"],"picked":"JiaoTu","floor":8.0},{"not_picked":["HighKick","Faith","FleetFootsteps"],"picked":"SKIP","floor":11.0},{"not_picked":["IronWall","Castigation"],"picked":"UndertakePrescript","floor":12.0},{"not_picked":["ViolentFlame","GaleKick"],"picked":"Unlock1","floor":14.0},{"not_picked":["FormingStorm","Castigation"],"picked":"SenseQuarry","floor":16},{"not_picked":["GrazeTheGrass","Faith"],"picked":"ToWhereThePrescriptPoints","floor":18},{"not_picked":["BiAn","RapidGashes+1","FleetFootsteps"],"picked":"SKIP","floor":19},{"not_picked":["BiAn","ProselytesBlade+1","JiaoTu"],"picked":"SKIP","floor":23},{"not_picked":["VioletBlade","SerpentSwordTechnique","SnakesPrey"],"picked":"SKIP","floor":25},{"not_picked":["ViolentFlame","RagingStormLove"],"picked":"Multislash","floor":28},{"not_picked":["MindPrepared","SunsetBlade"],"picked":"GatherIntel","floor":29},{"not_picked":["FleetFootsteps","SomberProcuration","WillOfThePrescript"],"picked":"SKIP","floor":30},{"not_picked":["Unlock1+1","Multislash","Faith"],"picked":"SKIP","floor":31},{"not_picked":["MindCrush","FormingStorm"],"picked":"Disposal","floor":33},{"not_picked":["Duel_lor","GrazeTheGrass"],"picked":"NonstopAssault","floor":35},{"not_picked":["PreparedMind","FleetFootsteps","EnergyStrike+1"],"picked":"SKIP","floor":37},{"not_picked":["PinpointShot+1","Unlock1","Execute_lor+1"],"picked":"SKIP","floor":41},{"not_picked":["IronWall+1","QuickSuppression","Unlock1+1"],"picked":"SKIP","floor":44},{"not_picked":["MirageStorm","GreatSerpentsImpact"],"picked":"QuickSuppression+1","floor":47}],"player_experience":795422,"relics_obtained":[{"floor":6.0,"key":"Oddly Smooth Stone"},{"floor":8.0,"key":"Simple Rune"},{"floor":9.0,"key":"War Paint"},{"floor":12.0,"key":"Letter Opener"},{"floor":14.0,"key":"Garlic"},{"floor":23,"key":"Incense Burner"},{"floor":26,"key":"Matryoshka"},{"floor":30,"key":"HollowMod:PaleOreRelic"},{"floor":41,"key":"ScarletDevilRocket"},{"floor":43,"key":"Nunchaku"},{"floor":43,"key":"Happy Flower"},{"floor":47,"key":"Frozen Egg 2"}],"event_choices":[],"is_beta":false,"boss_relics":[{"not_picked":["Kintsugi","Velvet Choker"],"picked":"Empty Cage"},{"not_picked":["Replay:Ancient Bell","Pandora\u0027s Box"],"picked":"ChewingGum"}],"items_purged_floors":[38,48],"is_endless":false,"potions_floor_spawned":[4,11,16,18,23,30,31,33,44,47],"ascension_level":2}}