{"host":"7tvb1em0d2fx72q7","time":1614228434,"event":{"mods":["BaseMod","Challenge The Spire","Minty Spire (QoL Compilation)","StSLib","everything is the same but u backflip on backflip"],"gold_per_floor":[111,125,143,160,175,208,208,238,238,238,76,99,38,58,58,133,133,151,163,163,163,163,163],"floor_reached":22,"language":"ENG","playtime":1068,"items_purged":["Strike_G"],"score":392,"play_id":"e3cd1749-299d-4467-83a0-4d08f8c248d8","local_time":"20210224234714","is_ascension_mode":true,"campfire_choices":[{"floor":7,"key":"REST"},{"floor":10,"key":"REST"},{"floor":15,"key":"REST"}],"circlet_count":0,"master_deck":["AscendersBane","Strike_G+1","Strike_G","Strike_G","Strike_G","Defend_G","Defend_G","Defend_G","Defend_G","Defend_G","Survivor","Neutralize+1","Poisoned Stab","Backflip","Deadly Poison","Dagger Spray","Sucker Punch","Bane","Crippling Poison","Malaise","Crippling Poison","Glass Knife","Skewer","Leg Sweep","RitualDagger"],"relics":["Velvet Choker","Matryoshka","Whetstone","StrikeDummy","WingedGreaves","Odd Mushroom","HoveringKite"],"acts_visited":["Exordium","TheCity"],"potions_floor_usage":[6,6,8,8,14,22],"damage_taken":[{"damage":0,"enemies":"Jaw Worm","floor":1,"turns":4},{"damage":1,"enemies":"Small Slimes","floor":2,"turns":4},{"damage":0,"enemies":"2 Louse","floor":3,"turns":3},{"damage":6,"enemies":"2 Fungi Beasts","floor":4,"turns":3},{"damage":21,"enemies":"Gremlin Gang","floor":5,"turns":4},{"damage":30,"enemies":"Lagavulin","floor":6,"turns":8},{"damage":27,"enemies":"Gremlin Nob","floor":8,"turns":4},{"damage":8,"enemies":"The Mushroom Lair","floor":12,"turns":4},{"damage":3,"enemies":"3 Louse","floor":14,"turns":3},{"damage":15,"enemies":"Hexaghost","floor":16,"turns":10},{"damage":18,"enemies":"Spheric Guardian","floor":18,"turns":5},{"damage":17,"enemies":"Shell Parasite","floor":19,"turns":5},{"damage":15,"enemies":"Snake Plant","floor":22,"turns":4}],"seed_played":"8530138809153300809","potions_obtained":[{"floor":1,"key":"Regen Potion"},{"floor":2,"key":"EntropicBrew"},{"floor":14,"key":"EssenceOfSteel"},{"floor":16,"key":"Poison Potion"}],"is_trial":false,"path_per_floor":["M","M","M","M","M","E","R","E","T","R","$","?","?","M","R","B",null,"M","M","?","?","M"],"character_chosen":"THE_SILENT","items_purchased":["Malaise"],"campfire_rested":3,"item_purchase_floors":[11],"current_hp_per_floor":[59,58,58,52,31,16,35,8,8,27,27,19,19,16,35,20,55,37,20,20,14,0,0],"gold":163,"neow_bonus":"BOSS_RELIC","is_daily":false,"chose_seed":false,"campfire_upgraded":0,"win_rate":0.0,"timestamp":1614228434,"path_taken":["M","M","M","M","M","E","R","E","T","R","$","?","?","M","R","BOSS","M","M","?","?","M"],"items_purchased_type":["Card"],"build_version":"2020-12-22","purchased_purges":1,"victory":false,"max_hp_per_floor":[66,66,66,66,66,66,66,66,66,66,66,66,66,66,66,66,66,66,66,66,66,66,66],"card_choices":[{"not_picked":["Expertise","Prepared"],"picked":"Poisoned Stab","floor":1},{"not_picked":["Distraction","Reflex"],"picked":"Backflip","floor":2},{"not_picked":["Blade Dance","Prepared"],"picked":"Deadly Poison","floor":3},{"not_picked":["Cloak And Dagger","Accuracy"],"picked":"Dagger Spray","floor":4},{"not_picked":["Underhanded Strike","Setup"],"picked":"Sucker Punch","floor":5},{"not_picked":["Prepared","Flying Knee"],"picked":"Bane","floor":6},{"not_picked":["Bane","Bullet Time"],"picked":"Crippling Poison","floor":8},{"not_picked":["Deadly Poison","Dagger Spray"],"picked":"Crippling Poison","floor":14},{"not_picked":["Tools of the Trade","Phantasmal Killer"],"picked":"Glass Knife","floor":16},{"not_picked":["Deflect","Dagger Spray","Underhanded Strike"],"picked":"SKIP","floor":18},{"not_picked":["Outmaneuver","Dagger Spray"],"picked":"Skewer","floor":19}],"player_experience":2064878,"relics_obtained":[{"floor":6,"key":"Matryoshka"},{"floor":8,"key":"Whetstone"},{"floor":9,"key":"StrikeDummy"},{"floor":9,"key":"WingedGreaves"},{"floor":12,"key":"Odd Mushroom"}],"event_choices":[{"damage_healed":0,"gold_gain":0,"player_choice":"Fought Mushrooms","damage_taken":0,"max_hp_gain":0,"max_hp_loss":0,"event_name":"Mushrooms","floor":12,"gold_loss":0},{"damage_healed":0,"gold_gain":0,"player_choice":"Left Gold","damage_taken":0,"max_hp_gain":0,"max_hp_loss":0,"event_name":"World of Goop","floor":13,"gold_loss":61},{"damage_healed":0,"gold_gain":0,"player_choice":"Read","damage_taken":0,"max_hp_gain":0,"max_hp_loss":0,"event_name":"The Library","floor":20,"gold_loss":0,"cards_obtained":["Leg Sweep"]},{"damage_healed":0,"gold_gain":0,"player_choice":"Joined the Cult","damage_taken":6,"max_hp_gain":0,"max_hp_loss":0,"event_name":"Nest","floor":21,"gold_loss":0,"cards_obtained":["RitualDagger"]}],"is_beta":false,"boss_relics":[{"not_picked":["Fusion Hammer","Tiny House"],"picked":"HoveringKite"}],"items_purged_floors":[11],"is_endless":false,"potions_floor_spawned":[1,2,5,14,16],"killed_by":"Snake Plant","ascension_level":20}}