{"host":"clf2hd4adhiiw0zf","time":1614293774,"event":{"mods":["AchievementEnabler","Aspiration","BaseMod","Beaked The Cultist","Bestiary","Dark Map","Downfall","Gremlin Mod","Hermit","Hubris","Infinite Spire","Jorbs\u0027s Wanderer Trilogy","Marisa????????","Minty Spire (QoL Compilation)","Monster B Gone","Quick Restart","Reliquary","Replay The Spire","Shop Mod","Spire Arcade","StSLib","The Construct","The Cursed","The Disciple","The Marked","Wide Potions"],"gold_per_floor":[113,113,113,123,123,148,148,180,180,180,205,222,275,289,289,386,386,401,401,401,419,435,435,470,470,496,525,525,558,609,609,609,609,609,609],"floor_reached":33,"language":"ENG","playtime":2791,"items_purged":[],"score":611,"play_id":"c132c705-38c5-49e0-8440-4d5882574db7","local_time":"20210225155614","is_ascension_mode":true,"campfire_choices":[{"floor":7,"key":"RECALL"},{"floor":10,"key":"REST"},{"data":"Guardian:PrismaticBarrier","floor":15,"key":"SMITH"},{"data":"Guardian:TwinSlam","floor":23,"key":"SMITH"},{"floor":25,"key":"REST"},{"floor":32,"key":"REST"}],"circlet_count":0,"master_deck":["AscendersBane","Guardian:Strike_Guardian","Guardian:Strike_Guardian","Guardian:Strike_Guardian","Guardian:Strike_Guardian","Guardian:Defend_Guardian","Guardian:Defend_Guardian","Guardian:Defend_Guardian+1","Guardian:Defend_Guardian","Guardian:CurlUp","Guardian:TwinSlam+1","Guardian:VentSteam","Guardian:PrismaticBarrier+1","Guardian:BronzeOrb","Guardian:Gem_Orange","Guardian:SphericShield","Delirium"],"relics":["Guardian:ModeShifter","hubris:FunFungus","reliquary:PartyBalloon","infinitespire:CursedDice","Mirror","aspiration:FrozenJewel","reliquary:Sod","reliquary:ExpiredCoupon","construct:ClawGrip","aspiration:RitualStick","Slimebound:StickyStick","Bronze Scales","reliquary:Boomerang","Pet Ghost","reliquary:TatteredRug","ReplayTheSpireMod:Ring of Collecting"],"acts_visited":["Exordium","TheCity"],"potions_floor_usage":[4,6,8,16,16,24,29],"damage_taken":[{"damage":0,"enemies":"2 Louse","floor":1,"turns":3},{"damage":1,"enemies":"Cultist","floor":4,"turns":5},{"damage":18,"enemies":"Gremlin Nob","floor":6,"turns":4},{"damage":23,"enemies":"Lagavulin","floor":8,"turns":9},{"damage":85,"enemies":"Gremlin Nob","floor":11,"turns":7},{"damage":5,"enemies":"Jaw Worm","floor":12,"turns":6},{"damage":11,"enemies":"Blue Slaver","floor":14,"turns":4},{"damage":0,"enemies":"Hexaghost","floor":16,"turns":9},{"damage":5,"enemies":"Spheric Guardian","floor":18,"turns":6},{"damage":6,"enemies":"2 Thieves","floor":21,"turns":5},{"damage":13,"enemies":"Snecko","floor":22,"turns":8},{"damage":26,"enemies":"Gremlin Leader","floor":24,"turns":12},{"damage":0,"enemies":"Slavers","floor":27,"turns":8},{"damage":24,"enemies":"Nightmare","floor":29,"turns":10},{"damage":35,"enemies":"Automaton","floor":33,"turns":12}],"seed_played":"1126624126584636003","potions_obtained":[{"floor":1,"key":"Block Potion"},{"floor":4,"key":"SkillPotion"},{"floor":6,"key":"Toxic Potion"},{"floor":12,"key":"hexamod:SoulburnPotion"},{"floor":14,"key":"PowerPotion"},{"floor":21,"key":"Dexterity Potion"},{"floor":27,"key":"Fire Potion"}],"is_trial":false,"path_per_floor":["M","?","?","M","?","E","R","E","T","R","E","M","T","M","R","B",null,"M","?","?","M","M","R","E","R","T","E","?","NM","T","?","R","B"],"character_chosen":"GUARDIAN","items_purchased":[],"campfire_rested":3,"item_purchase_floors":[],"current_hp_per_floor":[72,60,60,60,60,42,42,22,22,43,26,21,21,10,10,11,57,52,38,38,35,26,26,5,26,26,27,27,5,5,5,26,0,0,0],"gold":609,"neow_bonus":"ONE_RARE_RELIC","is_daily":false,"chose_seed":false,"campfire_upgraded":2,"win_rate":0.0,"timestamp":1614293774,"path_taken":["M","?","?","M","?","E","R","E","T","R","E","M","?","?","R","BOSS","M","?","?","M","?","R","E","R","T","E","?","NM","?","?","R","BOSS"],"items_purchased_type":[],"build_version":"2020-12-22","purchased_purges":0,"victory":false,"max_hp_per_floor":[72,72,72,72,72,72,72,72,72,72,72,72,72,72,72,72,72,72,72,72,72,72,72,72,72,72,72,72,72,72,72,72,72,72,72],"card_choices":[{"not_picked":["Guardian:Reroute","Guardian:Gem_Cyan"],"picked":"Guardian:Gem_Purple","floor":1},{"not_picked":["Guardian:EvasiveProtocol","Guardian:Gem_Green"],"picked":"Guardian:VentSteam","floor":4},{"not_picked":["Guardian:ChargeCore","Guardian:PrimingBeam"],"picked":"Guardian:PrismaticBarrier","floor":6},{"not_picked":["Guardian:ShieldCharger","Guardian:TimeSifter"],"picked":"Guardian:Gem_Cyan","floor":8},{"not_picked":["Guardian:Harden","Guardian:MultiBeam"],"picked":"Guardian:Gem_Crimson","floor":11},{"not_picked":["Guardian:Recover","Guardian:ChargeCore","Guardian:TimeBomb"],"picked":"SKIP","floor":12},{"not_picked":["Guardian:TemporalShield","Guardian:Suspension"],"picked":"Guardian:BronzeOrb","floor":14},{"not_picked":["Guardian:SphericShield","Guardian:GemFinder"],"picked":"Guardian:Gem_Orange","floor":16},{"not_picked":["Guardian:ChargeCore","Guardian:RollAttack"],"picked":"Guardian:Gem_Cyan","floor":18},{"not_picked":["Guardian:RefractedBeam","Guardian:Planning+1"],"picked":"Guardian:Gem_Blue","floor":21},{"not_picked":["Guardian:Recover+1","Guardian:Incinerate+1"],"picked":"Guardian:Gem_Red","floor":22},{"not_picked":["Guardian:Gem_Yellow","Guardian:BronzeOrb"],"picked":"Guardian:SphericShield","floor":24},{"not_picked":["Guardian:TemporalShield+1","Guardian:ArmoredProtocol","Guardian:Incinerate"],"picked":"SKIP","floor":27},{"not_picked":["Guardian:Planning","Guardian:TemporalStrike"],"picked":"Guardian:Gem_Purple","floor":29}],"player_experience":410579,"relics_obtained":[{"floor":6,"key":"Mirror"},{"floor":8,"key":"aspiration:FrozenJewel"},{"floor":11,"key":"reliquary:Sod"},{"floor":13,"key":"reliquary:ExpiredCoupon"},{"floor":24,"key":"Slimebound:StickyStick"},{"floor":26,"key":"Bronze Scales"},{"floor":27,"key":"reliquary:Boomerang"},{"floor":29,"key":"Pet Ghost"},{"floor":30,"key":"reliquary:TatteredRug"},{"floor":31,"key":"ReplayTheSpireMod:Ring of Collecting"}],"event_choices":[{"damage_healed":0,"gold_gain":0,"player_choice":"Success","damage_taken":12,"relics_obtained":["reliquary:PartyBalloon"],"max_hp_gain":0,"max_hp_loss":0,"event_name":"Scrap Ooze","floor":2,"gold_loss":0},{"damage_healed":0,"gold_gain":0,"player_choice":"0 cards matched","damage_taken":0,"max_hp_gain":0,"max_hp_loss":0,"event_name":"Match and Keep!","floor":20,"gold_loss":0,"cards_obtained":[]},{"damage_healed":0,"gold_gain":0,"player_choice":"Ignored","damage_taken":0,"max_hp_gain":0,"max_hp_loss":0,"event_name":"Beggar","floor":28,"gold_loss":0}],"is_beta":false,"boss_relics":[{"not_picked":["aspiration:RunicSpoon","aspiration:SilentSkillbook"],"picked":"construct:ClawGrip"}],"items_purged_floors":[],"is_endless":true,"potions_floor_spawned":[1,4,6,12,14,21,27],"killed_by":"Automaton","ascension_level":11}}