{"host":"2okas1s8lto464g9","time":1614261341,"event":{"mods":["BaseMod","Minty Spire (QoL Compilation)","StSLib","WarShipGirlsR/’ΩΩ¢…Ÿ≈ÆR mod"],"gold_per_floor":[118,128,148,160,180,180,209,227,227,243,208,226,226,253,253,348,348,348],"floor_reached":17,"language":"ZHS","playtime":659,"items_purged":[],"score":213,"play_id":"52d702f6-0acc-4597-b4c7-e144bf0d38a8","local_time":"20210225215541","is_ascension_mode":true,"campfire_choices":[{"data":"Feed","floor":6,"key":"SMITH"},{"data":"Uppercut","floor":13,"key":"SMITH"},{"data":"Evolve","floor":15,"key":"SMITH"}],"circlet_count":0,"master_deck":["Strike_R","Strike_R","Strike_R","Strike_R","Strike_R","Defend_R","Defend_R","Defend_R","Defend_R","Bash","Feed+1","Uppercut+1","Fire Breathing","Evolve+1","Second Wind","Power Through","Shrug It Off","Berserk"],"relics":["Burning Blood","Happy Flower","Molten Egg 2","WingedGreaves","Fusion Hammer"],"acts_visited":["Exordium","TheCity"],"potions_floor_usage":[5],"damage_taken":[{"damage":12.0,"enemies":"Jaw Worm","floor":1.0,"turns":3.0},{"damage":6.0,"enemies":"2 Louse","floor":2.0,"turns":2.0},{"damage":3.0,"enemies":"Small Slimes","floor":3.0,"turns":2.0},{"damage":17.0,"enemies":"Looter","floor":4.0,"turns":4.0},{"damage":43,"enemies":"Exordium Wildlife","floor":5,"turns":7},{"damage":42,"enemies":"Gremlin Nob","floor":7,"turns":5},{"damage":22,"enemies":"Gremlin Gang","floor":8,"turns":6},{"damage":6,"enemies":"Looter","floor":10,"turns":4},{"damage":0,"enemies":"Large Slime","floor":12,"turns":6},{"damage":10,"enemies":"Lagavulin","floor":14,"turns":8},{"damage":17,"enemies":"Hexaghost","floor":16,"turns":15}],"seed_played":"3095764430026489075","potions_obtained":[{"floor":3.0,"key":"Weak Potion"},{"floor":4,"key":"Regen Potion"},{"floor":5,"key":"SteroidPotion"},{"floor":14,"key":"FairyPotion"}],"is_trial":false,"path_per_floor":["M","M","M","M","M","R","E","M","T","M","?","M","R","E","R","B",null],"character_chosen":"IRONCLAD","items_purchased":[],"campfire_rested":0,"item_purchase_floors":[],"current_hp_per_floor":[77,80,86,78,59,59,27,15,15,15,40,50,50,46,46,35,107,107],"gold":348,"neow_bonus":"ONE_RANDOM_RARE_CARD","is_daily":false,"chose_seed":false,"campfire_upgraded":3,"win_rate":0.0,"timestamp":1614261341,"path_taken":["M","M","M","M","M","R","E","M","T","M","?","M","R","E","R","BOSS"],"items_purchased_type":[],"build_version":"2020-12-22","purchased_purges":0,"victory":false,"max_hp_per_floor":[83,86,89,92,95,95,99,103,103,103,103,107,107,107,107,107,107,107],"card_choices":[{"not_picked":["True Grit","Rupture"],"picked":"Uppercut","floor":1.0},{"not_picked":["Wild Strike","Twin Strike","Heavy Blade"],"picked":"SKIP","floor":2.0},{"not_picked":["Anger","Wild Strike","Perfected Strike"],"picked":"SKIP","floor":3.0},{"not_picked":["Armaments","Warcry"],"picked":"Fire Breathing","floor":4},{"not_picked":["Feed","Spot Weakness"],"picked":"Evolve","floor":5},{"not_picked":["Fire Breathing","Carnage"],"picked":"Second Wind","floor":7},{"not_picked":["Fire Breathing","Iron Wave"],"picked":"Power Through","floor":8},{"not_picked":["Pummel+1","Rupture"],"picked":"Shrug It Off","floor":10},{"not_picked":["Intimidate","Thunderclap+1","Battle Trance"],"picked":"SKIP","floor":12},{"not_picked":["Iron Wave+1","Clothesline+1","Thunderclap+1"],"picked":"SKIP","floor":14},{"not_picked":["Limit Break","Exhume"],"picked":"Berserk","floor":16}],"player_experience":487811,"relics_obtained":[{"floor":7,"key":"Happy Flower"},{"floor":9,"key":"Molten Egg 2"},{"floor":14,"key":"WingedGreaves"}],"event_choices":[{"damage_healed":25,"gold_gain":0,"player_choice":"Healed","damage_taken":0,"max_hp_gain":0,"max_hp_loss":0,"event_name":"The Cleric","floor":11,"gold_loss":35}],"is_beta":false,"boss_relics":[{"not_picked":["Sozu","Runic Cube"],"picked":"Fusion Hammer"}],"items_purged_floors":[],"is_endless":false,"potions_floor_spawned":[3,4,5,14],"ascension_level":2}}