{"host":"n08mv44ohivl39d9","time":1614215738,"event":{"mods":["BaseMod","Bestiary","Highlight Path","Minty Spire (QoL Compilation)","Relic Stats"],"gold_per_floor":[118,131,145,165,165,10,10,10,10],"floor_reached":8,"language":"ENG","playtime":1748,"items_purged":["Defend_G"],"score":96,"play_id":"f1c08c75-d3ae-4d38-bfc2-69719e29c52e","local_time":"20210224191538","is_ascension_mode":true,"campfire_choices":[{"floor":7,"key":"REST"}],"circlet_count":0,"master_deck":["AscendersBane","Strike_G","Strike_G","Strike_G","Strike_G","Defend_G","Defend_G","Defend_G","Survivor","Neutralize","Sucker Punch","Crippling Poison","Glass Knife","Masterful Stab","Leg Sweep"],"relics":["Ring of the Snake"],"acts_visited":["Exordium"],"potions_floor_usage":[8],"damage_taken":[{"damage":6,"enemies":"Jaw Worm","floor":1,"turns":7},{"damage":1,"enemies":"Small Slimes","floor":2,"turns":5},{"damage":3,"enemies":"Cultist","floor":3,"turns":5},{"damage":16,"enemies":"Large Slime","floor":4,"turns":8},{"damage":43,"enemies":"Lagavulin","floor":8,"turns":10}],"seed_played":"-697463048576665526","potions_obtained":[{"floor":1,"key":"Dexterity Potion"}],"is_trial":false,"path_per_floor":["M","M","M","M","?","$","R","E"],"character_chosen":"THE_SILENT","items_purchased":["Leg Sweep"],"campfire_rested":1,"item_purchase_floors":[6],"current_hp_per_floor":[38,37,34,18,18,18,37,0,0],"gold":10,"neow_bonus":"REMOVE_TWO","is_daily":false,"chose_seed":false,"campfire_upgraded":0,"win_rate":0.0,"timestamp":1614215738,"path_taken":["M","M","M","M","?","$","R","E"],"items_purchased_type":["Card"],"build_version":"2020-12-22","purchased_purges":1,"victory":false,"max_hp_per_floor":[66,66,66,66,66,66,66,66,66],"relic_stats":{"counters":[5,35],"obtain_stats":[{"Ring of the Snake":0},{"Ring of the Snake":0},{"Ring of the Snake":0}],"Ring of the Snake":[10]},"card_choices":[{"not_picked":["Tactician","Outmaneuver"],"picked":"Sucker Punch","floor":1},{"not_picked":["Poisoned Stab","Dodge and Roll"],"picked":"Crippling Poison","floor":2},{"not_picked":["Choke","Prepared"],"picked":"Glass Knife","floor":3},{"not_picked":["Poisoned Stab","Backflip"],"picked":"Masterful Stab","floor":4}],"player_experience":1509694,"relics_obtained":[],"event_choices":[{"damage_healed":0,"gold_gain":0,"player_choice":"Fled","damage_taken":0,"max_hp_gain":0,"max_hp_loss":0,"event_name":"Scrap Ooze","floor":5,"gold_loss":0}],"is_beta":false,"boss_relics":[],"items_purged_floors":[6],"is_endless":false,"potions_floor_spawned":[1],"killed_by":"Lagavulin","ascension_level":20}}