{"host":"08z5bj28eube4vug","time":1614248375,"event":{"mods":["100% Spire Juice","2.2 Compatiblity","Abigail Mod","Act Like it!","BaseMod","Beaked The Cultist","Bestiary","Friendly Minions","Gensokyo","GungeonMod","Hallownest","Kiyohime????","Koishi","Lobotomy","Marisa????????","Minty Spire (QoL Compilation)","Prisma Mod","Remilia??????","Replay The Spire","Spire Arcade","StSLib","Td1madao Mod","The Alterego","The Bug Knight","The Jungle","The Sage","The Senshi","The Servant 0.9.4","Waifu the Spire","WarShipGirlsR/????R mod","Yuri Mod"],"gold_per_floor":[113,113,137,107,122,155,169,212,212,246,267,290,308,321,321,445,445,431,7,30,54,54,98,114,150,150,168,183,183,197,255,255,381,381,397,413,165,189,207,246,271,311,311,324,324,362,383,406,406,406],"floor_reached":51,"language":"ENG","playtime":4819,"items_purged":["Injury"],"score":1493,"play_id":"b139a78c-48e3-4fb9-9f63-1658a9927162","local_time":"20210225131935","is_ascension_mode":true,"campfire_choices":[{"data":"alterego_mod:BigMeatyClaws","floor":15,"key":"SMITH"},{"data":"alterego_mod:Mirror","floor":29,"key":"SMITH"},{"data":"alterego_mod:Cushion","floor":32,"key":"SMITH"},{"data":"alterego_mod:Impale","floor":45,"key":"SMITH"},{"data":"1","floor":49,"key":"LIFT"}],"circlet_count":0,"master_deck":["alterego_mod:Strike","alterego_mod:Strike","alterego_mod:Strike","alterego_mod:Strike","alterego_mod:Defend","alterego_mod:Defend","alterego_mod:Defend","alterego_mod:Defend","alterego_mod:Impale+1","alterego_mod:BigMeatyClaws+1","alterego_mod:BrynhildrsRune","alterego_mod:BiFurious","alterego_mod:Mirror+1","alterego_mod:Birthday","alterego_mod:BreastValley","alterego_mod:Pet","alterego_mod:Cooking","alterego_mod:MaintainEyeContact","alterego_mod:Birthday","alterego_mod:Cushion+1","alterego_mod:Palingenesis","alterego_mod:Pet","alterego_mod:BreastValley","alterego_mod:Exercise","alterego_mod:RidiculouslyBig","alterego_mod:BreastValley","alterego_mod:BreastValley+1","alterego_mod:Support","alterego_mod:Undulate","alterego_mod:Pet","alterego_mod:Pet","alterego_mod:Pet+1","alterego_mod:SakuraLabyrinth+1","alterego_mod:Weigh","alterego_mod:ChallengeComplete","alterego_mod:SakuraLabyrinth+1","alterego_mod:DiscoLights+1"],"relics":["Painkiller Herb","Golden Idol","DemoMod:RingOfEthereal","DemoMod:NanoMachines","Shuriken","Mirror","Replay:Grab Bag","Cursed Key","Coffee Dripper","SlaversCollar","Juzu Bracelet","HandDrill","Blue Candle","Ancient Tea Set","Replay:WaspNest","theSenshi:MoonKaleidoScopeRelic","Orichalcum","theSenshi:SailorFukuRelic","Art of War","Girya"],"acts_visited":["Exordium","TheCity","TheBeyond"],"potions_floor_usage":[5,6,8,10,16,16,18,23,33,33,38,40,44,48,50,50],"damage_taken":[{"damage":0,"enemies":"Small Slimes","floor":1,"turns":3},{"damage":0,"enemies":"Cultist","floor":3,"turns":3},{"damage":0,"enemies":"Jaw Worm","floor":5,"turns":3},{"damage":12,"enemies":"Gremlin Nob","floor":6,"turns":2},{"damage":0,"enemies":"Looter","floor":7,"turns":3},{"damage":18,"enemies":"3 Sentries","floor":8,"turns":6},{"damage":0,"enemies":"Lagavulin","floor":10,"turns":7},{"damage":0,"enemies":"Exordium Thugs","floor":11,"turns":4},{"damage":5,"enemies":"Red Slaver","floor":12,"turns":3},{"damage":0,"enemies":"Exordium Wildlife","floor":13,"turns":4},{"damage":2,"enemies":"3 Louse","floor":14,"turns":3},{"damage":15,"enemies":"Slime Boss","floor":16,"turns":7},{"damage":10,"enemies":"2 Thieves","floor":18,"turns":5},{"damage":11,"enemies":"Chosen","floor":20,"turns":5},{"damage":3,"enemies":"Shelled Parasite and Fungi","floor":21,"turns":6},{"damage":12,"enemies":"Book of Stabbing","floor":23,"turns":6},{"damage":1,"enemies":"Snecko","floor":24,"turns":5},{"damage":20,"enemies":"Replay:Snechameleon","floor":25,"turns":6},{"damage":0,"enemies":"Cultist and Chosen","floor":27,"turns":6},{"damage":3,"enemies":"Centurion and Healer","floor":28,"turns":5},{"damage":0,"enemies":"Snecko","floor":30,"turns":5},{"damage":3,"enemies":"Automaton","floor":33,"turns":5},{"damage":20,"enemies":"3 Shapes","floor":35,"turns":7},{"damage":16,"enemies":"3 Darklings","floor":36,"turns":7},{"damage":12,"enemies":"Spire Growth","floor":38,"turns":7},{"damage":16,"enemies":"Sphere and 2 Shapes","floor":39,"turns":8},{"damage":9,"enemies":"Reptomancer","floor":40,"turns":7},{"damage":12,"enemies":"Spire Growth","floor":41,"turns":4},{"damage":0,"enemies":"Nemesis","floor":42,"turns":10},{"damage":0,"enemies":"3 Darklings","floor":44,"turns":7},{"damage":0,"enemies":"Giant Head","floor":46,"turns":8},{"damage":14,"enemies":"Transient","floor":47,"turns":5},{"damage":18,"enemies":"Jaw Worm Horde","floor":48,"turns":6},{"damage":0,"enemies":"Time Eater","floor":50,"turns":15}],"seed_played":"5238160245284461231","potions_obtained":[{"floor":1,"key":"Block Potion"},{"floor":4,"key":"DuplicationPotion"},{"floor":4,"key":"Death Potion"},{"floor":7,"key":"Weak Potion"},{"floor":11,"key":"FearPotion"},{"floor":14,"key":"Fire Potion"},{"floor":16,"key":"Adrenaline Potion"},{"floor":21,"key":"Languid Potion"},{"floor":27,"key":"DuplicationPotion"},{"floor":28,"key":"Dexterity Potion"},{"floor":35,"key":"PowerPotion"},{"floor":40,"key":"SkillPotion"},{"floor":41,"key":"FearPotion"},{"floor":42,"key":"ColorlessPotion"},{"floor":48,"key":"Adrenaline Potion"}],"is_trial":false,"path_per_floor":["?","?","?","?","?","E","?","E","T","E","?","?","?","?","T","B",null,"?","T","?","?","?","E","?","E","T","?","?","T","?","?","T","B",null,"?","?","T","?","?","E","?","E","T","?","T","E","?","?","T","B",null],"character_chosen":"The_Alterego","items_purchased":["Juzu Bracelet","HandDrill","alterego_mod:Pet","Orichalcum","Regen Potion","alterego_mod:Pet"],"campfire_rested":0,"item_purchase_floors":[19,19,19,37,37,37],"current_hp_per_floor":[63,63,63,63,63,51,53,37,37,39,44,44,49,68,68,57,67,64,64,60,64,64,58,59,46,46,60,64,64,69,41,41,45,64,58,49,49,59,50,58,51,58,58,66,66,70,61,57,57,64],"gold":406,"neow_bonus":"BOSS_RELIC","is_daily":false,"chose_seed":false,"campfire_upgraded":4,"win_rate":0.0,"timestamp":1614248375,"path_taken":["?","?","?","?","?","E","?","E","T","E","?","?","?","?","T","BOSS","?","T","?","?","?","E","?","E","T","?","?","T","?","?","T","BOSS","?","?","T","?","?","E","?","E","T","?","T","E","?","?","T","BOSS"],"items_purchased_type":["Relic","Relic","Card","Relic","Potion","Card"],"build_version":"2020-12-22","purchased_purges":1,"victory":true,"max_hp_per_floor":[70,70,70,70,70,70,70,70,70,70,70,70,70,70,70,70,70,70,70,70,70,70,70,70,70,70,70,70,70,70,70,70,70,70,70,70,70,70,70,70,70,70,70,70,70,70,70,70,70,70],"card_choices":[{"not_picked":["alterego_mod:Maid","alterego_mod:Stockings"],"picked":"alterego_mod:BiFurious","floor":1},{"not_picked":["alterego_mod:Skirt","alterego_mod:PerceptionDisorder"],"picked":"alterego_mod:Belle","floor":3},{"not_picked":["alterego_mod:Alter","alterego_mod:Maid"],"picked":"alterego_mod:Mirror","floor":5},{"not_picked":["alterego_mod:DeftHands","alterego_mod:1TonWallop"],"picked":"alterego_mod:Birthday","floor":6},{"not_picked":["alterego_mod:DiscoLights","alterego_mod:RocketPunch"],"picked":"alterego_mod:BreastValley","floor":7},{"not_picked":["alterego_mod:DestructionOfProperty","alterego_mod:RidiculouslyBig"],"picked":"alterego_mod:Pet","floor":8},{"not_picked":["alterego_mod:Skirt","alterego_mod:GachaTicket"],"picked":"alterego_mod:Cooking","floor":10},{"not_picked":["alterego_mod:DestructionOfProperty","alterego_mod:Jiggle","alterego_mod:BoobPocket"],"picked":"SKIP","floor":11},{"not_picked":["alterego_mod:Mirror","alterego_mod:Skirt"],"picked":"alterego_mod:MaintainEyeContact","floor":12},{"not_picked":["alterego_mod:Rip","alterego_mod:Exercise"],"picked":"alterego_mod:Birthday","floor":13},{"not_picked":["alterego_mod:BusterCard","alterego_mod:BiFurious"],"picked":"alterego_mod:Cushion","floor":14},{"not_picked":["alterego_mod:STier","alterego_mod:Lift"],"picked":"alterego_mod:Palingenesis","floor":16},{"not_picked":["alterego_mod:Bounce","alterego_mod:SakuraPetals","alterego_mod:Valentines"],"picked":"SKIP","floor":18},{"not_picked":["alterego_mod:Cycle","alterego_mod:Bloomers","alterego_mod:SakuraPetals+1"],"picked":"SKIP","floor":20},{"not_picked":["alterego_mod:PerceptionDisorder+1","alterego_mod:TrashNCrash+1","alterego_mod:Jiggle"],"picked":"SKIP","floor":21},{"not_picked":["alterego_mod:Crossover+1","alterego_mod:Complex+1"],"picked":"alterego_mod:Exercise","floor":23},{"not_picked":["alterego_mod:PerceptionDisorder+1","alterego_mod:Bloomers","alterego_mod:VirginLaserPalladion"],"picked":"SKIP","floor":24},{"not_picked":["alterego_mod:Jiggle","alterego_mod:GachaTicket"],"picked":"alterego_mod:RidiculouslyBig","floor":25},{"not_picked":["alterego_mod:RidiculouslyBig","alterego_mod:Maid","alterego_mod:PurpleHair"],"picked":"SKIP","floor":27},{"not_picked":["alterego_mod:Table","alterego_mod:IndependentAction+1"],"picked":"alterego_mod:BreastValley","floor":28},{"not_picked":["alterego_mod:Lingerie","alterego_mod:Exercise"],"picked":"alterego_mod:BreastValley+1","floor":30},{"not_picked":["alterego_mod:Maid","alterego_mod:Complex"],"picked":"alterego_mod:Support","floor":31},{"not_picked":["alterego_mod:Valentines","alterego_mod:IndependentAction","alterego_mod:Cycle"],"picked":"SKIP","floor":35},{"not_picked":["alterego_mod:Punishment","alterego_mod:RidiculouslyBig"],"picked":"alterego_mod:Undulate","floor":36},{"not_picked":["alterego_mod:TrashNCrash+1","alterego_mod:Punishment"],"picked":"alterego_mod:Pet","floor":38},{"not_picked":["alterego_mod:Cooking","alterego_mod:Complex"],"picked":"alterego_mod:Pet+1","floor":39},{"not_picked":["alterego_mod:Undulate+1","alterego_mod:PresenceConcealment"],"picked":"alterego_mod:SakuraLabyrinth+1","floor":40},{"not_picked":["alterego_mod:Collar","alterego_mod:Undulate","alterego_mod:Valkyrie"],"picked":"SKIP","floor":41},{"not_picked":["alterego_mod:PerceptionDisorder","alterego_mod:RingBreak"],"picked":"alterego_mod:Weigh","floor":42},{"not_picked":["alterego_mod:MagicResistance","alterego_mod:Bunnysuit+1"],"picked":"alterego_mod:ChallengeComplete","floor":44},{"not_picked":["alterego_mod:DiscoLights+1","alterego_mod:BusterCard+1"],"picked":"alterego_mod:SakuraLabyrinth+1","floor":46},{"not_picked":["alterego_mod:Cycle","alterego_mod:Complex"],"picked":"alterego_mod:DiscoLights+1","floor":47},{"not_picked":["alterego_mod:Palingenesis","alterego_mod:BusterCard+1","alterego_mod:1TonWallop"],"picked":"SKIP","floor":48}],"player_experience":952183,"relics_obtained":[{"floor":6,"key":"DemoMod:RingOfEthereal"},{"floor":8,"key":"DemoMod:NanoMachines"},{"floor":9,"key":"Shuriken"},{"floor":10,"key":"Mirror"},{"floor":23,"key":"Blue Candle"},{"floor":25,"key":"Ancient Tea Set"},{"floor":31,"key":"Replay:WaspNest"},{"floor":40,"key":"theSenshi:SailorFukuRelic"},{"floor":42,"key":"Art of War"},{"floor":46,"key":"Girya"}],"event_choices":[{"damage_healed":0,"gold_gain":0,"player_choice":"Take Wound","damage_taken":0,"relics_obtained":["Golden Idol"],"max_hp_gain":0,"max_hp_loss":0,"event_name":"Golden Idol","floor":2,"gold_loss":0,"cards_obtained":["Injury"]},{"damage_healed":0,"gold_gain":0,"player_choice":"Bought 2 Potions","damage_taken":0,"max_hp_gain":0,"max_hp_loss":0,"event_name":"The Woman in Blue","floor":4,"gold_loss":0},{"damage_healed":0,"gold_gain":0,"player_choice":"Read","damage_taken":0,"max_hp_gain":0,"max_hp_loss":0,"event_name":"The Library","floor":22,"gold_loss":0,"cards_obtained":["alterego_mod:BreastValley"]}],"is_beta":false,"boss_relics":[{"not_picked":["SacredBark","Replay:Ancient Bell"],"picked":"Replay:Grab Bag"},{"not_picked":["Ectoplasm","ReplayTheSpireMod:Onyx Gauntlets"],"picked":"Cursed Key"},{"not_picked":["ReplayTheSpireMod:DimensionalGlitch","Velvet Choker"],"picked":"Coffee Dripper"},{"not_picked":["Pandora\u0027s Box","Snecko Heart"],"picked":"SlaversCollar"},{"not_picked":["Kintsugi","Empty Cage"],"picked":"theSenshi:MoonKaleidoScopeRelic"}],"items_purged_floors":[19],"is_endless":false,"potions_floor_spawned":[1,7,11,14,16,21,27,28,35,40,41,42,48],"ascension_level":9}}