{"host":"vqun63pi4q2xs0ca","time":1614255111,"event":{"mods":["BaseMod","Minty Spire (QoL Compilation)","Relic Stats","StSLib"],"gold_per_floor":[114,114,190,204,204,229,240,240,240,268,293,624,65,84,84,156,156,172,186,196,196,213,213,213,241,241,273,285,285,319,343,343,415,415,430,62,62,80,129,162,162,177,201,228,250,278,324,336,348,360,372,384,396,5,39,39],"floor_reached":57,"language":"ENG","playtime":3495,"items_purged":["Strike_R"],"score":3086,"play_id":"2e1df8f4-df70-413c-b2e0-8202cf22b38a","local_time":"20210225121151","is_ascension_mode":true,"campfire_choices":[{"data":"Feed","floor":8.0,"key":"SMITH"},{"data":"1","floor":15.0,"key":"LIFT"},{"data":"2","floor":23.0,"key":"LIFT"},{"floor":29.0,"key":"REST"},{"data":"Limit Break","floor":32.0,"key":"SMITH"},{"floor":41,"key":"RECALL"},{"data":"3","floor":49,"key":"LIFT"},{"data":"Heavy Blade","floor":53,"key":"SMITH"}],"circlet_count":0,"master_deck":["AscendersBane","Strike_R","Strike_R","Strike_R","Strike_R","Defend_R","Defend_R","Defend_R","Bash+1","Battle Trance","Clothesline","Feed+1","Thunderclap+1","Metallicize","Shrug It Off","Inflame","Limit Break+1","Pommel Strike","Ghostly","Ghostly","Ghostly","Heavy Blade+1","Spot Weakness+1","Flame Barrier","Reaper","Shockwave","Pummel","Exhume","Sword Boomerang+1","Disarm"],"relics":["Black Blood","NeowsBlessing","Shuriken","Centennial Puzzle","Girya","FossilizedHelix","Old Coin","Ice Cream","Velvet Choker","Nilry\u0027s Codex","Calipers","White Beast Statue","HornCleat","Red Mask","Ancient Tea Set","Ornamental Fan","Charon\u0027s Ashes","Bronze Scales","Boot","MawBank","Art of War","OrangePellets","Whetstone","Strawberry"],"acts_visited":["Exordium","TheCity","TheBeyond","TheEnding"],"potions_floor_usage":[39,39,40,50,51,51,55,56,56],"damage_taken":[{"damage":0.0,"enemies":"Jaw Worm","floor":1.0,"turns":1.0},{"damage":0.0,"enemies":"2 Louse","floor":4.0,"turns":1.0},{"damage":0.0,"enemies":"3 Sentries","floor":6.0,"turns":2.0},{"damage":1.0,"enemies":"Small Slimes","floor":7.0,"turns":3.0},{"damage":31.0,"enemies":"Lagavulin","floor":10.0,"turns":8.0},{"damage":15.0,"enemies":"Gremlin Nob","floor":12.0,"turns":4.0},{"damage":0.0,"enemies":"Exordium Wildlife","floor":14.0,"turns":3.0},{"damage":9.0,"enemies":"The Guardian","floor":16.0,"turns":16.0},{"damage":1.0,"enemies":"Shell Parasite","floor":18.0,"turns":5.0},{"damage":10.0,"enemies":"Chosen","floor":19.0,"turns":5.0},{"damage":11.0,"enemies":"Centurion and Healer","floor":20.0,"turns":4.0},{"damage":1.0,"enemies":"Snecko","floor":22.0,"turns":4.0},{"damage":28.0,"enemies":"Gremlin Leader","floor":25.0,"turns":7.0},{"damage":7.0,"enemies":"Book of Stabbing","floor":27.0,"turns":5.0},{"damage":8.0,"enemies":"Snake Plant","floor":28.0,"turns":7.0},{"damage":0.0,"enemies":"Masked Bandits","floor":30.0,"turns":4.0},{"damage":0.0,"enemies":"Champ","floor":33.0,"turns":5.0},{"damage":0.0,"enemies":"3 Shapes","floor":35.0,"turns":6.0},{"damage":0.0,"enemies":"Orb Walker","floor":38.0,"turns":4.0},{"damage":69,"enemies":"2 Orb Walkers","floor":39,"turns":8},{"damage":20,"enemies":"Reptomancer","floor":40,"turns":7},{"damage":0,"enemies":"Writhing Mass","floor":42,"turns":4},{"damage":0,"enemies":"Spire Growth","floor":45,"turns":5},{"damage":0,"enemies":"Maw","floor":46,"turns":8},{"damage":6,"enemies":"Giant Head","floor":47,"turns":6},{"damage":6,"enemies":"Awakened One","floor":50,"turns":11},{"damage":40,"enemies":"Donu and Deca","floor":51,"turns":8},{"damage":24,"enemies":"Shield and Spear","floor":55,"turns":8},{"damage":109,"enemies":"The Heart","floor":56,"turns":9}],"seed_played":"-8820933208886282066","potions_obtained":[{"floor":1.0,"key":"Fruit Juice"},{"floor":6.0,"key":"CultistPotion"},{"floor":10.0,"key":"Strength Potion"},{"floor":14.0,"key":"Explosive Potion"},{"floor":20.0,"key":"SteroidPotion"},{"floor":25.0,"key":"Explosive Potion"},{"floor":27.0,"key":"BlessingOfTheForge"},{"floor":28.0,"key":"EssenceOfSteel"},{"floor":30.0,"key":"SpeedPotion"},{"floor":33.0,"key":"DistilledChaos"},{"floor":35.0,"key":"Fire Potion"},{"floor":38.0,"key":"Weak Potion"},{"floor":39,"key":"Fire Potion"},{"floor":40,"key":"PowerPotion"},{"floor":42,"key":"Regen Potion"},{"floor":45,"key":"SteroidPotion"},{"floor":47,"key":"EntropicBrew"},{"floor":55,"key":"Swift Potion"}],"is_trial":false,"path_per_floor":["M","?","T","M","?","E","M","R","T","E","T","E","$","M","R","B",null,"M","M","M","?","M","R","?","E","T","E","M","R","?","T","R","B",null,"M","$","?","M","?","E","R","M","T","T","M","M","E","?","R","B","B",null,"R","$","E","B",null],"character_chosen":"IRONCLAD","items_purchased":["Shrug It Off","Ice Cream","Fire Potion","Inflame","LiquidMemories","Ornamental Fan","OrangePellets","Sword Boomerang","BlessingOfTheForge","Whetstone"],"campfire_rested":1,"item_purchase_floors":[13,13,13,13,36,36,54,54,54,54],"current_hp_per_floor":[74,79,79,80,80,80,83,83,83,62,62,57,57,72,72,73,96,105,105,104,58,62,62,41,23,23,22,24,45,55,55,55,61,71,78,78,74,78,44,69,69,81,81,81,86,86,90,90,90,94,70,91,91,91,90,24],"gold":39,"neow_bonus":"THREE_ENEMY_KILL","is_daily":false,"chose_seed":false,"campfire_upgraded":3,"win_rate":0.0,"timestamp":1614255111,"path_taken":["M","?","?","M","?","E","M","R","T","E","?","E","?","?","R","BOSS","M","M","M","?","M","R","?","E","T","E","M","R","?","?","R","BOSS","M","$","?","M","?","E","R","M","T","?","?","M","E","?","R","BOSS","BOSS","R","$","E","BOSS"],"items_purchased_type":["Card","Relic","Potion","Card","Potion","Relic","Relic","Card","Potion","Relic"],"build_version":"2020-12-22","purchased_purges":1,"victory":true,"max_hp_per_floor":[75,80,80,80,80,80,83,83,83,87,87,91,91,100,100,104,104,108,112,116,58,62,62,62,66,66,66,70,70,74,74,74,74,74,78,78,74,78,82,82,82,82,82,82,86,86,90,90,90,94,98,98,98,98,109,109],"relic_stats":{"counters":[29,168],"Black Blood":166,"Charon\u0027s Ashes":[292],"Whetstone":["Sword Boomerang","Thunderclap"],"Boot":[0],"MawBank":120,"OrangePellets":[1],"Centennial Puzzle":[54],"Shuriken":[27],"Ornamental Fan":[44],"Bronze Scales":[300],"Art of War":[15],"obtain_stats":[{"Ice Cream":13,"Calipers":25,"Nilry\u0027s Codex":24,"Black Blood":34,"Whetstone":54,"Ancient Tea Set":31,"Boot":43,"Burning Blood":0,"Old Coin":12,"Centennial Puzzle":6,"HornCleat":27,"Strawberry":55,"Red Mask":30,"Girya":9,"NeowsBlessing":0,"Velvet Choker":17,"Charon\u0027s Ashes":39,"MawBank":44,"White Beast Statue":26,"OrangePellets":54,"Shuriken":3,"Ornamental Fan":36,"Bronze Scales":40,"Art of War":47,"FossilizedHelix":10},{"Ice Cream":6,"Calipers":13,"Nilry\u0027s Codex":12,"Black Blood":17,"Whetstone":27,"Ancient Tea Set":16,"Boot":22,"Burning Blood":0,"Old Coin":6,"Centennial Puzzle":3,"HornCleat":14,"Strawberry":28,"Red Mask":16,"Girya":4,"NeowsBlessing":0,"Velvet Choker":8,"Charon\u0027s Ashes":20,"MawBank":22,"White Beast Statue":13,"OrangePellets":27,"Shuriken":1,"Ornamental Fan":18,"Bronze Scales":21,"Art of War":25,"FossilizedHelix":5},{"Ice Cream":19,"Calipers":63,"Nilry\u0027s Codex":56,"Black Blood":84,"Whetstone":151,"Ancient Tea Set":79,"Boot":113,"Burning Blood":0,"Old Coin":19,"Centennial Puzzle":4,"HornCleat":68,"Strawberry":159,"Red Mask":79,"Girya":7,"NeowsBlessing":0,"Velvet Choker":38,"Charon\u0027s Ashes":102,"MawBank":113,"White Beast Statue":63,"OrangePellets":151,"Shuriken":1,"Ornamental Fan":90,"Bronze Scales":109,"Art of War":132,"FossilizedHelix":15}]},"card_choices":[{"not_picked":["Armaments","Havoc"],"picked":"Battle Trance","floor":1.0},{"not_picked":["Armaments","Rage"],"picked":"Clothesline","floor":4.0},{"not_picked":["Headbutt","Berserk"],"picked":"Feed","floor":6.0},{"not_picked":["Feel No Pain","Sentinel"],"picked":"Thunderclap","floor":7.0},{"not_picked":["Iron Wave","Infernal Blade"],"picked":"Metallicize","floor":10.0},{"not_picked":["Armaments","Clash","Twin Strike"],"picked":"SKIP","floor":12.0},{"not_picked":["Flex","Power Through","Clash"],"picked":"SKIP","floor":14.0},{"not_picked":["Juggernaut","Berserk"],"picked":"Limit Break","floor":16.0},{"not_picked":["Clash+1","Uppercut","Evolve"],"picked":"SKIP","floor":18.0},{"not_picked":["Cleave","Thunderclap+1","Headbutt+1"],"picked":"SKIP","floor":19.0},{"not_picked":["Reckless Charge","Thunderclap"],"picked":"Pommel Strike","floor":20.0},{"not_picked":["Perfected Strike","Body Slam"],"picked":"Heavy Blade","floor":22.0},{"not_picked":["Headbutt","Blood for Blood","Sever Soul"],"picked":"SKIP","floor":25.0},{"not_picked":["Twin Strike","Ghostly Armor"],"picked":"Spot Weakness+1","floor":27.0},{"not_picked":["Warcry+1","Battle Trance","Armaments"],"picked":"SKIP","floor":28.0},{"not_picked":["Perfected Strike","Headbutt"],"picked":"Flame Barrier","floor":30.0},{"not_picked":["Demon Form","Barricade"],"picked":"Reaper","floor":33.0},{"not_picked":["Headbutt","Inflame+1"],"picked":"Shockwave","floor":35.0},{"not_picked":["Armaments","Headbutt","Iron Wave"],"picked":"SKIP","floor":38.0},{"not_picked":["Clothesline+1","Carnage+1"],"picked":"Pummel","floor":39},{"not_picked":["Perfected Strike+1","Seeing Red","Pommel Strike"],"picked":"SKIP","floor":40},{"not_picked":["Feel No Pain","Body Slam","Warcry"],"picked":"SKIP","floor":42},{"not_picked":["Clash","Feel No Pain"],"picked":"Exhume","floor":45},{"not_picked":["Metallicize","Perfected Strike","Wild Strike"],"picked":"SKIP","floor":46},{"not_picked":["Sever Soul","Twin Strike","Body Slam"],"picked":"SKIP","floor":47},{"not_picked":["Heavy Blade","Headbutt"],"picked":"Disarm","floor":55}],"player_experience":1643662,"relics_obtained":[{"floor":3.0,"key":"Shuriken"},{"floor":6.0,"key":"Centennial Puzzle"},{"floor":9.0,"key":"Girya"},{"floor":10.0,"key":"FossilizedHelix"},{"floor":12.0,"key":"Old Coin"},{"floor":24.0,"key":"Nilry\u0027s Codex"},{"floor":25.0,"key":"Calipers"},{"floor":26.0,"key":"White Beast Statue"},{"floor":27.0,"key":"HornCleat"},{"floor":30.0,"key":"Red Mask"},{"floor":31.0,"key":"Ancient Tea Set"},{"floor":39,"key":"Charon\u0027s Ashes"},{"floor":40,"key":"Bronze Scales"},{"floor":43,"key":"Boot"},{"floor":44,"key":"MawBank"},{"floor":47,"key":"Art of War"},{"floor":55,"key":"Strawberry"}],"event_choices":[{"damage_healed":0.0,"max_hp_gain":5.0,"max_hp_loss":0.0,"gold_gain":0.0,"event_name":"Big Fish","player_choice":"Donut","floor":2.0,"gold_loss":0.0,"damage_taken":0.0},{"damage_healed":0.0,"max_hp_gain":0.0,"max_hp_loss":0.0,"gold_gain":0.0,"event_name":"Living Wall","player_choice":"Grow","floor":5.0,"gold_loss":0.0,"damage_taken":0.0,"cards_upgraded":["Bash"]},{"damage_healed":0.0,"max_hp_gain":0.0,"max_hp_loss":58.0,"gold_gain":0.0,"event_name":"Ghosts","player_choice":"Became a Ghost","floor":21.0,"gold_loss":0.0,"damage_taken":0.0,"cards_obtained":["Ghostly","Ghostly","Ghostly"]},{"damage_healed":0.0,"max_hp_gain":0.0,"max_hp_loss":0.0,"gold_gain":0.0,"event_name":"Cursed Tome","player_choice":"Obtained Book","floor":24.0,"gold_loss":0.0,"damage_taken":21.0},{"damage_healed":0.0,"max_hp_gain":0.0,"max_hp_loss":0.0,"gold_gain":0.0,"event_name":"Masked Bandits","player_choice":"Fought Bandits","floor":30.0,"gold_loss":0.0,"damage_taken":0.0},{"damage_healed":0.0,"max_hp_gain":0.0,"max_hp_loss":4.0,"gold_gain":0.0,"event_name":"Winding Halls","player_choice":"Max HP","floor":37.0,"gold_loss":0.0,"damage_taken":0.0},{"damage_healed":0,"gold_gain":0,"player_choice":"Fight","damage_taken":0,"max_hp_gain":0,"max_hp_loss":0,"event_name":"Mysterious Sphere","floor":39,"gold_loss":0},{"cards_removed":["Defend_R"],"damage_healed":0,"gold_gain":0,"player_choice":"Removed Skill","damage_taken":0,"max_hp_gain":0,"max_hp_loss":0,"event_name":"Falling","floor":48,"gold_loss":0}],"is_beta":false,"boss_relics":[{"not_picked":["SacredBark","Sozu"],"picked":"Velvet Choker"},{"not_picked":["Runic Cube","Black Star"],"picked":"Black Blood"}],"items_purged_floors":[13],"is_endless":false,"potions_floor_spawned":[1,6,10,14,20,25,27,28,30,33,35,38,39,40,42,45,46,47,55],"ascension_level":20}}