{"host":"ar85q1708ucjvf51","time":1614290621,"event":{"mods":["BaseMod","Minty Spire (QoL Compilation)"],"gold_per_floor":[119,119,82,257,257,287,29,62,89,108,108,140,140,169,169,264,314,324,335,20,32,307,334,334,9,9,36,55,71,71,86,86,183,183,199,218,234,246,15,15,15,15,38,38,63,63,63,74,74,74,74],"floor_reached":50,"language":"ENG","playtime":8936,"items_purged":[],"score":681,"play_id":"0a463cb8-dc10-4b6e-a8ee-9d6981e12764","local_time":"20210225170341","is_ascension_mode":true,"campfire_choices":[{"data":"A Thousand Cuts","floor":11.0,"key":"SMITH"},{"data":"Backstab","floor":13.0,"key":"SMITH"},{"floor":15.0,"key":"REST"},{"floor":24.0,"key":"REST"},{"floor":30.0,"key":"REST"},{"floor":32.0,"key":"REST"},{"data":"Catalyst","floor":40,"key":"SMITH"},{"floor":42,"key":"REST"},{"floor":44,"key":"RECALL"},{"floor":47,"key":"REST"},{"floor":49,"key":"REST"}],"circlet_count":0,"master_deck":["Strike_G","Strike_G","Strike_G","Strike_G","Defend_G","Defend_G","Defend_G+1","Defend_G","Defend_G","Survivor+1","Neutralize","Deadly Poison","Footwork+1","Doubt","Backstab+1","A Thousand Cuts+1","Flying Knee","Endless Agony","Backflip","A Thousand Cuts+1","Bouncing Flask","Backstab","Setup","PiercingWail","Regret","Envenom","Caltrops","Phantasmal Killer","Underhanded Strike","Footwork","After Image","Noxious Fumes","Terror","Endless Agony","A Thousand Cuts","Catalyst+1","Sadistic Nature","Discovery","Dodge and Roll+1","Bouncing Flask"],"relics":["Ring of the Snake","NeowsBlessing","War Paint","Mummified Hand","Potion Belt","Ancient Tea Set","HornCleat","Odd Mushroom","Tiny House","Incense Burner","Pen Nib","Matryoshka","MealTicket","White Beast Statue","Smiling Mask","WristBlade","Toolbox","Ninja Scroll","Oddly Smooth Stone","Ornamental Fan","Frozen Egg 2"],"acts_visited":["Exordium","TheCity","TheBeyond"],"potions_floor_usage":[37,45,50,50,50],"damage_taken":[{"damage":0.0,"enemies":"2 Louse","floor":1.0,"turns":1.0},{"damage":0.0,"enemies":"Lagavulin","floor":6.0,"turns":1.0},{"damage":0.0,"enemies":"3 Sentries","floor":8.0,"turns":1.0},{"damage":0.0,"enemies":"Cultist","floor":10.0,"turns":3.0},{"damage":19.0,"enemies":"Gremlin Nob","floor":12.0,"turns":5.0},{"damage":13.0,"enemies":"The Mushroom Lair","floor":14.0,"turns":4.0},{"damage":2.0,"enemies":"Slime Boss","floor":16.0,"turns":7.0},{"damage":16.0,"enemies":"3 Byrds","floor":18.0,"turns":4.0},{"damage":12.0,"enemies":"Shell Parasite","floor":19.0,"turns":5.0},{"damage":22.0,"enemies":"Centurion and Healer","floor":21.0,"turns":5.0},{"damage":1.0,"enemies":"Slavers","floor":23.0,"turns":4.0},{"damage":8.0,"enemies":"Book of Stabbing","floor":27.0,"turns":5.0},{"damage":10.0,"enemies":"Snecko","floor":28.0,"turns":5.0},{"damage":9.0,"enemies":"Snake Plant","floor":29.0,"turns":4.0},{"damage":17.0,"enemies":"Chosen and Byrds","floor":31.0,"turns":6.0},{"damage":29.0,"enemies":"Champ","floor":33.0,"turns":11.0},{"damage":30.0,"enemies":"3 Shapes","floor":35.0,"turns":4.0},{"damage":10,"enemies":"Orb Walker","floor":36,"turns":3},{"damage":9,"enemies":"Maw","floor":37,"turns":8},{"damage":3,"enemies":"Jaw Worm Horde","floor":38,"turns":3},{"damage":20,"enemies":"Reptomancer","floor":45,"turns":5},{"damage":0,"enemies":"4 Shapes","floor":48,"turns":5},{"damage":89,"enemies":"Donu and Deca","floor":50,"turns":7}],"seed_played":"3438750706337693661","potions_obtained":[{"floor":1.0,"key":"EssenceOfSteel"},{"floor":12.0,"key":"SteroidPotion"},{"floor":14.0,"key":"Fire Potion"},{"floor":16.0,"key":"Ancient Potion"},{"floor":17.0,"key":"Dexterity Potion"},{"floor":19.0,"key":"Swift Potion"},{"floor":27.0,"key":"AttackPotion"},{"floor":28.0,"key":"SpeedPotion"},{"floor":29.0,"key":"Weak Potion"},{"floor":31.0,"key":"AttackPotion"},{"floor":33.0,"key":"GhostInAJar"},{"floor":35.0,"key":"DuplicationPotion"},{"floor":36,"key":"Block Potion"},{"floor":37,"key":"Ancient Potion"},{"floor":38,"key":"GamblersBrew"},{"floor":45,"key":"Weak Potion"},{"floor":48,"key":"SmokeBomb"}],"is_trial":false,"path_per_floor":["M","?","$","?","?","E","$","E","T","M","R","E","R","?","R","B",null,"M","M","$","M","?","E","R","$","T","E","M","M","R","M","R","B",null,"M","M","M","M","$","R","?","R","T","R","E","?","R","M","R","B"],"character_chosen":"THE_SILENT","items_purchased":["Footwork","Mummified Hand","Incense Burner","Caltrops","Matryoshka","Catalyst","Toolbox"],"campfire_rested":7,"item_purchase_floors":[3,7,20,25,25,39,39],"current_hp_per_floor":[70,70,70,70,70,70,70,70,70,70,70,51,51,38,59,57,75,59,47,47,25,25,24,46,46,46,38,28,19,41,24,46,17,75,45,35,26,23,38,38,33,55,55,55,35,35,57,57,75,0,0],"gold":74,"neow_bonus":"THREE_ENEMY_KILL","is_daily":false,"chose_seed":false,"campfire_upgraded":3,"win_rate":0.0,"timestamp":1614290621,"path_taken":["M","?","?","?","?","E","?","E","T","M","R","E","R","?","R","BOSS","M","M","$","M","?","E","R","$","T","E","M","M","R","M","R","BOSS","M","M","?","M","$","R","?","R","T","R","E","?","R","?","R","BOSS"],"items_purchased_type":["Card","Relic","Relic","Card","Relic","Card","Relic"],"build_version":"2020-12-22","purchased_purges":0,"victory":false,"max_hp_per_floor":[70,70,70,70,70,70,70,70,70,70,70,70,70,70,70,70,75,75,75,75,75,75,75,75,75,75,75,75,75,75,75,75,75,75,75,75,75,75,75,75,75,75,75,75,75,75,75,75,75,75,75],"card_choices":[{"not_picked":["Choke","Backflip"],"picked":"Deadly Poison","floor":1.0},{"not_picked":["Slice","Flying Knee"],"picked":"Backstab","floor":6.0},{"not_picked":["Predator","Underhanded Strike"],"picked":"A Thousand Cuts","floor":8.0},{"not_picked":["Backflip","Prepared"],"picked":"Flying Knee","floor":10.0},{"not_picked":["Blade Dance","Concentrate"],"picked":"Endless Agony","floor":12.0},{"not_picked":["Flechettes","Prepared"],"picked":"Backflip","floor":14.0},{"not_picked":["Burst","After Image"],"picked":"A Thousand Cuts","floor":16.0},{"not_picked":["All Out Attack","Distraction"],"picked":"Bouncing Flask","floor":17.0},{"not_picked":["Dagger Spray","Outmaneuver"],"picked":"Backstab","floor":18.0},{"not_picked":["Calculated Gamble","Concentrate"],"picked":"Setup","floor":19.0},{"not_picked":["Dagger Spray","Calculated Gamble+1"],"picked":"PiercingWail","floor":21.0},{"not_picked":["Blade Dance","Dagger Throw"],"picked":"Envenom","floor":23.0},{"not_picked":["Flying Knee+1","Bane+1"],"picked":"Phantasmal Killer","floor":27.0},{"not_picked":["Blade Dance","Expertise+1"],"picked":"Underhanded Strike","floor":28.0},{"not_picked":["Catalyst","Well Laid Plans+1"],"picked":"Footwork","floor":29.0},{"not_picked":["Blade Dance","Outmaneuver","Concentrate"],"picked":"SKIP","floor":31.0},{"not_picked":["Die Die Die","Malaise"],"picked":"After Image","floor":33.0},{"not_picked":["Dagger Spray+1","Dodge and Roll+1"],"picked":"Noxious Fumes","floor":35.0},{"not_picked":["Eviscerate","Outmaneuver"],"picked":"Terror","floor":36},{"not_picked":["Masterful Stab","Slice+1"],"picked":"Endless Agony","floor":37},{"not_picked":["Acrobatics","Escape Plan+1"],"picked":"A Thousand Cuts","floor":38},{"not_picked":["Dark Shackles","Panacea"],"picked":"Sadistic Nature","floor":41},{"not_picked":["Good Instincts","Impatience"],"picked":"Discovery","floor":41},{"not_picked":["Eviscerate","Sucker Punch+1"],"picked":"Dodge and Roll+1","floor":45},{"not_picked":["Dagger Spray+1","Quick Slash+1"],"picked":"Bouncing Flask","floor":48}],"player_experience":797103,"relics_obtained":[{"floor":6.0,"key":"War Paint"},{"floor":8.0,"key":"Potion Belt"},{"floor":9.0,"key":"Ancient Tea Set"},{"floor":12.0,"key":"HornCleat"},{"floor":14.0,"key":"Odd Mushroom"},{"floor":23.0,"key":"Pen Nib"},{"floor":26.0,"key":"MealTicket"},{"floor":26.0,"key":"White Beast Statue"},{"floor":27.0,"key":"Smiling Mask"},{"floor":43,"key":"Ninja Scroll"},{"floor":43,"key":"Oddly Smooth Stone"},{"floor":45,"key":"Ornamental Fan"}],"event_choices":[{"cards_removed":["Strike_G"],"damage_healed":0.0,"max_hp_gain":0.0,"max_hp_loss":0.0,"gold_gain":0.0,"event_name":"Purifier","player_choice":"Purged","floor":2.0,"gold_loss":0.0,"damage_taken":0.0},{"damage_healed":0.0,"max_hp_gain":0.0,"max_hp_loss":0.0,"gold_gain":175.0,"event_name":"Liars Game","player_choice":"AGREE","floor":4.0,"gold_loss":0.0,"damage_taken":0.0,"cards_obtained":["Doubt"]},{"damage_healed":0.0,"max_hp_gain":0.0,"max_hp_loss":0.0,"gold_gain":0.0,"event_name":"Living Wall","player_choice":"Grow","floor":5.0,"gold_loss":0.0,"damage_taken":0.0,"cards_upgraded":["Footwork"]},{"damage_healed":0.0,"max_hp_gain":0.0,"max_hp_loss":0.0,"gold_gain":0.0,"event_name":"Mushrooms","player_choice":"Fought Mushrooms","floor":14.0,"gold_loss":0.0,"damage_taken":0.0},{"damage_healed":0.0,"max_hp_gain":0.0,"max_hp_loss":0.0,"gold_gain":275.0,"event_name":"Golden Shrine","player_choice":"Desecrate","floor":22.0,"gold_loss":0.0,"damage_taken":0.0,"cards_obtained":["Regret"]},{"damage_healed":0,"gold_gain":0,"player_choice":"Memory 2","damage_taken":5,"max_hp_gain":0,"max_hp_loss":0,"event_name":"SensoryStone","floor":41,"gold_loss":0},{"damage_healed":0,"gold_gain":0,"player_choice":"Gave Potion","damage_taken":0,"relics_obtained":["Frozen Egg 2"],"max_hp_gain":0,"max_hp_loss":0,"event_name":"WeMeetAgain","floor":46,"gold_loss":0}],"is_beta":false,"boss_relics":[{"not_picked":["Philosopher\u0027s Stone","Ring of the Serpent"],"picked":"Tiny House"},{"not_picked":["Runic Pyramid","Empty Cage"],"picked":"WristBlade"}],"items_purged_floors":[],"is_endless":false,"potions_floor_spawned":[1,12,14,16,19,27,28,29,31,33,35,36,37,38,45,48],"killed_by":"Donu and Deca","ascension_level":1}}