{"host":"kp9xjhirrxtjrmhi","time":1614250084,"event":{"mods":["Act Like it!","BaseMod","Downfall","Gensokyo","Hermit","Marisa£®ÏF”Í°°ƒß¿Ì…≥£©","Minty Spire (QoL Compilation)","Remilia£®¿Ÿ√◊¿Ú—«£©","Replay The Spire","StSLib","The Servant 0.9.4","Youmu£®ªÍ∆«—˝√Œ£©"],"gold_per_floor":[368,383,42,54,65,95,107,151,211,223,246,269,281,322,334,770,782,837,931,943,955,1007,1074,1086,1135,1228,1240,1252,1297,1309,1392,1404,1545,1557,1608,1058,1058,1095,1095,1185,1231,1265,1311,1311,1356,628,628,667,667,693,693,693,53,122,162],"floor_reached":56,"language":"ZHS","playtime":3674,"items_purged":["Languid","Strike_MRS"],"score":1577,"play_id":"75ddbd8f-f670-4a1c-91e4-798764dc1bf7","local_time":"20210225204804","is_ascension_mode":true,"campfire_choices":[{"floor":7,"key":"REST"},{"data":"MysteriousBeam","floor":15,"key":"SMITH"},{"data":"Gensokyo:SpontaneousHumanCombustion","floor":24,"key":"SMITH"},{"data":"MaximisePower","floor":27,"key":"SMITH"},{"data":"1","floor":32,"key":"LIFT"},{"data":"2","floor":44,"key":"LIFT"},{"floor":49,"key":"RECALL"},{"data":"3","floor":52,"key":"LIFT"}],"circlet_count":0,"master_deck":["Strike_MRS","Strike_MRS","Strike_MRS","Defend_MRS","Defend_MRS","Defend_MRS","Defend_MRS","MasterSpark","MagicAbsorber","SprinkleStarSeal","Gensokyo:SpontaneousHumanCombustion+1","6A+1","MeteoricShower","AsteroidBelt","SuperPerseids","SatelliteIllusion+1","NonDirectionalLaser","Orbital","Gensokyo:MarisaTwilightSpark+1","MysteriousBeam+1","MaximisePower+1","SuperPerseids","WitchLeyline+1","Acceleration+1","MeteoricShower","IllusionStar","UltimateShortwave+1","IllusionStar","ManaRampage","Occultation","UnstableBomb+1","StarDustReverie","MysteriousBeam+1","MeteoricShower+1","Secret Technique","Secret Technique","Survey Options","Gensokyo:OverchargedCore","Gensokyo:MedicineKit","6A+1","MillisecondPulsars"],"relics":["MiniHakkero","Toy Ornithopter","MawBank","Pantograph","Replay:Rubber Ducky","PreservedInsect","Replay:Bandana","ExperimentalFamiliar","Bronze Scales","Bag of Preparation","Molten Egg 2","Girya","Centennial Puzzle","Fusion Hammer","Incense Burner","Bag of Marbles","Question Card","Durian","Strange Spoon","OrangePellets","Guide Book","ReplayTheSpireMod:ShopPack","Mummified Hand","Chemical X","Anchor"],"acts_visited":["Gensokyo:Gensokyo","Gensokyo:Gensokyoer","Gensokyo:Gensokyoest","TheEnding"],"potions_floor_usage":[2,4,11,14,25,31,33,45,55,55,55],"damage_taken":[{"damage":0,"enemies":"Gensokyo:Python","floor":1,"turns":3},{"damage":3,"enemies":"Gensokyo:Gryphon","floor":2,"turns":3},{"damage":9,"enemies":"Gensokyo:3_Fairies","floor":4,"turns":6},{"damage":15,"enemies":"Gensokyo:Gryphon_and_Rabbit","floor":5,"turns":4},{"damage":24,"enemies":"Gensokyo:Cirno","floor":6,"turns":7},{"damage":16,"enemies":"Gensokyo:Mamizou","floor":8,"turns":6},{"damage":3,"enemies":"Gensokyo:3_Kodama","floor":11,"turns":3},{"damage":0,"enemies":"Gensokyo:VengefulSpirit","floor":12,"turns":4},{"damage":3,"enemies":"Gensokyo:Aya","floor":14,"turns":3},{"damage":15,"enemies":"Gensokyo:Kokoro","floor":16,"turns":6},{"damage":0,"enemies":"Gensokyo:2_Gloops","floor":18,"turns":3},{"damage":0,"enemies":"Gensokyo:Chomper","floor":22,"turns":2},{"damage":2,"enemies":"Gensokyo:Reisen","floor":23,"turns":3},{"damage":0,"enemies":"Gensokyo:Slime_Group","floor":25,"turns":1},{"damage":14,"enemies":"Gensokyo:Wraith","floor":29,"turns":4},{"damage":36,"enemies":"Gensokyo:Tenshi","floor":31,"turns":4},{"damage":31,"enemies":"Gensokyo:Kaguya","floor":33,"turns":5},{"damage":0,"enemies":"Gensokyo:3_Boulders","floor":35,"turns":1},{"damage":0,"enemies":"Gensokyo:3_Bats","floor":38,"turns":1},{"damage":0,"enemies":"Gensokyo:Kasen","floor":40,"turns":3},{"damage":17,"enemies":"Gensokyo:Rafflesia","floor":41,"turns":4},{"damage":0,"enemies":"Gensokyo:AtlasGolem","floor":42,"turns":1},{"damage":0,"enemies":"Gensokyo:Marisa","floor":45,"turns":2},{"damage":0,"enemies":"Gensokyo:Dusk_and_Dawn","floor":48,"turns":1},{"damage":30,"enemies":"Gensokyo:Shinki","floor":50,"turns":8},{"damage":0,"enemies":"Shield and Spear","floor":54,"turns":2},{"damage":51,"enemies":"The Heart","floor":55,"turns":8}],"seed_played":"-1127594885155816546","potions_obtained":[{"floor":1,"key":"Strength Potion"},{"floor":2,"key":"Block Potion"},{"floor":6,"key":"Explosive Potion"},{"floor":11,"key":"SpeedPotion"},{"floor":16,"key":"FearPotion"},{"floor":23,"key":"Energy Potion"},{"floor":25,"key":"ColorlessPotion"},{"floor":35,"key":"Weak Potion"},{"floor":41,"key":"GamblersBrew"},{"floor":45,"key":"LiquidBronze"}],"is_trial":false,"path_per_floor":["M","M","COS","M","M","E","R","E","T","?","M","M","?","E","R","B",null,"M","?","?","$","M","E","R","M","T","R","T","M","?","E","R","B",null,"M","$","?","M","?","E","M","M","T","R","E","COS","?","M","R","B",null,"R","$","E","B",null],"character_chosen":"MARISA","items_purchased":["Incense Burner","Bag of Marbles","UnstableBomb+1","Mummified Hand","Chemical X","Reflective Coating","6A+1"],"campfire_rested":1,"item_purchase_floors":[36,36,36,53,53,53,53],"current_hp_per_floor":[75,72,72,63,48,24,46,30,30,30,32,32,32,34,34,44,75,75,75,75,75,75,73,73,75,75,75,75,61,61,30,30,29,75,75,75,75,75,75,75,58,58,58,58,68,68,68,68,68,50,80,80,80,80,29],"gold":162,"neow_bonus":"TWO_FIFTY_GOLD","is_daily":false,"chose_seed":false,"campfire_upgraded":3,"win_rate":0.0,"timestamp":1614250084,"path_taken":["M","M","COS","M","M","E","R","E","T","?","M","?","?","E","R","BOSS","M","?","?","$","?","E","R","?","T","R","?","M","?","E","R","BOSS","M","$","?","M","?","E","?","?","T","R","E","COS","?","?","R","BOSS","R","$","E","BOSS"],"items_purchased_type":["Relic","Relic","Card","Relic","Relic","Potion","Card"],"build_version":"2020-12-22","purchased_purges":2,"victory":true,"max_hp_per_floor":[75,75,75,75,75,75,75,75,75,75,75,75,75,75,75,75,75,75,75,75,75,75,75,75,75,75,75,75,75,75,75,75,75,75,75,75,75,75,75,75,75,75,75,75,80,80,80,80,80,80,80,80,80,80,80],"card_choices":[{"not_picked":["StarlightTyphoon","MachineGunSpark"],"picked":"MagicAbsorber","floor":1},{"not_picked":["Acceleration","ShootingEcho"],"picked":"SprinkleStarSeal","floor":2},{"not_picked":["GravityBeat+1","OrrerysSun+1"],"picked":"6A+1","floor":4},{"not_picked":["UnstableBomb","OpenUniverse"],"picked":"MeteoricShower","floor":4},{"not_picked":["DarkSpark","PulseMagic"],"picked":"AsteroidBelt","floor":5},{"not_picked":["GravityBeat","DC"],"picked":"SuperPerseids","floor":6},{"not_picked":["OpenUniverse","OrrerysSun"],"picked":"SatelliteIllusion","floor":8},{"not_picked":["WitchOfGreed","StarlightTyphoon"],"picked":"NonDirectionalLaser","floor":11},{"not_picked":["AsteroidBelt","MysteriousBeam"],"picked":"Orbital","floor":12},{"not_picked":["ShootTheMoon","AsteroidBelt"],"picked":"MysteriousBeam","floor":14},{"not_picked":["EscapeVelocity","UltimateShortwave"],"picked":"MaximisePower","floor":16},{"not_picked":["MysteriousBeam","MagicChant"],"picked":"SuperPerseids","floor":18},{"not_picked":["EarthLightRay","DoubleSpark+1"],"picked":"WitchLeyline+1","floor":19},{"not_picked":["SporeBomb","MysteriousBeam"],"picked":"Acceleration+1","floor":19},{"not_picked":["FairyDestructionRay","GrandCross","GalacticHalo+1"],"picked":"SKIP","floor":22},{"not_picked":["EnergyRecoil","OrrerysSun+1"],"picked":"MeteoricShower","floor":23},{"not_picked":["GravityBeat","PowerUp","MeteoricShower"],"picked":"SKIP","floor":25},{"not_picked":["EarthLightRay","ShootTheMoon+1"],"picked":"IllusionStar","floor":29},{"not_picked":["PropBag","OrrerysSun"],"picked":"IllusionStar","floor":31},{"not_picked":["MillisecondPulsars","MaximisePower"],"picked":"ManaRampage","floor":33},{"not_picked":["LuminesStrike+1","ShootingEcho+1"],"picked":"Occultation","floor":35},{"not_picked":["MysteriousBeam+1","UnstableBomb+1"],"picked":"StarDustReverie","floor":38},{"not_picked":["AsteroidBelt+1","Robbery+1","DC+1"],"picked":"SKIP","floor":40},{"not_picked":["PowerUp+1","IllusionStar","DoubleSpark+1"],"picked":"MysteriousBeam+1","floor":41},{"not_picked":["MilkyWay","RefractionSpark+1","NonDirectionalLaser+1","ShootingEcho+1"],"picked":"SKIP","floor":42},{"not_picked":["Acceleration+1","UnstableBomb+1","BlazeAway+1"],"picked":"MeteoricShower+1","floor":45},{"not_picked":["Panache","Secret Weapon","Magnetism"],"picked":"Secret Technique","floor":46},{"not_picked":["Purity","Swift Strike","ReplayTheSpireMod:Brewmster"],"picked":"Secret Technique","floor":46},{"not_picked":["HandOfGreed","Specialist","Purity"],"picked":"Survey Options","floor":46},{"not_picked":["Acceleration+1","NonDirectionalLaser+1","SprinkleStarSeal","Singularity"],"picked":"SKIP","floor":48},{"not_picked":["MilkyWay+1","DoubleSpark+1","UnstableBomb+1"],"picked":"MillisecondPulsars","floor":54}],"player_experience":302803,"relics_obtained":[{"floor":6,"key":"MawBank"},{"floor":8,"key":"Pantograph"},{"floor":9,"key":"Replay:Rubber Ducky"},{"floor":14,"key":"Replay:Bandana"},{"floor":19,"key":"Bronze Scales"},{"floor":23,"key":"Bag of Preparation"},{"floor":26,"key":"Molten Egg 2"},{"floor":28,"key":"Girya"},{"floor":31,"key":"Centennial Puzzle"},{"floor":40,"key":"Question Card"},{"floor":45,"key":"Durian"},{"floor":54,"key":"Anchor"}],"event_choices":[],"is_beta":false,"boss_relics":[{"not_picked":["Kintsugi","bronze:MakeshiftBattery"],"picked":"ExperimentalFamiliar"},{"not_picked":["ReplayTheSpireMod:DimensionalGlitch","Snecko Eye"],"picked":"Fusion Hammer"}],"items_purged_floors":[36,53],"is_endless":false,"potions_floor_spawned":[1,2,6,11,16,23,25,35,41,45,54],"ascension_level":3}}