{"host":"ly2k09o7mhu4m2ip","time":1614279870,"event":{"mods":["BaseMod","Colored Map","Colored Powertips","Hermit","Highlight Path","Marisa????????","Minty Spire (QoL Compilation)","StSLib","The Cursed","The Disciple","The Gatherer","The Hierophant","The Necromancer","The Runesmith","The Servant 0.9.4"],"gold_per_floor":[112,122,122,122,38,38,66,84,109,134,134,134,134,149,149,149,149],"floor_reached":16,"language":"ENG","playtime":904,"items_purged":[],"score":108,"play_id":"c8bc1e6c-73ca-46be-aba6-a046ca50b5d0","local_time":"20210225200430","is_ascension_mode":false,"campfire_choices":[{"floor":6,"key":"RECALL"},{"data":"Bandage Up","floor":11,"key":"SMITH"},{"data":"TheCursedMod:WearCloak","floor":13,"key":"SMITH"},{"data":"TheCursedMod:CursedBlade","floor":15,"key":"SMITH"}],"circlet_count":0,"master_deck":["TheCursedMod:Strike_TheCursed","TheCursedMod:Strike_TheCursed","TheCursedMod:Strike_TheCursed","TheCursedMod:Defend_TheCursed","TheCursedMod:Defend_TheCursed","TheCursedMod:Defend_TheCursed","TheCursedMod:Defend_TheCursed","TheCursedMod:CursedWand","TheCursedMod:CleanUpWorkshop+1","TheCursedMod:Dregs","TheCursedMod:CursedShiv","TheCursedMod:WearCloak+1","Bandage Up+1","TheCursedMod:Stigma","TheCursedMod:Mangle","TheCursedMod:VitalStrike","TheCursedMod:CursedBlade+1"],"relics":["TheCursedMod:BlackMagic101","Tiny Chest","Toy Ornithopter"],"acts_visited":["Exordium"],"potions_floor_usage":[7],"damage_taken":[{"damage":0,"enemies":"Cultist","floor":1,"turns":4},{"damage":0,"enemies":"Small Slimes","floor":2,"turns":5},{"damage":24,"enemies":"Gremlin Nob","floor":7,"turns":5},{"damage":7,"enemies":"Jaw Worm","floor":8,"turns":5},{"damage":11,"enemies":"3 Sentries","floor":10,"turns":9},{"damage":0,"enemies":"Red Slaver","floor":14,"turns":3},{"damage":72,"enemies":"Slime Boss","floor":16,"turns":10}],"seed_played":"3222427046653592918","potions_obtained":[{"floor":2,"key":"AttackPotion"},{"floor":8,"key":"SpeedPotion"},{"floor":14,"key":"LiquidBronze"}],"is_trial":false,"path_per_floor":["M","M","?","?","$","R","E","M","T","E","R","?","R","M","R","B"],"character_chosen":"THE_CURSED","items_purchased":["Bandage Up"],"campfire_rested":0,"item_purchase_floors":[5],"current_hp_per_floor":[82,82,82,87,87,87,67,64,64,57,57,57,57,63,63,0,0],"gold":149,"neow_bonus":"TEN_PERCENT_HP_BONUS","is_daily":false,"chose_seed":false,"campfire_upgraded":3,"win_rate":0.0,"timestamp":1614279870,"path_taken":["M","M","?","?","$","R","E","M","T","E","R","?","R","?","R","BOSS"],"items_purchased_type":["Card"],"build_version":"2020-12-22","purchased_purges":0,"victory":false,"max_hp_per_floor":[82,82,82,87,87,87,87,87,87,87,87,87,87,87,87,87,87],"card_choices":[{"not_picked":["TheCursedMod:Torture","TheCursedMod:CursedMace"],"picked":"TheCursedMod:CursedShiv","floor":1},{"not_picked":["TheCursedMod:Torture","TheCursedMod:SurpriseAttack"],"picked":"TheCursedMod:WearCloak","floor":2},{"not_picked":["TheCursedMod:CursedMace","TheCursedMod:Grudge"],"picked":"TheCursedMod:Stigma","floor":7},{"not_picked":["TheCursedMod:SaltUponWound","TheCursedMod:Grudge"],"picked":"TheCursedMod:Mangle","floor":8},{"not_picked":["TheCursedMod:WearCloak","TheCursedMod:ShockAndAwe"],"picked":"TheCursedMod:VitalStrike","floor":10},{"not_picked":["TheCursedMod:ReleasedKnowledge","TheCursedMod:AshesToAshes"],"picked":"TheCursedMod:CursedBlade","floor":14}],"player_experience":241259,"relics_obtained":[{"floor":7,"key":"Tiny Chest"},{"floor":10,"key":"Toy Ornithopter"}],"event_choices":[{"damage_healed":0,"gold_gain":0,"player_choice":"Grow","damage_taken":0,"max_hp_gain":0,"max_hp_loss":0,"event_name":"Living Wall","floor":3,"gold_loss":0,"cards_upgraded":["TheCursedMod:CleanUpWorkshop"]},{"damage_healed":0,"gold_gain":0,"player_choice":"Donut","damage_taken":0,"max_hp_gain":5,"max_hp_loss":0,"event_name":"Big Fish","floor":4,"gold_loss":0},{"cards_removed":["TheCursedMod:Strike_TheCursed"],"damage_healed":0,"gold_gain":0,"player_choice":"Card Removal","damage_taken":0,"max_hp_gain":0,"max_hp_loss":0,"event_name":"Wheel of Change","floor":12,"gold_loss":0}],"is_beta":false,"boss_relics":[],"items_purged_floors":[],"is_endless":false,"potions_floor_spawned":[2,8,14],"killed_by":"Slime Boss","ascension_level":0}}