{"host":"st1kg310ms6sytc5","time":1614213795,"event":{"mods":["Act Like it!","BaseMod","CapriCore","Good Game Mod","Library of Ruina","Minty Spire (QoL Compilation)","StSLib","SuperFastMode","Wide Potions","Yakumo Yukari mod"],"gold_per_floor":[368,443,443,65,78,119,138,138,187,187,226,226,126,151,151,272,272,286,286,161,177,195,218,218,257,303,315,368,380,392,438,450,592,604,641,653,690,720,732,780,792,838,900,912,937,495,518,266,266,266,266,266,18,59,59],"floor_reached":56,"language":"ZHS","playtime":3348,"items_purged":["LightAttack","LightAttack","EnergyStrike","LightDefense+1","LightDefense+1"],"score":1421,"play_id":"0eb8c3f9-8b1e-4482-9760-f78e103ed9d7","local_time":"20210225084315","is_ascension_mode":false,"campfire_choices":[{"data":"IdentifyWeakpoint","floor":8.0,"key":"SMITH"},{"data":"Transpierce","floor":10.0,"key":"SMITH"},{"data":"Dodge","floor":12.0,"key":"SMITH"},{"data":"BackAttack","floor":15.0,"key":"SMITH"},{"data":"ChargeAndCover","floor":24.0,"key":"SMITH"},{"floor":27.0,"key":"RECALL"},{"data":"Collision","floor":29.0,"key":"SMITH"},{"data":"EmotionalTurbulence","floor":32.0,"key":"SMITH"},{"data":"WillOfThePrescript","floor":41.0,"key":"SMITH"},{"data":"FrontalAssault","floor":44.0,"key":"SMITH"},{"data":"PreparedMind","floor":49.0,"key":"SMITH"},{"data":"UnforgettableMelody","floor":52,"key":"SMITH"}],"circlet_count":0,"master_deck":["Dodge+1","LightDefense+1","LightDefense+1","ChargeAndCover+1","Transpierce+1","IdentifyWeakpoint+1","SmokingPipe","Collision+1","DriedUp","BackAttack+1","EmotionalTurbulence+1","Unlock1+1","Multislash+1","UnforgettableMelody+1","WillOfThePrescript+1","Faith+1","FrontalAssault+1","Parry2+1","PreparedMind+1","Parry2+1"],"relics":["PageOfLibrarian","REME:ComplimentaryCards","Golden Idol","PageOfWayBackHome","Bronze Scales","Happy Flower","PageOfBlackSwan","PageOfSpiderBud","MawBank","Boot","Meat on the Bone","Coffee Dripper","PageOfLumberjack","PageOfWizard","Lantern","Ginger","PageOfSnowWhitesApple","Bag of Marbles"],"acts_visited":["Exordium","TheCity","TheBeyond","TheEnding"],"potions_floor_usage":[55,55],"damage_taken":[{"damage":0.0,"enemies":"2 Louse","floor":1.0,"turns":4.0},{"damage":0.0,"enemies":"Jaw Worm","floor":5.0,"turns":2.0},{"damage":12.0,"enemies":"Gremlin Nob","floor":6.0,"turns":4.0},{"damage":0.0,"enemies":"Cultist","floor":7.0,"turns":2.0},{"damage":2.0,"enemies":"Lagavulin","floor":11.0,"turns":5.0},{"damage":0.0,"enemies":"Exordium Wildlife","floor":14.0,"turns":2.0},{"damage":0.0,"enemies":"The Guardian","floor":16.0,"turns":8.0},{"damage":0.0,"enemies":"Spheric Guardian","floor":18.0,"turns":4.0},{"damage":3.0,"enemies":"Shell Parasite","floor":21.0,"turns":3.0},{"damage":0.0,"enemies":"Shelled Parasite and Fungi","floor":22.0,"turns":3.0},{"damage":3.0,"enemies":"3 Cultists","floor":23.0,"turns":5.0},{"damage":15.0,"enemies":"Gremlin Leader","floor":25.0,"turns":7.0},{"damage":4.0,"enemies":"Slavers","floor":28.0,"turns":4.0},{"damage":3.0,"enemies":"Book of Stabbing","floor":31.0,"turns":3.0},{"damage":4.0,"enemies":"Champ","floor":33.0,"turns":5.0},{"damage":0.0,"enemies":"Orb Walker","floor":35.0,"turns":1.0},{"damage":0.0,"enemies":"3 Shapes","floor":37.0,"turns":3.0},{"damage":0.0,"enemies":"Sphere and 2 Shapes","floor":38.0,"turns":3.0},{"damage":5.0,"enemies":"Giant Head","floor":40.0,"turns":7.0},{"damage":19.0,"enemies":"Nemesis","floor":42.0,"turns":5.0},{"damage":4.0,"enemies":"Transient","floor":45.0,"turns":5.0},{"damage":0.0,"enemies":"3 Darklings","floor":47.0,"turns":2.0},{"damage":0,"enemies":"Donu and Deca","floor":50,"turns":5},{"damage":0,"enemies":"Shield and Spear","floor":54,"turns":3},{"damage":65,"enemies":"The Heart","floor":55,"turns":8}],"seed_played":"8283524404005564409","potions_obtained":[{"floor":5.0,"key":"Strength Potion"},{"floor":6.0,"key":"BlessingOfTheForge"}],"is_trial":false,"path_per_floor":["M","?","?","$","M","E","M","R","T","R","E","R","$","M","R","B",null,"M","?","$","M","M","M","R","E","T","R","E","R","?","E","R","B",null,"M","?","M","M","?","E","R","E","T","R","M","$","M","$","R","B",null,"R","$","E","B",null],"character_chosen":"Librarian","items_purchased":["SmokingPipe","PageOfWayBackHome","Ginger","PreparedMind","PageOfSnowWhitesApple","CultistPotion"],"campfire_rested":0,"item_purchase_floors":[4,4,46,48,53,53],"current_hp_per_floor":[54,43,43,43,43,31,31,31,31,31,29,29,29,29,29,29,64,64,64,64,61,61,58,58,43,43,43,39,39,39,36,36,44,76,76,76,76,76,76,71,71,52,52,52,70,70,70,70,70,70,76,76,76,76,23],"gold":59,"neow_bonus":"TWO_FIFTY_GOLD","is_daily":false,"chose_seed":false,"campfire_upgraded":11,"win_rate":0.0,"timestamp":1614213795,"path_taken":["M","?","?","?","?","E","M","R","T","R","E","R","$","M","R","BOSS","M","?","$","M","M","M","R","E","T","R","E","R","?","E","R","BOSS","M","?","M","M","?","E","R","E","T","R","M","$","?","$","R","BOSS","R","$","E","BOSS"],"items_purchased_type":["Card","Relic","Relic","Card","Relic","Potion"],"build_version":"2020-12-22","purchased_purges":5,"victory":true,"max_hp_per_floor":[69,69,64,64,64,64,64,64,64,64,64,64,64,64,64,64,64,64,64,64,64,64,64,64,64,64,64,76,76,76,76,76,76,76,76,76,76,76,76,76,76,76,76,76,76,76,76,76,76,76,76,76,76,76,76],"card_choices":[{"not_picked":["GrazeTheGrass","MultiHit","AsThePrescriptOrders","ClassAndRespect","LeRegole","DarkCloud","Quickness","SharpNails"],"picked":"IdentifyWeakpoint","floor":1.0},{"not_picked":["MultiBlock","Endure","ForcefulGesture","SunsetBlade","HeavyPeaks","Fence","ViolentFlame","UpbeatPerformance","ToOvercomeCrisis"],"picked":"SKIP","floor":5.0},{"not_picked":["StrikeDown","Gigigig","TendonChords","GuardingStance","ViolentFlame","BackstreetsDash","SearingSword","ScratchThat"],"picked":"Collision","floor":6.0},{"not_picked":["Thrust","Marionette","PuppetBlockade","ScatteringSlash","StrikeDown","UpbeatPerformance","SmokingPipe","Outburst","SpearedSweep"],"picked":"SKIP","floor":7.0},{"not_picked":["EndlessBattle","SnakeSlit","Multislash","Concentration","Overcharge","TendonChords","AlloutWar","UnforgettableMelody"],"picked":"DriedUp","floor":11.0},{"not_picked":["Parry2","Duel_lor","Eliminate","FleetEdge","QuickAttack","SharpenedBlade","SharpNails","UnavoidableGaze"],"picked":"BackAttack","floor":14.0},{"not_picked":["BlazingStrike","EnergyBeam"],"picked":"GoinFirst","floor":16.0},{"not_picked":["ClassAndRespect","FleetEdge","ViolentFlame","Unlock1+1","Tttonst","HandleRequest","Juggling+1","FleetFootsteps","FocusFire"],"picked":"SKIP","floor":18.0},{"not_picked":["ClassAndRespect+1","Tailoring","EnergyShield","Juggling","WillOfThePrescript","FleetEdge","CoordinatedAssault","Gigigig","SavageMode"],"picked":"SKIP","floor":21.0},{"not_picked":["StrikeDown+1","EndlessBattle","CircusKnives+1","Fence","GutHarvesting","MultiHit","DesperateStruggle","Outburst","SinglePointStab"],"picked":"SKIP","floor":22.0},{"not_picked":["TendonChords","RhinoRam","BackAttack+1","FlyingSword","SomberProcuration","GuidanceOfTheGears","ClassAndRespect","HighKick","Duel_lor"],"picked":"SKIP","floor":23.0},{"not_picked":["SunsetBlade","Mutilate","Pound","BackstreetsDash","CumulusWall","ExtractFuel","StructuralAnalysis","StrongStrike"],"picked":"Unlock1+1","floor":25.0},{"not_picked":["SharpSwipe+1","SpearedSweep","EnergyShield","StartinOutLightly","EnergyStrike","Preparation","Outburst","LossOfSenses","DefenseOrder"],"picked":"SKIP","floor":28.0},{"not_picked":["BayonetCombat","SpearedSweep","Disposal","ProselytesBlade","TendonChords+1","Overpower","PreemptiveStrike","UncannyStrike"],"picked":"Multislash+1","floor":31.0},{"not_picked":["SenseQuarry","BoundaryOfDeath"],"picked":"UnforgettableMelody","floor":33.0},{"not_picked":["RepressedFlesh","BackAttack+1","StructuralAnalysis+1","SomberProcuration+1","YoureTooSlow+1","BulkyImpact+1","LossOfSenses","QuickSuppression"],"picked":"WillOfThePrescript","floor":35.0},{"not_picked":["WillOfThePrescript+1","StrikeDown+1","EnergyShield+1","Preparation","CumulusWall+1","Outburst","InkOver","AsThePrescriptOrders+1","BackAttack+1"],"picked":"SKIP","floor":37.0},{"not_picked":["Slice_lor","GuardingStance","Rampage_lor","Leap_lor+1","GrazeTheGrass+1","SkitterAway+1","HandleRequest","BayonetCombat+1","GatherIntel"],"picked":"SKIP","floor":38.0},{"not_picked":["CoordinatedAssault+1","SerpentSwordTechnique+1","Standoff+1","HighKick","Pound+1","RatsGuideToSurvival+1","MindCrush","EnergyConversion"],"picked":"Faith+1","floor":40.0},{"not_picked":["ShockRound","SparkingSpear","ForcefulGesture+1","BattleCommand","Execute_lor+1","QuickSuppression+1","Juggling","FlashingStrike"],"picked":"FrontalAssault","floor":42.0},{"not_picked":["DefenseOrder+1","Unlock1+1","RushDown+1","ToWhereThePrescriptPoints+1","ViolentFlame+1","GutHarvesting","PuppetBlockade","Endure+1"],"picked":"Parry2+1","floor":45.0},{"not_picked":["Track","RagingStormLove","HighKick","StrongStrike","DesperateStruggle+1","HiddenBlade","CircusKnives+1","ViolentFlame","SnakesPrey+1"],"picked":"SKIP","floor":47.0},{"not_picked":["EmotionalTurbulence","DarkCloud+1","AsThePrescriptOrders+1","Faith+1","CleanUp","Commandeering","YourShield","RulesOfTheBackstreets"],"picked":"Parry2+1","floor":54}],"player_experience":1446144,"relics_obtained":[{"floor":6.0,"key":"Bronze Scales"},{"floor":11.0,"key":"Happy Flower"},{"floor":25.0,"key":"PageOfSpiderBud"},{"floor":26.0,"key":"MawBank"},{"floor":28.0,"key":"Boot"},{"floor":31.0,"key":"Meat on the Bone"},{"floor":40.0,"key":"PageOfLumberjack"},{"floor":42.0,"key":"PageOfWizard"},{"floor":43.0,"key":"Lantern"},{"floor":54,"key":"Bag of Marbles"}],"event_choices":[{"damage_healed":0.0,"max_hp_gain":0.0,"max_hp_loss":0.0,"gold_gain":75.0,"event_name":"World of Goop","player_choice":"Gather Gold","floor":2.0,"gold_loss":0.0,"damage_taken":11.0},{"damage_healed":0.0,"max_hp_gain":0.0,"max_hp_loss":5.0,"gold_gain":0.0,"event_name":"Golden Idol","player_choice":"Lose Max HP","floor":3.0,"gold_loss":0.0,"damage_taken":0.0,"relics_obtained":["Golden Idol"]},{"damage_healed":0.0,"max_hp_gain":0.0,"max_hp_loss":0.0,"gold_gain":0.0,"cards_transformed":["LightAttack","FocusedStrikes"],"event_name":"Drug Dealer","player_choice":"Became Test Subject","floor":19.0,"gold_loss":0.0,"damage_taken":0.0,"cards_obtained":["EnergyStrike","EmotionalTurbulence"]},{"damage_healed":0.0,"max_hp_gain":0.0,"max_hp_loss":0.0,"gold_gain":0.0,"event_name":"Back to Basics","player_choice":"Simplicity","floor":30.0,"gold_loss":0.0,"damage_taken":0.0,"cards_upgraded":["LightDefense","LightDefense","LightDefense","LightDefense"]},{"cards_removed":["GoinFirst"],"damage_healed":0.0,"max_hp_gain":0.0,"max_hp_loss":0.0,"gold_gain":0.0,"event_name":"Falling","player_choice":"Removed Attack","floor":36.0,"gold_loss":0.0,"damage_taken":0.0},{"damage_healed":0.0,"max_hp_gain":0.0,"max_hp_loss":0.0,"gold_gain":0.0,"event_name":"Lab","player_choice":"Got Potions","floor":39.0,"gold_loss":0.0,"damage_taken":0.0}],"is_beta":false,"boss_relics":[{"not_picked":["Velvet Choker","Pandora\u0027s Box"],"picked":"PageOfBlackSwan"},{"not_picked":["Empty Cage","SacredBark"],"picked":"Coffee Dripper"}],"items_purged_floors":[4,13,20,46,48],"is_endless":false,"potions_floor_spawned":[5,6,11,16,23,28,31,37,38],"ascension_level":0}}