{"host":"oehe2dxjvdgux73m","time":1614262093,"event":{"mods":["AchievementEnabler","BaseMod","Colored Map","Colored Powertips","DeckTracker","Keyboard Shortcuts","Minty Spire (QoL Compilation)","Permanent Neow","Quick Restart","StSLib","SuperFastMode"],"gold_per_floor":[256,113,113,133,143,157,157,190,204,204,204,223,223,236,271,271,271,271],"floor_reached":16,"language":"KOR","playtime":397,"items_purged":[],"score":228,"play_id":"b0153643-b66e-4b44-bd54-438310549b18","local_time":"20210225230813","is_ascension_mode":true,"campfire_choices":[{"data":"Dagger Spray","floor":6.0,"key":"SMITH"},{"data":"Blade Dance","floor":10.0,"key":"SMITH"},{"data":"Prepared","floor":12,"key":"SMITH"},{"floor":15,"key":"REST"}],"circlet_count":0,"master_deck":["AscendersBane","Strike_G","Strike_G","Strike_G","Strike_G","Defend_G","Defend_G","Defend_G","Defend_G","Defend_G","Survivor","Neutralize","Predator","Acrobatics","Dagger Spray+1","Escape Plan","Blade Dance+1","Prepared+1","PiercingWail"],"relics":["Ring of the Snake","Orichalcum","Bag of Preparation","HornCleat","Happy Flower"],"acts_visited":["Exordium"],"potions_floor_usage":[],"damage_taken":[{"damage":1.0,"enemies":"Small Slimes","floor":1.0,"turns":5.0},{"damage":0.0,"enemies":"Jaw Worm","floor":3.0,"turns":4.0},{"damage":4.0,"enemies":"2 Louse","floor":4.0,"turns":3.0},{"damage":6.0,"enemies":"Red Slaver","floor":5.0,"turns":3.0},{"damage":23.0,"enemies":"Lagavulin","floor":7.0,"turns":8.0},{"damage":0.0,"enemies":"2 Fungi Beasts","floor":8.0,"turns":3.0},{"damage":5,"enemies":"Lots of Slimes","floor":11,"turns":2},{"damage":1,"enemies":"3 Louse","floor":13,"turns":2},{"damage":14,"enemies":"3 Sentries","floor":14,"turns":7},{"damage":45,"enemies":"Hexaghost","floor":16,"turns":11}],"seed_played":"6176589846525438674","potions_obtained":[{"floor":1.0,"key":"FairyPotion"},{"floor":3.0,"key":"PowerPotion"},{"floor":11,"key":"Ancient Potion"}],"is_trial":false,"path_per_floor":["M","?","M","M","M","R","E","M","T","R","M","R","M","E","R","B"],"character_chosen":"THE_SILENT","items_purchased":[],"campfire_rested":1,"item_purchase_floors":[],"current_hp_per_floor":[36,58,58,58,54,48,48,25,25,25,25,20,20,19,5,24,0,0],"gold":271,"neow_bonus":"RANDOM_COMMON_RELIC","is_daily":false,"chose_seed":false,"campfire_upgraded":3,"win_rate":0.0,"timestamp":1614262093,"path_taken":["M","?","M","M","M","R","E","M","T","R","M","R","M","E","R","BOSS"],"items_purchased_type":[],"build_version":"2020-12-22","purchased_purges":0,"victory":false,"max_hp_per_floor":[71,66,66,66,66,66,66,66,66,66,66,66,66,66,66,66,66,66],"card_choices":[{"not_picked":["Underhanded Strike","Dagger Throw"],"picked":"Predator","floor":1.0},{"not_picked":["PiercingWail","Underhanded Strike"],"picked":"Acrobatics","floor":3.0},{"not_picked":["Dodge and Roll","Distraction","Leg Sweep"],"picked":"SKIP","floor":4.0},{"not_picked":["Underhanded Strike","Dodge and Roll"],"picked":"Dagger Spray","floor":5.0},{"not_picked":["Flying Knee","Dodge and Roll"],"picked":"Escape Plan","floor":7.0},{"not_picked":["Outmaneuver","Glass Knife"],"picked":"Blade Dance","floor":8.0},{"not_picked":["Bane","Eviscerate"],"picked":"Prepared","floor":11},{"not_picked":["Slice","Bane"],"picked":"PiercingWail","floor":13},{"not_picked":["Flechettes","Quick Slash","Flying Knee"],"picked":"SKIP","floor":14}],"player_experience":504354,"relics_obtained":[{"floor":7.0,"key":"Bag of Preparation"},{"floor":9.0,"key":"HornCleat"},{"floor":14,"key":"Happy Flower"}],"event_choices":[{"cards_removed":["Strike_G"],"damage_healed":0.0,"max_hp_gain":0.0,"max_hp_loss":0.0,"gold_gain":0.0,"event_name":"Living Wall","player_choice":"Forget","floor":2.0,"gold_loss":0.0,"damage_taken":0.0}],"is_beta":false,"boss_relics":[],"items_purged_floors":[],"is_endless":false,"potions_floor_spawned":[1,3,11],"killed_by":"Hexaghost","ascension_level":20}}