{"host":"2l5k2wp87eek7qja","time":1614265382,"event":{"mods":["BaseMod","Colored Map","Minty Spire (QoL Compilation)","Relic Stats"],"gold_per_floor":[119,138,155,13,28,58,58,58,58],"floor_reached":8,"language":"ENG","playtime":251,"items_purged":[],"score":116,"play_id":"aff9c17d-1890-4046-bbe3-cfbf70801b02","local_time":"20210225170302","is_ascension_mode":true,"campfire_choices":[{"data":"Footwork","floor":7,"key":"SMITH"}],"circlet_count":0,"master_deck":["AscendersBane","Strike_G","Strike_G","Strike_G","Strike_G","Strike_G","Defend_G","Defend_G","Defend_G","Defend_G","Defend_G","Survivor","Neutralize","Dagger Throw","Dash","Blade Dance","Footwork","Dagger Spray","Footwork+1"],"relics":["Ring of the Snake","Ginger","Eternal Feather"],"acts_visited":["Exordium"],"potions_floor_usage":[6,8],"damage_taken":[{"damage":1,"enemies":"2 Louse","floor":1,"turns":3},{"damage":0,"enemies":"Jaw Worm","floor":2,"turns":5},{"damage":2,"enemies":"Small Slimes","floor":3,"turns":4},{"damage":2,"enemies":"2 Fungi Beasts","floor":5,"turns":4},{"damage":18,"enemies":"Gremlin Nob","floor":6,"turns":4},{"damage":6,"enemies":"Lagavulin","floor":8,"turns":7}],"seed_played":"4769927507165322997","potions_obtained":[{"floor":3,"key":"Energy Potion"},{"floor":6,"key":"Dexterity Potion"}],"is_trial":false,"path_per_floor":["M","M","M","$","M","E","R","E"],"character_chosen":"THE_SILENT","items_purchased":["Blade Dance","Footwork"],"campfire_rested":0,"item_purchase_floors":[4,4],"current_hp_per_floor":[43,43,41,41,39,21,30,24,24],"gold":58,"neow_bonus":"ONE_RARE_RELIC","is_daily":false,"chose_seed":false,"campfire_upgraded":1,"win_rate":0.0,"timestamp":1614265382,"path_taken":["M","M","M","$","M","E","R","E"],"items_purchased_type":["Card","Card"],"build_version":"2020-12-22","purchased_purges":0,"victory":false,"max_hp_per_floor":[66,66,66,66,66,66,66,66,66],"relic_stats":{"counters":[6,27],"Eternal Feather":9,"Ginger":[2],"obtain_stats":[{"Eternal Feather":6,"Ginger":0,"Ring of the Snake":0},{"Eternal Feather":5,"Ginger":0,"Ring of the Snake":0},{"Eternal Feather":20,"Ginger":0,"Ring of the Snake":0}],"Ring of the Snake":[12]},"card_choices":[{"not_picked":["Masterful Stab","PiercingWail"],"picked":"Dagger Throw","floor":1},{"not_picked":["Slice","Prepared"],"picked":"Dash","floor":2},{"not_picked":["Dodge and Roll","Acrobatics","Choke"],"picked":"SKIP","floor":3},{"not_picked":["Quick Slash","Distraction"],"picked":"Dagger Spray","floor":5},{"not_picked":["Flying Knee","Dodge and Roll"],"picked":"Footwork","floor":6}],"player_experience":895469,"relics_obtained":[{"floor":6,"key":"Eternal Feather"}],"event_choices":[],"is_beta":false,"boss_relics":[],"items_purged_floors":[],"is_endless":false,"potions_floor_spawned":[3,6],"killed_by":"Lagavulin","ascension_level":20}}