{"host":"dj20jyxj5yo6mk8a","time":1614260760,"event":{"mods":["AchievementEnabler","BaseMod","BetterRewards","Card Forge","Evolution","Gold Saver","Minty Spire (QoL Compilation)","Reliquary","Replay The Spire","StSLib","SuperFastMode","Uncapped"],"gold_per_floor":[966,966,981,981,995,1027,1038,1069,1069,1094,1094,1105,1105,1122,1122,1226,1226,1245,1185,592,605,624,657,657,691,691,691,691,395,421,436,436,538,538,552,552,308,362,375,403,413,447,447,464,464,495,515,266,266,266],"floor_reached":51,"language":"ENG","playtime":2147,"items_purged":[],"score":1913,"play_id":"5fb93e2e-0eea-408d-8072-e5253ec0fbea","local_time":"20210225104600","is_ascension_mode":true,"campfire_choices":[{"floor":11,"key":"REST"},{"floor":13,"key":"REST"},{"floor":15,"key":"REST"}],"circlet_count":0,"master_deck":["AscendersBane","Neutralize+1","White Noise+1","BecomeAlmighty+1","Dramatic Entrance+1","Discovery+1","LiveForever+1","Poisoned Strike+1","Sadistic Nature+1","White Noise+1","BecomeAlmighty+1","Dark Echo+1","Dark Shackles+1","Discovery+1","Dramatic Entrance+1","LiveForever+1","Poisoned Strike+1","Sadistic Nature+1","White Noise+1","BecomeAlmighty+1","LiveForever+1","White Noise+1","LiveForever+1","Discovery+1","Accuracy+1","Blade Dance+1","Accuracy+1","Blade Dance+1","Accuracy+1","Blade Dance+1","Parasite","Doubt"],"relics":["Ring of the Snake","Hammer of Thor","Seething Fire","Anvil of the Gods","EVO:Axolotl","NeowsBlessing","reliquary:HotPoker","Singing Bowl","FossilizedHelix","Bottled Tornado","Busted Crown","Thread and Needle","Replay:Multitool","TungstenRod","Bottled Lightning","Sling","reliquary:PorcupineQuills","Nilry\u0027s Codex","Mirror","Torii","Incense Burner","Replay:Baseball","Bottled Flame","Ring of Hypnosis","Ring of Misfortune","Darkstone Periapt"],"acts_visited":["Exordium","TheCity","TheBeyond"],"potions_floor_usage":[],"damage_taken":[{"damage":0,"enemies":"2 Louse","floor":1,"turns":1},{"damage":0,"enemies":"Jaw Worm","floor":2,"turns":1},{"damage":0,"enemies":"Small Slimes","floor":3,"turns":1},{"damage":0,"enemies":"2 Fungi Beasts","floor":5,"turns":1},{"damage":2,"enemies":"3 Sentries","floor":6,"turns":3},{"damage":0,"enemies":"3 Louse","floor":7,"turns":1},{"damage":5,"enemies":"Lagavulin","floor":8,"turns":3},{"damage":0,"enemies":"3 Sentries","floor":10,"turns":3},{"damage":0,"enemies":"Large Slime","floor":12,"turns":4},{"damage":0,"enemies":"Red Slaver","floor":14,"turns":1},{"damage":0,"enemies":"Fading Forest","floor":16,"turns":10},{"damage":0,"enemies":"Shell Parasite","floor":18,"turns":1},{"damage":0,"enemies":"2 Thieves","floor":21,"turns":2},{"damage":13,"enemies":"Snake Plant","floor":22,"turns":3},{"damage":0,"enemies":"Book of Stabbing","floor":23,"turns":3},{"damage":0,"enemies":"Gremlin Leader","floor":25,"turns":2},{"damage":0,"enemies":"Book of Stabbing","floor":30,"turns":2},{"damage":0,"enemies":"Chosen and Byrds","floor":31,"turns":2},{"damage":0,"enemies":"Collector","floor":33,"turns":6},{"damage":0,"enemies":"3 Darklings","floor":35,"turns":1},{"damage":3,"enemies":"2 Orb Walkers","floor":38,"turns":2},{"damage":0,"enemies":"Orb Walker","floor":39,"turns":2},{"damage":0,"enemies":"Reptomancer","floor":40,"turns":4},{"damage":8,"enemies":"Writhing Mass","floor":41,"turns":4},{"damage":0,"enemies":"R_Hoarder","floor":42,"turns":5},{"damage":0,"enemies":"4 Shapes","floor":44,"turns":1},{"damage":0,"enemies":"Nemesis","floor":46,"turns":3},{"damage":0,"enemies":"Maw","floor":47,"turns":6},{"damage":0,"enemies":"Donu and Deca","floor":50,"turns":6}],"seed_played":"-3960589124718747050","potions_obtained":[{"floor":24,"key":"CunningPotion"},{"floor":24,"key":"BlessingOfTheForge"},{"floor":30,"key":"LifebloodPotion"}],"is_trial":false,"path_per_floor":["M","M","M","?","M","E","M","E","T","E","R","M","R","M","R","B",null,"M","?","$","M","M","E","R","E","T","?","R","$","E","M","R","B",null,"M","?","$","?","M","E","M","E","T","M","?","E","M","$","R","B",null],"character_chosen":"THE_SILENT","items_purchased":["Thread and Needle","Replay:Multitool","Sling","reliquary:PorcupineQuills","Mirror","Darkstone Periapt"],"campfire_rested":3,"item_purchase_floors":[20,20,29,29,37,48],"current_hp_per_floor":[63,63,63,63,63,61,61,58,58,58,72,74,74,76,76,78,78,80,80,80,82,71,73,73,73,73,73,86,86,88,90,78,80,89,91,89,89,88,90,92,86,88,88,90,90,92,94,94,94,94],"gold":266,"neow_bonus":"THREE_ENEMY_KILL","is_daily":false,"chose_seed":false,"campfire_upgraded":0,"win_rate":0.0,"timestamp":1614260760,"path_taken":["M","M","M","?","M","E","M","E","T","E","R","M","R","M","R","BOSS","M","?","$","M","M","E","R","E","T","?","R","?","E","M","R","BOSS","M","?","$","?","M","E","M","E","T","M","?","E","M","$","R","BOSS"],"items_purchased_type":["Relic","Relic","Relic","Relic","Relic","Relic"],"build_version":"2020-12-22","purchased_purges":0,"victory":true,"max_hp_per_floor":[70,70,70,70,70,70,70,72,72,72,72,74,74,76,76,78,78,80,80,80,82,84,86,86,86,86,86,86,86,88,90,90,92,92,94,89,89,91,93,95,97,99,99,101,101,103,105,105,105,105],"card_choices":[{"not_picked":["ReplayTheSpireMod:Scrap Shanks","Endless Agony","ReplayTheSpireMod:Speed Training"],"picked":"SKIP","floor":1},{"not_picked":["Hidden Blade","Outmaneuver","Quick Slash"],"picked":"SKIP","floor":2},{"not_picked":["Sucker Punch","Flying Knee","Outmaneuver"],"picked":"SKIP","floor":3},{"not_picked":["Quick Slash","Storm of Steel","Hidden Blade"],"picked":"SKIP","floor":5},{"not_picked":["Acrobatics","Backstab","Poison Darts"],"picked":"SKIP","floor":6},{"not_picked":["Calculated Gamble","Dagger Spray","Deflect"],"picked":"SKIP","floor":7},{"not_picked":["Slice","Hidden Blade","Poisoned Stab"],"picked":"Singing Bowl","floor":8},{"not_picked":["Choke","Well Laid Plans","Deadly Poison"],"picked":"SKIP","floor":10},{"not_picked":["Underhanded Strike","Fluid Movement","Bouncing Flask"],"picked":"Singing Bowl","floor":12},{"not_picked":["Heel Hook","Blade Dance","Backflip"],"picked":"Singing Bowl","floor":14},{"not_picked":["Burst","Malaise","After Image"],"picked":"Singing Bowl","floor":16},{"not_picked":["Toxin Wave+1"],"picked":"Singing Bowl","floor":18},{"not_picked":["Leg Sweep"],"picked":"Singing Bowl","floor":21},{"not_picked":["Blade Dance"],"picked":"Singing Bowl","floor":22},{"not_picked":["Setup+1"],"picked":"Singing Bowl","floor":23},{"not_picked":["Flying Knee"],"picked":"SKIP","floor":25},{"not_picked":["Underhanded Strike"],"picked":"Singing Bowl","floor":30},{"not_picked":["Backflip"],"picked":"Singing Bowl","floor":31},{"not_picked":["Phantasmal Killer"],"picked":"Singing Bowl","floor":33},{"not_picked":["Infinite Blades+1"],"picked":"Singing Bowl","floor":35},{"not_picked":["Deadly Poison+1"],"picked":"Singing Bowl","floor":38},{"not_picked":["Endless Agony+1"],"picked":"Singing Bowl","floor":39},{"not_picked":["Terror"],"picked":"Singing Bowl","floor":40},{"not_picked":["Backflip"],"picked":"Singing Bowl","floor":41},{"not_picked":["Catalyst"],"picked":"Singing Bowl","floor":42},{"not_picked":["Replay:Poison Smokescreen+1"],"picked":"Singing Bowl","floor":44},{"not_picked":["All Out Attack+1"],"picked":"Singing Bowl","floor":46},{"not_picked":["Burst"],"picked":"Singing Bowl","floor":47}],"player_experience":143215,"relics_obtained":[{"floor":6,"key":"reliquary:HotPoker"},{"floor":8,"key":"Singing Bowl"},{"floor":9,"key":"FossilizedHelix"},{"floor":10,"key":"Bottled Tornado"},{"floor":23,"key":"TungstenRod"},{"floor":25,"key":"Bottled Lightning"},{"floor":32,"key":"Nilry\u0027s Codex"},{"floor":38,"key":"Torii"},{"floor":40,"key":"Incense Burner"},{"floor":42,"key":"Replay:Baseball"},{"floor":43,"key":"Bottled Flame"},{"floor":45,"key":"Ring of Hypnosis"},{"floor":45,"key":"Ring of Misfortune"}],"event_choices":[{"damage_healed":0,"gold_gain":0,"player_choice":"Leave","damage_taken":0,"max_hp_gain":0,"max_hp_loss":0,"event_name":"The Cleric","floor":4,"gold_loss":0},{"damage_healed":0,"gold_gain":0,"player_choice":"Ignored","damage_taken":0,"max_hp_gain":0,"max_hp_loss":0,"event_name":"Beggar","floor":27,"gold_loss":0},{"damage_healed":0,"gold_gain":0,"player_choice":"Obtained Book","damage_taken":16,"max_hp_gain":0,"max_hp_loss":0,"event_name":"Cursed Tome","floor":32,"gold_loss":0},{"damage_healed":0,"gold_gain":0,"player_choice":"Max HP","damage_taken":0,"max_hp_gain":0,"max_hp_loss":5,"event_name":"Winding Halls","floor":36,"gold_loss":0},{"damage_healed":0,"gold_gain":0,"player_choice":"Fight","damage_taken":0,"max_hp_gain":0,"max_hp_loss":0,"event_name":"Mysterious Sphere","floor":38,"gold_loss":0},{"damage_healed":0,"gold_gain":0,"player_choice":"Ignored","damage_taken":0,"max_hp_gain":0,"max_hp_loss":0,"event_name":"The Moai Head","floor":49,"gold_loss":0}],"is_beta":false,"boss_relics":[{"not_picked":["Replay:Grab Bag","Runic Pyramid"],"picked":"Busted Crown"},{"not_picked":["Abe\u0027s Treasure","reliquary:WritOfMandamus","Velvet Choker"]}],"items_purged_floors":[],"is_endless":false,"potions_floor_spawned":[1,3,5,14,22,30,31,39,41,42,44],"ascension_level":10}}