{"host":"xsuxkwaivmtd234a","time":1614266916,"event":{"mods":["BaseMod","Bestiary","Colored Map","Minty Spire (QoL Compilation)","Relic Stats","StSLib"],"gold_per_floor":[112,129,142,158,171,171,171,171,171,202,229,259,305,386,398,410,410],"floor_reached":16,"language":"ENG","playtime":578,"items_purged":[],"score":171,"play_id":"c263cfb2-2ec2-406c-a669-a3ef74454052","local_time":"20210225102836","is_ascension_mode":true,"campfire_choices":[{"data":"Armaments","floor":6,"key":"SMITH"},{"data":"Wild Strike","floor":8,"key":"SMITH"},{"floor":15,"key":"REST"}],"circlet_count":0,"master_deck":["AscendersBane","Strike_R","Strike_R","Strike_R","Strike_R","Strike_R","Defend_R","Defend_R","Defend_R","Defend_R","Bash","Wild Strike+1","Cleave","Thunderclap","Armaments+1","Carnage","Headbutt","Uppercut","Impervious","True Grit"],"relics":["Burning Blood","Toy Ornithopter","Golden Idol","Bag of Marbles","MawBank","Bottled Flame","Kunai"],"acts_visited":["Exordium"],"potions_floor_usage":[5,10,14,14],"damage_taken":[{"damage":6,"enemies":"Cultist","floor":1,"turns":3},{"damage":8,"enemies":"Jaw Worm","floor":2,"turns":4},{"damage":0,"enemies":"Small Slimes","floor":3,"turns":3},{"damage":17,"enemies":"Looter","floor":4,"turns":3},{"damage":14,"enemies":"Gremlin Gang","floor":5,"turns":4},{"damage":8,"enemies":"Gremlin Nob","floor":10,"turns":3},{"damage":9,"enemies":"2 Fungi Beasts","floor":11,"turns":2},{"damage":6,"enemies":"Looter","floor":12,"turns":2},{"damage":32,"enemies":"Lagavulin","floor":13,"turns":8},{"damage":23,"enemies":"Lagavulin Event","floor":14,"turns":4},{"damage":56,"enemies":"The Guardian","floor":16,"turns":9}],"seed_played":"8189955240165371283","potions_obtained":[{"floor":1,"key":"DistilledChaos"},{"floor":3,"key":"FearPotion"},{"floor":5,"key":"Dexterity Potion"},{"floor":13,"key":"BlessingOfTheForge"}],"is_trial":false,"path_per_floor":["M","M","M","M","M","R","?","R","T","E","M","M","E","?","R","B"],"character_chosen":"IRONCLAD","items_purchased":[],"campfire_rested":1,"item_purchase_floors":[],"current_hp_per_floor":[72,70,76,65,62,62,62,62,62,65,62,62,36,29,51,0,0],"gold":410,"neow_bonus":"RANDOM_COMMON_RELIC","is_daily":false,"chose_seed":false,"campfire_upgraded":2,"win_rate":0.0,"timestamp":1614266916,"path_taken":["M","M","M","M","M","R","?","R","T","E","M","M","E","?","R","BOSS"],"items_purchased_type":[],"build_version":"2020-12-22","purchased_purges":0,"victory":false,"max_hp_per_floor":[80,80,80,80,80,80,74,74,74,74,74,74,74,74,74,74,74],"relic_stats":{"counters":[11,45],"Golden Idol":40,"Kunai":[0],"MawBank":72,"obtain_stats":[{"Bottled Flame":13,"Golden Idol":7,"Bag of Marbles":9,"Kunai":14,"MawBank":10,"Burning Blood":0,"Toy Ornithopter":0},{"Bottled Flame":9,"Golden Idol":5,"Bag of Marbles":5,"Kunai":9,"MawBank":6,"Burning Blood":0,"Toy Ornithopter":0},{"Bottled Flame":32,"Golden Idol":17,"Bag of Marbles":17,"Kunai":32,"MawBank":20,"Burning Blood":0,"Toy Ornithopter":0}],"Burning Blood":60,"Toy Ornithopter":20},"card_choices":[{"not_picked":["Blood for Blood","Warcry"],"picked":"Wild Strike","floor":1},{"not_picked":["Sentinel","Havoc"],"picked":"Cleave","floor":2},{"not_picked":["Perfected Strike","Ghostly Armor"],"picked":"Thunderclap","floor":3},{"not_picked":["Iron Wave","Body Slam","Flex"],"picked":"SKIP","floor":4},{"not_picked":["Body Slam","Dual Wield"],"picked":"Armaments","floor":5},{"not_picked":["Sword Boomerang","Clothesline"],"picked":"Carnage","floor":10},{"not_picked":["Pommel Strike","Armaments"],"picked":"Headbutt","floor":11},{"not_picked":["Dual Wield","Warcry"],"picked":"Uppercut","floor":12},{"not_picked":["Sword Boomerang","Cleave"],"picked":"Impervious","floor":13},{"not_picked":["Armaments","Clothesline"],"picked":"True Grit","floor":14}],"player_experience":1381468,"relics_obtained":[{"floor":9,"key":"Bag of Marbles"},{"floor":10,"key":"MawBank"},{"floor":13,"key":"Bottled Flame"}],"event_choices":[{"damage_healed":0,"gold_gain":0,"player_choice":"Lose Max HP","damage_taken":0,"relics_obtained":["Golden Idol"],"max_hp_gain":0,"max_hp_loss":6,"event_name":"Golden Idol","floor":7,"gold_loss":0},{"damage_healed":0,"gold_gain":0,"player_choice":"Searched \u00272\u0027 times","damage_taken":0,"relics_obtained":["Kunai"],"max_hp_gain":0,"max_hp_loss":0,"event_name":"Dead Adventurer","floor":14,"gold_loss":0}],"is_beta":false,"boss_relics":[],"items_purged_floors":[],"is_endless":false,"potions_floor_spawned":[1,3,5,13],"killed_by":"The Guardian","ascension_level":10}}