{"host":"sc0o2qwpf9j16a4i","time":1614264328,"event":{"mods":["AchievementEnabler","BaseMod","BetterRewards","Block Reminder","Colored Map","Colored Powertips","Custom Start","Highlight Path","Minty Spire (QoL Compilation)","Relic Stats"],"gold_per_floor":[410,485,134,134,134,160,178,189,189,189,220,19,54,54,54,150,150,169,169,186,186,204,234,247,247,247,247,257,257,267,278,278,374,374,389,95,147,167,180,205,205,205,230,230,260,260,280,305,305,305],"floor_reached":51,"language":"ENG","playtime":1490,"items_purged":[],"score":1048,"play_id":"538b9117-34ff-4bba-a5b8-f8f72feb6677","local_time":"20210225164528","daily_mods":["Heirloom","Green Cards","Lethality"],"is_ascension_mode":false,"campfire_choices":[{"data":"Heavy Blade","floor":10,"key":"SMITH"},{"data":"Dash","floor":15,"key":"SMITH"},{"floor":29,"key":"REST"},{"data":"Feel No Pain","floor":32,"key":"SMITH"},{"data":"Offering","floor":44,"key":"SMITH"},{"data":"Heavy Blade","floor":46,"key":"SMITH"},{"data":"Dual Wield","floor":49,"key":"SMITH"}],"circlet_count":0,"master_deck":["Strike_R","Strike_R","Strike_R","Strike_R","Strike_R","Defend_R","Defend_R+1","Defend_R","Defend_R","Bash","Wild Strike","Feel No Pain+1","Heavy Blade+1","Dash+1","Shockwave","Flex+1","Wild Strike","Evolve","Corruption","Dual Wield+1","Heavy Blade+1","Sever Soul","Offering+1","Necronomicurse","Acrobatics+1","Clothesline","Footwork","Reaper","Body Slam+1","Backflip+1","True Grit+1","Blood for Blood","Feel No Pain","Footwork+1"],"relics":["Burning Blood","Old Coin","Tiny Chest","CultistMask","Pantograph","Gremlin Horn","Bottled Tornado","Oddly Smooth Stone","Boot","War Paint","Snecko Eye","MutagenicStrength","Happy Flower","Necronomicon","Letter Opener","Regal Pillow","SlaversCollar","Membership Card","Akabeko","Strawberry","Gambling Chip","Pear","Kunai","Toy Ornithopter","Smiling Mask","Magic Flower","Mummified Hand"],"acts_visited":["Exordium","TheCity","TheBeyond"],"potions_floor_usage":[6,11,13,16,16,33,33,38,47,50],"damage_taken":[{"damage":5,"enemies":"Jaw Worm","floor":1,"turns":3},{"damage":11,"enemies":"3 Sentries","floor":6,"turns":6},{"damage":0,"enemies":"2 Louse","floor":7,"turns":2},{"damage":4,"enemies":"Cultist","floor":8,"turns":3},{"damage":0,"enemies":"Gremlin Nob","floor":11,"turns":2},{"damage":0,"enemies":"3 Sentries","floor":13,"turns":4},{"damage":52,"enemies":"Hexaghost","floor":16,"turns":6},{"damage":6,"enemies":"Shell Parasite","floor":18,"turns":3},{"damage":1,"enemies":"Chosen","floor":20,"turns":3},{"damage":0,"enemies":"Snecko","floor":22,"turns":3},{"damage":24,"enemies":"Gremlin Leader","floor":23,"turns":4},{"damage":12,"enemies":"Snake Plant","floor":24,"turns":2},{"damage":0,"enemies":"Chosen and Byrds","floor":28,"turns":3},{"damage":6,"enemies":"3 Cultists","floor":30,"turns":2},{"damage":6,"enemies":"Snake Plant","floor":31,"turns":2},{"damage":0,"enemies":"Champ","floor":33,"turns":5},{"damage":0,"enemies":"3 Shapes","floor":35,"turns":1},{"damage":32,"enemies":"2 Orb Walkers","floor":37,"turns":2},{"damage":6,"enemies":"3 Darklings","floor":38,"turns":1},{"damage":6,"enemies":"Sphere and 2 Shapes","floor":39,"turns":3},{"damage":6,"enemies":"Reptomancer","floor":40,"turns":2},{"damage":32,"enemies":"Nemesis","floor":45,"turns":3},{"damage":12,"enemies":"Transient","floor":47,"turns":5},{"damage":6,"enemies":"Giant Head","floor":48,"turns":4},{"damage":93,"enemies":"Time Eater","floor":50,"turns":16}],"seed_played":"9108761363509654686","potions_obtained":[{"floor":7,"key":"DistilledChaos"},{"floor":11,"key":"CultistPotion"},{"floor":13,"key":"AttackPotion"},{"floor":23,"key":"FearPotion"},{"floor":28,"key":"ElixirPotion"},{"floor":30,"key":"LiquidMemories"},{"floor":37,"key":"GamblersBrew"},{"floor":38,"key":"FairyPotion"},{"floor":47,"key":"Block Potion"}],"is_trial":true,"path_per_floor":["M","?","$","?","?","E","M","M","T","R","E","$","E","T","R","B",null,"M","?","M","?","M","E","M","?","T","T","M","R","M","M","R","B",null,"M","$","?","M","M","E","T","T","T","R","E","R","M","E","R","B",null],"character_chosen":"IRONCLAD","items_purchased":["Tiny Chest","Feel No Pain","Heavy Blade","DistilledChaos","Fire Potion","Oddly Smooth Stone","Strength Potion","Membership Card","Akabeko","Strawberry"],"campfire_rested":1,"item_purchase_floors":[3,3,3,3,3,12,12,36,36,36],"current_hp_per_floor":[80,69,69,69,69,64,70,72,72,72,78,78,80,80,80,34,80,80,80,80,65,71,53,47,31,31,31,37,77,77,77,77,85,85,85,92,92,92,92,102,102,102,102,102,76,76,81,102,102,102],"gold":305,"neow_bonus":"","is_daily":false,"chose_seed":false,"campfire_upgraded":6,"win_rate":0.0,"timestamp":1614264328,"path_taken":["M","?","$","?","?","E","M","?","T","R","E","$","E","?","R","BOSS","M","?","M","?","M","E","M","?","T","?","?","R","M","M","R","BOSS","M","$","?","M","M","E","?","?","T","R","E","R","M","E","R","BOSS"],"items_purchased_type":["Relic","Card","Card","Potion","Potion","Relic","Potion","Relic","Relic","Relic"],"build_version":"2020-12-22","purchased_purges":0,"victory":true,"max_hp_per_floor":[80,80,80,80,80,80,80,80,80,80,80,80,80,80,80,80,80,80,80,80,85,85,85,85,85,85,85,85,85,85,85,85,85,85,85,92,92,92,92,102,102,102,102,102,102,102,102,102,102,102],"relic_stats":{"Regal Pillow":15,"Gremlin Horn":[15,15],"Happy Flower":[17],"counters":[25,90],"Magic Flower":[42],"Letter Opener":[80],"War Paint":["Defend_R","Flex"],"Boot":[18],"Smiling Mask":0,"Burning Blood":113,"Mummified Hand":[5],"Pantograph":8,"Gambling Chip":[31],"Snecko Eye":[156,119,116,144],"Tiny Chest":3,"Necronomicon":[21],"Kunai":[10],"obtain_stats":[{"Regal Pillow":27,"Gremlin Horn":9,"Magic Flower":45,"Bottled Tornado":11,"Boot":13,"Smiling Mask":43,"Burning Blood":0,"Old Coin":0,"Mummified Hand":48,"Pantograph":6,"Strawberry":36,"Gambling Chip":37,"Tiny Chest":3,"Necronomicon":25,"Kunai":41,"Pear":40,"Happy Flower":23,"Oddly Smooth Stone":12,"Letter Opener":26,"War Paint":14,"Akabeko":36,"SlaversCollar":34,"MutagenicStrength":19,"Snecko Eye":17,"CultistMask":5,"Membership Card":36,"Toy Ornithopter":42},{"Regal Pillow":12,"Gremlin Horn":4,"Magic Flower":22,"Bottled Tornado":5,"Boot":6,"Smiling Mask":21,"Burning Blood":0,"Old Coin":0,"Mummified Hand":24,"Pantograph":2,"Strawberry":17,"Gambling Chip":18,"Tiny Chest":1,"Necronomicon":12,"Kunai":21,"Pear":21,"Happy Flower":11,"Oddly Smooth Stone":5,"Letter Opener":12,"War Paint":6,"Akabeko":17,"SlaversCollar":16,"MutagenicStrength":8,"Snecko Eye":7,"CultistMask":1,"Membership Card":17,"Toy Ornithopter":21},{"Regal Pillow":41,"Gremlin Horn":14,"Magic Flower":65,"Bottled Tornado":16,"Boot":20,"Smiling Mask":62,"Burning Blood":0,"Old Coin":0,"Mummified Hand":74,"Pantograph":9,"Strawberry":54,"Gambling Chip":56,"Tiny Chest":3,"Necronomicon":41,"Kunai":62,"Pear":62,"Happy Flower":39,"Oddly Smooth Stone":16,"Letter Opener":41,"War Paint":20,"Akabeko":54,"SlaversCollar":53,"MutagenicStrength":29,"Snecko Eye":26,"CultistMask":3,"Membership Card":54,"Toy Ornithopter":62}],"Toy Ornithopter":8},"card_choices":[{"not_picked":["Shrug It Off","Warcry"],"picked":"Wild Strike","floor":1},{"not_picked":["Shockwave","Deadly Poison"],"picked":"Dash","floor":6},{"not_picked":["Caltrops","Bouncing Flask"],"picked":"Shockwave","floor":7},{"not_picked":["Thunderclap","Eviscerate"],"picked":"Flex","floor":8},{"not_picked":["After Image","Sucker Punch"],"picked":"Wild Strike","floor":11},{"not_picked":["Anger","Tools of the Trade"],"picked":"Evolve","floor":13},{"not_picked":["Barricade","A Thousand Cuts"],"picked":"Corruption","floor":16},{"not_picked":["Thunderclap","Flying Knee","True Grit"],"picked":"SKIP","floor":18},{"not_picked":["Poisoned Stab","Anger"],"picked":"Dual Wield","floor":20},{"not_picked":["Dodge and Roll","Wild Strike+1"],"picked":"Heavy Blade","floor":22},{"not_picked":["Escape Plan","Cleave"],"picked":"Sever Soul","floor":23},{"not_picked":["Bane","Iron Wave"],"picked":"Offering","floor":24},{"not_picked":["Havoc+1","Bane+1"],"picked":"Acrobatics+1","floor":28},{"not_picked":["Slice+1","Anger"],"picked":"Clothesline","floor":30},{"not_picked":["Dagger Throw","Thunderclap+1"],"picked":"Footwork","floor":31},{"not_picked":["Burst","Glass Knife"],"picked":"Reaper","floor":33},{"not_picked":["Acrobatics","Warcry+1"],"picked":"Body Slam+1","floor":35},{"not_picked":["Pommel Strike+1","Poisoned Stab+1"],"picked":"Backflip+1","floor":37},{"not_picked":["Clash+1","Poisoned Stab+1"],"picked":"True Grit+1","floor":38},{"not_picked":["Clash+1","Dagger Spray+1"],"picked":"Blood for Blood","floor":39},{"not_picked":["Hemokinesis","Pommel Strike+1","Riddle With Holes"],"picked":"SKIP","floor":40},{"not_picked":["Intimidate+1","Flying Knee+1","Metallicize+1"],"picked":"SKIP","floor":45},{"not_picked":["Armaments","Clash+1"],"picked":"Feel No Pain","floor":47},{"not_picked":["Storm of Steel","Evolve+1"],"picked":"Footwork+1","floor":48}],"player_experience":1551443,"relics_obtained":[{"floor":6,"key":"Pantograph"},{"floor":9,"key":"Gremlin Horn"},{"floor":11,"key":"Bottled Tornado"},{"floor":13,"key":"Boot"},{"floor":14,"key":"War Paint"},{"floor":23,"key":"Happy Flower"},{"floor":25,"key":"Necronomicon"},{"floor":26,"key":"Letter Opener"},{"floor":27,"key":"Regal Pillow"},{"floor":37,"key":"Gambling Chip"},{"floor":40,"key":"Pear"},{"floor":41,"key":"Kunai"},{"floor":42,"key":"Toy Ornithopter"},{"floor":43,"key":"Smiling Mask"},{"floor":45,"key":"Magic Flower"},{"floor":48,"key":"Mummified Hand"}],"event_choices":[{"damage_healed":0,"gold_gain":75,"player_choice":"Gather Gold","damage_taken":11,"max_hp_gain":0,"max_hp_loss":0,"event_name":"World of Goop","floor":2,"gold_loss":0},{"damage_healed":0,"gold_gain":0,"player_choice":"Leave","damage_taken":0,"max_hp_gain":0,"max_hp_loss":0,"event_name":"The Cleric","floor":4,"gold_loss":0},{"damage_healed":0,"gold_gain":0,"player_choice":"Trade","damage_taken":0,"relics_obtained":["CultistMask"],"max_hp_gain":0,"max_hp_loss":0,"event_name":"FaceTrader","floor":5,"gold_loss":0},{"damage_healed":0,"gold_gain":0,"player_choice":"Inject Mutagens","damage_taken":0,"relics_obtained":["MutagenicStrength"],"max_hp_gain":0,"max_hp_loss":0,"event_name":"Drug Dealer","floor":19,"gold_loss":0},{"damage_healed":0,"gold_gain":0,"player_choice":"Shed Blood","damage_taken":20,"max_hp_gain":5,"max_hp_loss":0,"event_name":"Forgotten Altar","floor":21,"gold_loss":0},{"damage_healed":0,"gold_gain":0,"player_choice":"Obtained Book","damage_taken":16,"max_hp_gain":0,"max_hp_loss":0,"event_name":"Cursed Tome","floor":25,"gold_loss":0},{"damage_healed":0,"gold_gain":0,"player_choice":"Fight","damage_taken":0,"max_hp_gain":0,"max_hp_loss":0,"event_name":"Mysterious Sphere","floor":37,"gold_loss":0}],"is_beta":false,"boss_relics":[{"not_picked":["Coffee Dripper","Tiny House"],"picked":"Snecko Eye"},{"not_picked":["Sozu","Runic Cube"],"picked":"SlaversCollar"}],"items_purged_floors":[],"is_endless":false,"potions_floor_spawned":[7,11,13,23,28,30,37,38,47],"ascension_level":0}}