{"host":"y27lpgkuecypkeb8","time":1614266900,"event":{"mods":["AchievementEnabler","Act Like it!","Aspiration","BaseMod","Better Sensory Stone","Better Skull","Colored Map","Colored Powertips","Conspire","DeckTracker","Dota2Spire","Energized Spire","GifTheSpireLib","GungeonMod","Highlight Path","Infinite Spire","Minty Spire (QoL Compilation)","Permanent Neow","Rare Cards Sparkle","Relic Sorter","Replay The Spire","Spicy Shops","StSLib","Stuff the Spire","The Cursed","The Disciple","The Poker Player"],"gold_per_floor":[118,128,128,128,145,145,173,184,184,200,200,50,50,69,69,164,164,180,194,194,212,228,228,78,90,138,138,148,148,148,162,162,266,266,277,330,38,38,38,38,38,50,77,77,123,123,171,215,215,243],"floor_reached":51,"language":"ENG","playtime":4436,"items_purged":["A Thousand Cuts"],"score":626,"play_id":"91010f41-82fa-41b1-99c6-32b7208ceee5","local_time":"20210225232820","is_ascension_mode":false,"campfire_choices":[{"data":"Neutralize","floor":6,"key":"SMITH"},{"data":"StuffTheSpire:ReptileScales","floor":11,"key":"SMITH"},{"floor":15,"key":"REST"},{"data":"Terror","floor":23,"key":"SMITH"},{"floor":27,"key":"REST"},{"data":"Caltrops","floor":29,"key":"SMITH"},{"data":"Bite","floor":32,"key":"SMITH"},{"data":"Backstab","floor":40,"key":"SMITH"},{"data":"conspire:Banana","floor":44,"key":"SMITH"},{"data":"Bite","floor":46,"key":"SMITH"},{"data":"Bite","floor":49,"key":"SMITH"}],"circlet_count":0,"master_deck":["Defend_G","Defend_G","Defend_G","Defend_G","Defend_G","Survivor","Neutralize+1","StuffTheSpire:ReptileScales+1","Terror+1","Reflex","StuffTheSpire:Python","StuffTheSpire:Shiver","Caltrops+1","Die Die Die","Flying Knee+1","Bite+1","Bite","Bite","Bite+1","Bite+1","StuffTheSpire:Shiver+1","Dagger Spray+1","Prepared+1","Backstab+1","conspire:Banana+1","Panacea","Heel Hook","Prepared"],"relics":["Ring of the Serpent","DemoMod:Bottle","Dota2Spire:ArmletOfMordiggian","Vajra","infinitespire:FocusingShard","Replay:Bronze Core","StuffTheSpire:Expresso","ClockworkSouvenir","StuffTheSpire:Barrel","infinitespire:Lychee Nut","aspiration:Nostalgia","Chronometer","Replay:Bandana"],"acts_visited":["Exordium","TheCity","TheBeyond"],"potions_floor_usage":[2,7,7,7,16,33,33,47,50],"damage_taken":[{"damage":2,"enemies":"2 Louse","floor":1,"turns":3},{"damage":0,"enemies":"Jaw Worm","floor":2,"turns":4},{"damage":3,"enemies":"Cultist","floor":5,"turns":5},{"damage":16,"enemies":"Gremlin Nob","floor":7,"turns":5},{"damage":8,"enemies":"Red Slaver","floor":8,"turns":4},{"damage":2,"enemies":"Exordium Thugs","floor":10,"turns":6},{"damage":9,"enemies":"2 Fungi Beasts","floor":14,"turns":4},{"damage":3,"enemies":"The Guardian","floor":16,"turns":11},{"damage":1,"enemies":"Shell Parasite","floor":18,"turns":6},{"damage":8,"enemies":"Spheric Guardian","floor":19,"turns":5},{"damage":14,"enemies":"Centurion and Healer","floor":21,"turns":5},{"damage":13,"enemies":"Snecko","floor":22,"turns":5},{"damage":10,"enemies":"Snake Plant","floor":25,"turns":5},{"damage":8,"enemies":"Centurion and Healer","floor":28,"turns":7},{"damage":12,"enemies":"Cultist and Chosen","floor":31,"turns":5},{"damage":38,"enemies":"conspire:MysteriousRune","floor":33,"turns":8},{"damage":11,"enemies":"3 Shapes","floor":35,"turns":6},{"damage":29,"enemies":"2 Orb Walkers","floor":36,"turns":4},{"damage":0,"enemies":"Orb Walker","floor":42,"turns":4},{"damage":33,"enemies":"Jaw Worm Horde","floor":45,"turns":4},{"damage":12,"enemies":"3 Darklings","floor":47,"turns":4},{"damage":21,"enemies":"Sphere and 2 Shapes","floor":48,"turns":5},{"damage":103,"enemies":"infinitespire:MassOfShapes","floor":50,"turns":24}],"seed_played":"-2807483576355009623","potions_obtained":[{"floor":0,"key":"Fire Potion"},{"floor":0,"key":"Swift Potion"},{"floor":0,"key":"Block Potion"},{"floor":5,"key":"DemoMod:LeadSkinPotion"},{"floor":14,"key":"Block Potion"},{"floor":18,"key":"Elixir"},{"floor":21,"key":"FearPotion"},{"floor":25,"key":"Strength Potion"},{"floor":28,"key":"BlessingOfTheForge"},{"floor":41,"key":"FairyPotion"},{"floor":41,"key":"Regen Potion"},{"floor":41,"key":"FairyPotion"},{"floor":42,"key":"DemoMod:LeadSkinPotion"}],"is_trial":false,"path_per_floor":["M","M","?","?","M","R","E","M","T","M","R","$","T","M","R","B",null,"M","M","?","M","M","R","$","M","T","R","M","R","?","M","R","B",null,"M","?","$","?","?","R","?","M","T","R","M","R","M","M","R","B",null],"character_chosen":"THE_SILENT","items_purchased":["Vajra","ClockworkSouvenir","Backstab","aspiration:Nostalgia"],"campfire_rested":2,"item_purchase_floors":[12,24,37,37],"current_hp_per_floor":[68,68,61,61,58,58,42,34,34,32,32,32,32,29,50,47,70,69,61,61,47,34,34,34,24,24,45,37,37,37,33,33,17,49,46,32,32,32,32,32,32,37,37,37,15,15,37,31,31,34],"gold":243,"neow_bonus":"THREE_SMALL_POTIONS","is_daily":false,"chose_seed":false,"campfire_upgraded":9,"win_rate":0.0,"timestamp":1614266900,"path_taken":["M","M","?","?","?","R","E","M","T","M","R","?","?","M","R","BOSS","M","M","?","?","M","R","$","M","T","R","M","R","?","M","R","BOSS","M","?","$","?","?","R","?","M","T","R","M","R","?","M","R","BOSS"],"items_purchased_type":["Relic","Relic","Card","Relic"],"build_version":"2020-12-22","purchased_purges":1,"victory":true,"max_hp_per_floor":[70,70,70,70,70,70,70,70,70,70,70,70,70,70,70,70,70,70,70,70,70,70,70,70,70,70,70,70,70,49,49,49,49,49,49,36,36,36,36,36,36,37,37,37,39,39,41,43,43,45],"card_choices":[{"not_picked":["Poisoned Stab","StuffTheSpire:DoubleShiv"],"picked":"StuffTheSpire:ReptileScales","floor":1},{"not_picked":["StuffTheSpire:Incantation","Bane"],"picked":"Terror","floor":2},{"not_picked":["Reflex","A Thousand Cuts"],"picked":"StuffTheSpire:Shiver","floor":5},{"not_picked":["Blur","Corpse Explosion","Poisoned Stab"],"picked":"SKIP","floor":7},{"not_picked":["Underhanded Strike","Deflect"],"picked":"Caltrops","floor":8},{"not_picked":["Dagger Throw","Acrobatics","PiercingWail"],"picked":"SKIP","floor":10},{"not_picked":["Acrobatics","Flying Knee","Well Laid Plans"],"picked":"SKIP","floor":14},{"not_picked":["Replay:Bag of Tricks","Phantasmal Killer"],"picked":"Die Die Die","floor":16},{"not_picked":["Masterful Stab","Underhanded Strike"],"picked":"Flying Knee+1","floor":18},{"not_picked":["Skewer","Sucker Punch","Acrobatics"],"picked":"SKIP","floor":19},{"not_picked":["Flechettes","Acrobatics","Deadly Poison"],"picked":"SKIP","floor":21},{"not_picked":["StuffTheSpire:BumpUp","Poisoned Stab","Backflip"],"picked":"SKIP","floor":22},{"not_picked":["StuffTheSpire:ClusterCrunch","Cloak And Dagger","StuffTheSpire:BumpUp+1"],"picked":"SKIP","floor":25},{"not_picked":["Deflect","Outmaneuver+1","Backflip"],"picked":"SKIP","floor":28},{"not_picked":["Cloak And Dagger","StuffTheSpire:ClusterCrunch"],"picked":"StuffTheSpire:Shiver+1","floor":31},{"not_picked":["PiercingWail","Poisoned Stab"],"picked":"Dagger Spray+1","floor":35},{"not_picked":["Hidden Blade+1","Blade Dance"],"picked":"Prepared+1","floor":36},{"not_picked":["Crow Ritual","Dramatic Entrance"],"picked":"conspire:Banana","floor":38},{"not_picked":["HandOfGreed","ReplayTheSpireMod:Brewmster"],"picked":"Panacea","floor":38},{"not_picked":["Dodge and Roll","StuffTheSpire:Injection+1","Toxin Wave"],"picked":"SKIP","floor":42},{"not_picked":["Deflect","StuffTheSpire:BumpUp","Hidden Blade"],"picked":"SKIP","floor":45},{"not_picked":["Calculated Gamble","Well Laid Plans"],"picked":"Heel Hook","floor":47},{"not_picked":["Catalyst","Slice"],"picked":"Prepared","floor":48}],"player_experience":44939,"relics_obtained":[{"floor":7,"key":"Dota2Spire:ArmletOfMordiggian"},{"floor":9,"key":"DemoMod:Bottle"},{"floor":13,"key":"infinitespire:FocusingShard"},{"floor":26,"key":"StuffTheSpire:Barrel"},{"floor":36,"key":"infinitespire:Lychee Nut"},{"floor":43,"key":"Replay:Bandana"}],"event_choices":[{"cards_removed":["Strike_G"],"damage_healed":0,"gold_gain":0,"player_choice":"Card Removal","damage_taken":7,"max_hp_gain":0,"max_hp_loss":0,"event_name":"Golden Wing","floor":3,"gold_loss":0},{"damage_healed":0,"gold_gain":0,"player_choice":"3 cards matched","damage_taken":0,"max_hp_gain":0,"max_hp_loss":0,"event_name":"Match and Keep!","floor":4,"gold_loss":0,"cards_obtained":["Reflex","A Thousand Cuts","StuffTheSpire:Python"]},{"damage_healed":0,"gold_gain":0,"player_choice":"Gave Potion","damage_taken":0,"relics_obtained":["StuffTheSpire:Expresso"],"max_hp_gain":0,"max_hp_loss":0,"event_name":"WeMeetAgain","floor":20,"gold_loss":0},{"damage_healed":0,"gold_gain":0,"player_choice":"Became a vampire","damage_taken":0,"max_hp_gain":0,"max_hp_loss":21,"event_name":"Vampires","floor":30,"gold_loss":0,"cards_obtained":["Bite","Bite","Bite","Bite","Bite"]},{"damage_healed":0,"gold_gain":0,"player_choice":"Fight","damage_taken":0,"max_hp_gain":0,"max_hp_loss":0,"event_name":"Mysterious Sphere","floor":36,"gold_loss":0},{"damage_healed":0,"gold_gain":3,"player_choice":"1","damage_taken":0,"max_hp_gain":0,"max_hp_loss":0,"event_name":"betterStone:BetterStone","floor":38,"gold_loss":0},{"damage_healed":0,"gold_gain":0,"player_choice":"Got Potions","damage_taken":0,"max_hp_gain":0,"max_hp_loss":0,"event_name":"Lab","floor":41,"gold_loss":0}],"is_beta":false,"boss_relics":[{"not_picked":["Cursed Key","aspiration:PoetsPen_weak"],"picked":"Replay:Bronze Core"},{"not_picked":["Calling Bell","Replay:Ancient Bell"],"picked":"Ring of the Serpent"}],"items_purged_floors":[37],"is_endless":false,"potions_floor_spawned":[1,5,14,18,21,25,28,42],"ascension_level":0}}