{"host":"hbrjinenk1akq1dy","time":1614234233,"event":{"mods":["AchievementEnabler","BaseMod","Bestiary","Colored Map","Colored Powertips","Curses Come First","Highlight Path","Minty Spire (QoL Compilation)","Permanent Neow","Quick Restart","StSLib","SuperFastMode"],"gold_per_floor":[116,2,2,2,19,48,60,78,78,90,120,120,138,12,12,136,136,152,152,782,71,86,86,112,132,206,235,235,253,34,50,50,150,150,166,0,10,10,25,55,55,83,83,108,121,133,168,192,204,216],"floor_reached":51,"language":"ENG","playtime":10232,"items_purged":["Strike_R"],"score":1201,"play_id":"4597af95-2470-4314-9ef8-03402fae8a9c","local_time":"20210225142353","is_ascension_mode":true,"campfire_choices":[{"data":"Inflame","floor":15.0,"key":"SMITH"},{"data":"Immolate","floor":23.0,"key":"SMITH"},{"data":"Carnage","floor":28.0,"key":"SMITH"},{"data":"Flame Barrier","floor":32.0,"key":"SMITH"},{"data":"Rupture","floor":49,"key":"SMITH"}],"circlet_count":0,"master_deck":["AscendersBane","Strike_R","Strike_R","Strike_R","Defend_R","Defend_R","Defend_R","Defend_R+1","Bash+1","Rupture+1","Combust","Ghostly Armor+1","Inflame+1","Shockwave","Carnage+1","Clothesline","Immolate+1","Battle Trance","Shrug It Off","Reaper","Shrug It Off","Reaper","Battle Trance","Shrug It Off","Double Tap","Flame Barrier+1","Shockwave+1","Offering","Heavy Blade+1","Clothesline+1","Reaper","Rupture+1","Headbutt","Battle Trance"],"relics":["Burning Blood","NeowsBlessing","Anchor","Pear","Odd Mushroom","Bloody Idol","Snecko Eye","DollysMirror","Question Card","Letter Opener","CaptainsWheel","Self Forming Clay","Eternal Feather","PreservedInsect","Philosopher\u0027s Stone","Red Mask","Potion Belt","Blood Vial","Meat on the Bone","War Paint","MawBank"],"acts_visited":["Exordium","TheCity","TheBeyond"],"potions_floor_usage":[42,42,44,50,50,50,50,50,50,50,50,50,50],"damage_taken":[{"damage":0.0,"enemies":"Jaw Worm","floor":1.0,"turns":1.0},{"damage":0.0,"enemies":"Cultist","floor":5.0,"turns":1.0},{"damage":0.0,"enemies":"Lagavulin","floor":6.0,"turns":2.0},{"damage":4.0,"enemies":"Small Slimes","floor":7.0,"turns":4.0},{"damage":10.0,"enemies":"3 Louse","floor":8.0,"turns":4.0},{"damage":1.0,"enemies":"Looter","floor":10.0,"turns":3.0},{"damage":26.0,"enemies":"The Mushroom Lair","floor":11.0,"turns":5.0},{"damage":16.0,"enemies":"Exordium Thugs","floor":13.0,"turns":5.0},{"damage":45.0,"enemies":"Hexaghost","floor":16.0,"turns":8.0},{"damage":3.0,"enemies":"3 Byrds","floor":18.0,"turns":4.0},{"damage":0.0,"enemies":"Chosen","floor":22.0,"turns":3.0},{"damage":27.0,"enemies":"Gremlin Leader","floor":24.0,"turns":5.0},{"damage":8.0,"enemies":"Snake Plant","floor":25.0,"turns":2.0},{"damage":15.0,"enemies":"Book of Stabbing","floor":27.0,"turns":4.0},{"damage":21.0,"enemies":"Centurion and Healer","floor":29.0,"turns":5.0},{"damage":19.0,"enemies":"Chosen and Byrds","floor":31.0,"turns":6.0},{"damage":42.0,"enemies":"Collector","floor":33.0,"turns":9.0},{"damage":5.0,"enemies":"Orb Walker","floor":35.0,"turns":4.0},{"damage":6.0,"enemies":"3 Shapes","floor":37.0,"turns":5.0},{"damage":3.0,"enemies":"Maw","floor":39.0,"turns":5.0},{"damage":44,"enemies":"Nemesis","floor":40,"turns":7},{"damage":40,"enemies":"Reptomancer","floor":42,"turns":7},{"damage":74,"enemies":"Giant Head","floor":44,"turns":8},{"damage":11,"enemies":"4 Shapes","floor":45,"turns":3},{"damage":0,"enemies":"Jaw Worm Horde","floor":46,"turns":2},{"damage":28,"enemies":"Reptomancer","floor":47,"turns":4},{"damage":28,"enemies":"Writhing Mass","floor":48,"turns":5},{"damage":38,"enemies":"Donu and Deca","floor":50,"turns":6}],"seed_played":"-5946311807801763384","potions_obtained":[{"floor":7.0,"key":"FearPotion"},{"floor":8.0,"key":"LiquidBronze"},{"floor":13.0,"key":"BloodPotion"},{"floor":18.0,"key":"HeartOfIron"},{"floor":24.0,"key":"Weak Potion"},{"floor":29.0,"key":"SpeedPotion"},{"floor":31.0,"key":"LiquidMemories"},{"floor":35.0,"key":"AttackPotion"},{"floor":39.0,"key":"EntropicBrew"},{"floor":41,"key":"GamblersBrew"},{"floor":41,"key":"Weak Potion"},{"floor":46,"key":"SneckoOil"}],"is_trial":false,"path_per_floor":["M","$","?","$","M","E","M","M","T","M","?","?","M","$","R","B",null,"M","?","?","$","M","R","E","M","T","E","R","M","$","M","R","B",null,"M","?","M","?","M","E","?","E","T","E","M","M","E","M","R","B",null],"character_chosen":"IRONCLAD","items_purchased":["Combust","Ghostly Armor","Shrug It Off","DollysMirror","Question Card","Letter Opener","Battle Trance","PreservedInsect","Flame Barrier"],"campfire_rested":0,"item_purchase_floors":[2,2,14,21,21,21,21,30,30],"current_hp_per_floor":[78,78,78,78,80,80,80,76,86,90,70,70,60,60,60,21,68,74,74,50,50,61,61,73,76,81,83,83,83,83,75,83,83,83,83,83,83,83,83,50,50,72,72,55,83,83,83,66,83,68],"gold":228,"neow_bonus":"THREE_ENEMY_KILL","is_daily":false,"chose_seed":false,"campfire_upgraded":5,"win_rate":0.0,"timestamp":1614234233,"path_taken":["M","$","?","?","M","E","M","M","T","M","?","?","M","$","R","BOSS","M","?","?","$","M","R","E","?","T","E","R","M","?","M","R","BOSS","M","?","M","?","?","E","?","E","T","E","M","M","E","?","R","BOSS"],"items_purchased_type":["Card","Card","Card","Relic","Relic","Relic","Card","Relic","Card"],"build_version":"2020-12-22","purchased_purges":1,"victory":true,"max_hp_per_floor":[80,80,80,80,80,80,80,80,90,90,90,83,83,83,83,83,83,83,83,83,83,83,83,83,83,83,83,83,83,83,83,83,83,83,83,83,83,83,83,83,83,83,83,83,83,83,83,83,83,83],"card_choices":[{"not_picked":["Perfected Strike","Flex"],"picked":"Rupture","floor":1.0},{"not_picked":["Dual Wield","Reckless Charge"],"picked":"Inflame","floor":5.0},{"not_picked":["Searing Blow","True Grit"],"picked":"Shockwave","floor":6.0},{"not_picked":["Entrench","Feel No Pain"],"picked":"Carnage","floor":7.0},{"not_picked":["Heavy Blade","Thunderclap","Havoc"],"picked":"SKIP","floor":8.0},{"not_picked":["True Grit","Havoc"],"picked":"Clothesline","floor":10.0},{"not_picked":["Sword Boomerang","Combust"],"picked":"Immolate","floor":11.0},{"not_picked":["Cleave","Sever Soul"],"picked":"Battle Trance","floor":13.0},{"not_picked":["Limit Break","Demon Form"],"picked":"Reaper","floor":16.0},{"not_picked":["Shockwave","Anger+1"],"picked":"Shrug It Off","floor":18.0},{"not_picked":["Armaments","Carnage","Perfected Strike"],"picked":"Shrug It Off","floor":22.0},{"not_picked":["Reckless Charge","Second Wind","Intimidate"],"picked":"Double Tap","floor":24.0},{"not_picked":["Hemokinesis","True Grit","Clash","Entrench+1"],"picked":"SKIP","floor":25.0},{"not_picked":["Armaments+1","Cleave","Heavy Blade","Intimidate"],"picked":"SKIP","floor":27.0},{"not_picked":["Clothesline","Metallicize+1","Pommel Strike+1","Armaments"],"picked":"SKIP","floor":29.0},{"not_picked":["Corruption","Armaments","Body Slam"],"picked":"Shockwave+1","floor":31.0},{"not_picked":["Feed","Reaper","Corruption"],"picked":"Offering","floor":33.0},{"not_picked":["True Grit+1","Perfected Strike+1","Wild Strike"],"picked":"Heavy Blade+1","floor":35.0},{"not_picked":["True Grit","Entrench+1","Sever Soul"],"picked":"Clothesline+1","floor":37.0},{"not_picked":["Warcry+1","Headbutt+1","Sword Boomerang+1"],"picked":"Reaper","floor":39.0},{"not_picked":["Shrug It Off","Warcry","Iron Wave+1","Offering"],"picked":"SKIP","floor":40},{"not_picked":["Entrench","Wild Strike+1","Body Slam","Heavy Blade+1"],"picked":"SKIP","floor":42},{"not_picked":["Heavy Blade","Armaments+1","Havoc"],"picked":"Rupture+1","floor":44},{"not_picked":["Iron Wave+1","Sentinel+1","Anger","Dropkick"],"picked":"SKIP","floor":45},{"not_picked":["Clash","Iron Wave+1","Sword Boomerang+1"],"picked":"Headbutt","floor":46},{"not_picked":["Spot Weakness","Searing Blow","Whirlwind"],"picked":"Battle Trance","floor":47},{"not_picked":["Pummel+1","Flex+1","Heavy Blade+1","Clash"],"picked":"SKIP","floor":48}],"player_experience":267898,"relics_obtained":[{"floor":6.0,"key":"Anchor"},{"floor":9.0,"key":"Pear"},{"floor":11.0,"key":"Odd Mushroom"},{"floor":24.0,"key":"CaptainsWheel"},{"floor":26.0,"key":"Self Forming Clay"},{"floor":27.0,"key":"Eternal Feather"},{"floor":40,"key":"Potion Belt"},{"floor":42,"key":"Blood Vial"},{"floor":43,"key":"Meat on the Bone"},{"floor":44,"key":"War Paint"},{"floor":47,"key":"MawBank"}],"event_choices":[{"damage_healed":0.0,"max_hp_gain":0.0,"max_hp_loss":0.0,"gold_gain":0.0,"event_name":"Upgrade Shrine","player_choice":"Upgraded","floor":3.0,"gold_loss":0.0,"damage_taken":0.0,"cards_upgraded":["Bash"]},{"damage_healed":0.0,"max_hp_gain":0.0,"max_hp_loss":0.0,"gold_gain":0.0,"event_name":"Mushrooms","player_choice":"Fought Mushrooms","floor":11.0,"gold_loss":0.0,"damage_taken":0.0},{"damage_healed":0.0,"max_hp_gain":0.0,"max_hp_loss":7.0,"gold_gain":0.0,"event_name":"Golden Idol","player_choice":"Lose Max HP","floor":12.0,"gold_loss":0.0,"damage_taken":0.0,"relics_obtained":["Golden Idol"]},{"damage_healed":0.0,"max_hp_gain":0.0,"max_hp_loss":0.0,"gold_gain":0.0,"event_name":"Forgotten Altar","player_choice":"Gave Idol","floor":19.0,"relics_lost":["Golden Idol"],"gold_loss":0.0,"damage_taken":0.0,"relics_obtained":["Bloody Idol"]},{"damage_healed":0.0,"max_hp_gain":0.0,"max_hp_loss":0.0,"gold_gain":630.0,"event_name":"Knowing Skull","player_choice":"GOLD POTION GOLD GOLD GOLD GOLD GOLD GOLD ","floor":20.0,"potions_obtained":["EntropicBrew"],"gold_loss":0.0,"damage_taken":75.0,"cards_obtained":[]},{"damage_healed":0.0,"max_hp_gain":0.0,"max_hp_loss":0.0,"gold_gain":0.0,"event_name":"Tomb of Lord Red Mask","player_choice":"Paid","floor":36.0,"gold_loss":166.0,"damage_taken":0.0,"relics_obtained":["Red Mask"]},{"cards_removed":["Strike_R"],"damage_healed":0.0,"max_hp_gain":0.0,"max_hp_loss":0.0,"gold_gain":0.0,"event_name":"Wheel of Change","player_choice":"Card Removal","floor":38.0,"gold_loss":0.0,"damage_taken":0.0},{"damage_healed":0,"gold_gain":0,"player_choice":"Got Potions","damage_taken":0,"max_hp_gain":0,"max_hp_loss":0,"event_name":"Lab","floor":41,"gold_loss":0}],"is_beta":false,"boss_relics":[{"not_picked":["Runic Pyramid","SacredBark"],"picked":"Snecko Eye"},{"not_picked":["Cursed Key","Sozu"],"picked":"Philosopher\u0027s Stone"}],"items_purged_floors":[14],"is_endless":false,"potions_floor_spawned":[7,8,13,18,24,29,31,33,35,39,46],"ascension_level":10}}