{"host":"jt67skv49snb75sm","time":1614292019,"event":{"mods":["BaseMod","Bestiary","Minty Spire (QoL Compilation)","Relic Stats"],"gold_per_floor":[116,116,116,139,162,237,278,278,278,278,68,89,89,133,133,224,224,244,257,257,14,25,25,25,36,59,59,59,76,76,109,109,109,109],"floor_reached":33,"language":"ENG","playtime":1120,"items_purged":["Masterful Stab"],"score":546,"play_id":"04d3935d-9ce7-41b7-9c34-a9c36377bc76","local_time":"20210225232659","is_ascension_mode":true,"campfire_choices":[{"data":"Deadly Poison","floor":8.0,"key":"SMITH"},{"data":"Blade Dance","floor":10.0,"key":"SMITH"},{"data":"Catalyst","floor":15.0,"key":"SMITH"},{"floor":23.0,"key":"REST"},{"data":"Blade Dance","floor":27.0,"key":"SMITH"},{"data":"Phantasmal Killer","floor":30.0,"key":"SMITH"},{"data":"Accuracy","floor":32.0,"key":"SMITH"}],"circlet_count":0,"master_deck":["AscendersBane","Survivor","Neutralize+1","Blade Dance+1","Backstab","Backstab","Deadly Poison+1","Terror","Accuracy+1","Catalyst+1","Adrenaline","Phantasmal Killer+1","Flying Knee","Unload","Malaise","Die Die Die","Distraction","Masterful Stab","Terror","Backflip+1","Blade Dance+1","Backstab+1","Deflect+1"],"relics":["Ring of the Snake","Bloody Idol","Pantograph","White Beast Statue","ClockworkSouvenir","Toy Ornithopter","Pandora\u0027s Box","Juzu Bracelet","Bronze Scales","The Courier"],"acts_visited":["Exordium","TheCity"],"potions_floor_usage":[33],"damage_taken":[{"damage":5.0,"enemies":"Small Slimes","floor":1.0,"turns":6.0},{"damage":0.0,"enemies":"2 Louse","floor":4.0,"turns":4.0},{"damage":0.0,"enemies":"Jaw Worm","floor":5.0,"turns":3.0},{"damage":6.0,"enemies":"Gremlin Nob","floor":7.0,"turns":3.0},{"damage":0.0,"enemies":"Large Slime","floor":12.0,"turns":3.0},{"damage":7.0,"enemies":"Lagavulin","floor":14.0,"turns":7.0},{"damage":19.0,"enemies":"The Guardian","floor":16.0,"turns":9.0},{"damage":21.0,"enemies":"Shell Parasite","floor":18.0,"turns":2.0},{"damage":3.0,"enemies":"Spheric Guardian","floor":19.0,"turns":3.0},{"damage":24.0,"enemies":"3 Cultists","floor":22.0,"turns":5.0},{"damage":6.0,"enemies":"Snake Plant","floor":25.0,"turns":2.0},{"damage":15.0,"enemies":"Shelled Parasite and Fungi","floor":29.0,"turns":3.0},{"damage":4.0,"enemies":"Slavers","floor":31.0,"turns":3.0},{"damage":73,"enemies":"Champ","floor":33,"turns":7}],"seed_played":"9134275346886993422","potions_obtained":[{"floor":4.0,"key":"SpeedPotion"},{"floor":5.0,"key":"Poison Potion"},{"floor":12.0,"key":"PowerPotion"},{"floor":14.0,"key":"FearPotion"},{"floor":22.0,"key":"Regen Potion"},{"floor":29.0,"key":"LiquidMemories"},{"floor":31.0,"key":"Dexterity Potion"}],"is_trial":false,"path_per_floor":["M","?","?","M","M","?","E","R","T","R","$","M","?","E","R","B",null,"M","M","?","$","M","R","?","M","T","R","?","M","R","E","R","B"],"character_chosen":"THE_SILENT","items_purchased":["ClockworkSouvenir","Terror","Juzu Bracelet"],"campfire_rested":1,"item_purchase_floors":[11,11,21],"current_hp_per_floor":[60,60,60,60,60,49,43,43,43,43,43,43,23,16,16,22,54,33,30,30,30,11,30,30,29,34,34,65,55,55,65,65,0,0],"gold":109,"neow_bonus":"TEN_PERCENT_HP_BONUS","is_daily":false,"chose_seed":false,"campfire_upgraded":6,"win_rate":0.0,"timestamp":1614292019,"path_taken":["M","?","?","M","M","?","E","R","T","R","$","M","?","E","R","BOSS","M","M","?","$","M","R","?","M","T","R","?","M","R","E","R","BOSS"],"items_purchased_type":["Relic","Card","Relic"],"build_version":"2020-12-22","purchased_purges":1,"victory":false,"max_hp_per_floor":[72,65,65,65,65,65,65,65,65,65,65,65,65,65,65,65,65,65,65,65,65,65,65,65,65,65,65,65,65,65,65,65,65,65],"relic_stats":{"counters":[14,60],"Bloody Idol":24,"Pantograph":25,"Bronze Scales":[30],"Pandora\u0027s Box":["Phantasmal Killer","Flying Knee","Unload","Malaise","Die Die Die","Tactician","Distraction","Masterful Stab","Terror"],"Juzu Bracelet":0,"obtain_stats":[{"Golden Idol":2,"Pantograph":7,"Bloody Idol":20,"Bronze Scales":26,"Pandora\u0027s Box":17,"The Courier":31,"Juzu Bracelet":21,"White Beast Statue":9,"Toy Ornithopter":14,"Ring of the Snake":0,"ClockworkSouvenir":11},{"Golden Idol":1,"Pantograph":4,"Bloody Idol":9,"Bronze Scales":11,"Pandora\u0027s Box":7,"The Courier":13,"Juzu Bracelet":9,"White Beast Statue":4,"Toy Ornithopter":6,"Ring of the Snake":0,"ClockworkSouvenir":4},{"Golden Idol":6,"Pantograph":16,"Bloody Idol":40,"Bronze Scales":47,"Pandora\u0027s Box":35,"The Courier":53,"Juzu Bracelet":40,"White Beast Statue":16,"Toy Ornithopter":26,"Ring of the Snake":0,"ClockworkSouvenir":16}],"Toy Ornithopter":15,"Ring of the Snake":[28]},"card_choices":[{"not_picked":["Deflect","Poisoned Stab"],"picked":"Blade Dance","floor":1.0},{"not_picked":["Crippling Poison","Outmaneuver"],"picked":"Backstab","floor":4.0},{"not_picked":["Reflex","Underhanded Strike"],"picked":"Masterful Stab","floor":5.0},{"not_picked":["Deflect","Skewer"],"picked":"Deadly Poison","floor":7.0},{"not_picked":["Blade Dance","Acrobatics"],"picked":"Accuracy","floor":12.0},{"not_picked":["Phantasmal Killer","Terror"],"picked":"Catalyst","floor":14.0},{"not_picked":["Unload","Bullet Time"],"picked":"Adrenaline","floor":16.0},{"not_picked":["Flying Knee","Prepared"],"picked":"Backflip+1","floor":18.0},{"not_picked":["Choke","All Out Attack","Masterful Stab"],"picked":"SKIP","floor":19.0},{"not_picked":["Poisoned Stab","Terror"],"picked":"Blade Dance","floor":22.0},{"not_picked":["Calculated Gamble","Prepared"],"picked":"Backstab+1","floor":25.0},{"not_picked":["Deadly Poison","Acrobatics","Dodge and Roll"],"picked":"SKIP","floor":29.0},{"not_picked":["Crippling Poison","Underhanded Strike"],"picked":"Deflect+1","floor":31.0}],"player_experience":912436,"relics_obtained":[{"floor":7.0,"key":"Pantograph"},{"floor":9.0,"key":"White Beast Statue"},{"floor":14.0,"key":"Toy Ornithopter"},{"floor":26.0,"key":"Bronze Scales"},{"floor":31.0,"key":"The Courier"}],"event_choices":[{"damage_healed":0.0,"max_hp_gain":0.0,"max_hp_loss":7.0,"gold_gain":0.0,"event_name":"Golden Idol","player_choice":"Lose Max HP","floor":2.0,"gold_loss":0.0,"damage_taken":0.0,"relics_obtained":["Golden Idol"]},{"damage_healed":0.0,"max_hp_gain":0.0,"max_hp_loss":0.0,"gold_gain":0.0,"cards_transformed":["Strike_G"],"event_name":"Living Wall","player_choice":"Change","floor":3.0,"gold_loss":0.0,"damage_taken":0.0,"cards_obtained":["Backstab"]},{"damage_healed":0.0,"max_hp_gain":0.0,"max_hp_loss":0.0,"gold_gain":75.0,"event_name":"World of Goop","player_choice":"Gather Gold","floor":6.0,"gold_loss":0.0,"damage_taken":11.0},{"damage_healed":0.0,"max_hp_gain":0.0,"max_hp_loss":0.0,"gold_gain":0.0,"event_name":"Shining Light","player_choice":"Entered Light","floor":13.0,"gold_loss":0.0,"damage_taken":20.0,"cards_upgraded":["Defend_G","Neutralize"]},{"damage_healed":0.0,"max_hp_gain":0.0,"max_hp_loss":0.0,"gold_gain":0.0,"event_name":"Forgotten Altar","player_choice":"Gave Idol","floor":20.0,"relics_lost":["Golden Idol"],"gold_loss":0.0,"damage_taken":0.0,"relics_obtained":["Bloody Idol"]},{"damage_healed":0.0,"max_hp_gain":0.0,"max_hp_loss":0.0,"gold_gain":0.0,"event_name":"The Mausoleum","player_choice":"Ignored","floor":24.0,"gold_loss":0.0,"damage_taken":0.0},{"cards_removed":["Tactician"],"damage_healed":31.0,"max_hp_gain":0.0,"max_hp_loss":0.0,"gold_gain":0.0,"event_name":"Bonfire Elementals","player_choice":"Offered Uncommon","floor":28.0,"gold_loss":0.0,"damage_taken":0.0}],"is_beta":false,"boss_relics":[{"not_picked":["Snecko Eye","Cursed Key"],"picked":"Pandora\u0027s Box"}],"items_purged_floors":[21],"is_endless":false,"potions_floor_spawned":[4,5,12,14,16,18,19,22,25,29,31],"killed_by":"Champ","ascension_level":20}}