{"host":"11728qvdvolffudn","time":1614248009,"event":{"mods":["BaseMod","Block Reminder","Colored Powertips","Curses Come First","Custom Start","Displayed Cursed Tome","Highlight Path","Minty Spire (QoL Compilation)","Permanent Neow","Quick Restart","Rare Cards Sparkle","Relic Stats","StSLib","Weighted Paths"],"gold_per_floor":[116,134,134,150,150,150,180,180,180,200,54,66,66,66,66,66,66],"floor_reached":16,"language":"ENG","playtime":288,"items_purged":[],"score":105,"play_id":"f97e98c2-10b4-4d12-b7d3-89b1d50f33c0","local_time":"20210225101329","is_ascension_mode":true,"campfire_choices":[{"data":"Flex","floor":6,"key":"SMITH"},{"data":"Whirlwind","floor":15,"key":"SMITH"}],"circlet_count":0,"master_deck":["Strike_R","Strike_R","Strike_R","Strike_R","Strike_R","Defend_R","Defend_R","Defend_R","Defend_R","Bash","Flex","Flex+1","Regret","Whirlwind+1","Pummel","Injury"],"relics":["Burning Blood","Eternal Feather","Singing Bowl","White Beast Statue","Pear","Brimstone","Golden Idol"],"acts_visited":["Exordium"],"potions_floor_usage":[16],"damage_taken":[{"damage":10,"enemies":"Small Slimes","floor":1,"turns":4},{"damage":8,"enemies":"Jaw Worm","floor":2,"turns":4},{"damage":0,"enemies":"2 Louse","floor":4,"turns":1},{"damage":58,"enemies":"Gremlin Nob","floor":7,"turns":5},{"damage":9,"enemies":"Blue Slaver","floor":10,"turns":5},{"damage":10,"enemies":"Red Slaver","floor":12,"turns":2},{"damage":42,"enemies":"Hexaghost","floor":16,"turns":3}],"seed_played":"959387259843190975","potions_obtained":[{"floor":10,"key":"SteroidPotion"},{"floor":12,"key":"Ancient Potion"}],"is_trial":false,"path_per_floor":["M","M","?","M","?","R","E","T","T","M","$","M","?","$","R","B"],"character_chosen":"IRONCLAD","items_purchased":["Brimstone"],"campfire_rested":0,"item_purchase_floors":[11],"current_hp_per_floor":[76,74,74,80,80,80,30,30,40,37,37,33,33,33,42,0,0],"gold":66,"neow_bonus":"THREE_CARDS","is_daily":false,"chose_seed":true,"campfire_upgraded":2,"win_rate":0.0,"timestamp":1614248009,"path_taken":["M","M","?","M","?","R","E","?","T","M","$","M","?","$","R","BOSS"],"items_purchased_type":["Relic"],"build_version":"2020-12-22","purchased_purges":0,"victory":false,"max_hp_per_floor":[80,80,80,80,80,80,82,82,92,92,92,92,92,92,92,92,92],"relic_stats":{"Singing Bowl":2,"counters":[7,24],"Golden Idol":0,"Eternal Feather":9,"obtain_stats":[{"Pear":9,"Singing Bowl":7,"Brimstone":11,"Golden Idol":13,"Eternal Feather":3,"Burning Blood":0,"White Beast Statue":8},{"Pear":4,"Singing Bowl":4,"Brimstone":5,"Golden Idol":6,"Eternal Feather":2,"Burning Blood":0,"White Beast Statue":4},{"Pear":14,"Singing Bowl":14,"Brimstone":19,"Golden Idol":21,"Eternal Feather":8,"Burning Blood":0,"White Beast Statue":14}],"Burning Blood":36},"card_choices":[{"not_picked":["Wild Strike","Dropkick"],"picked":"Flex","floor":0},{"not_picked":["Shrug It Off","Iron Wave","Pommel Strike"],"picked":"SKIP","floor":1},{"not_picked":["Uppercut","Headbutt"],"picked":"Flex","floor":2},{"not_picked":["Wild Strike","Shockwave","Uppercut"],"picked":"SKIP","floor":4},{"not_picked":["Twin Strike","Ghostly Armor","Headbutt"],"picked":"Singing Bowl","floor":7},{"not_picked":["True Grit","Uppercut"],"picked":"Whirlwind","floor":10},{"not_picked":["Pommel Strike","Sentinel"],"picked":"Pummel","floor":12}],"player_experience":136260,"relics_obtained":[{"floor":7,"key":"Singing Bowl"},{"floor":8,"key":"White Beast Statue"},{"floor":9,"key":"Pear"}],"event_choices":[{"damage_healed":0,"gold_gain":0,"player_choice":"Box","damage_taken":0,"relics_obtained":["Eternal Feather"],"max_hp_gain":0,"max_hp_loss":0,"event_name":"Big Fish","floor":3,"gold_loss":0,"cards_obtained":["Regret"]},{"damage_healed":0,"gold_gain":0,"player_choice":"Leave","damage_taken":0,"max_hp_gain":0,"max_hp_loss":0,"event_name":"The Cleric","floor":5,"gold_loss":0},{"damage_healed":0,"gold_gain":0,"player_choice":"Take Wound","damage_taken":0,"relics_obtained":["Golden Idol"],"max_hp_gain":0,"max_hp_loss":0,"event_name":"Golden Idol","floor":13,"gold_loss":0,"cards_obtained":["Injury"]}],"is_beta":false,"boss_relics":[],"items_purged_floors":[],"is_endless":false,"potions_floor_spawned":[2,10,12],"killed_by":"Hexaghost","ascension_level":1}}