{"host":"5ffrjkuvgrxgllwx","time":1614281984,"event":{"mods":["AchievementEnabler","BaseMod","Colored Map","Colored Powertips","Minty Spire (QoL Compilation)","Quick Restart","Rare Cards Sparkle","StSLib","everything is the same but u backflip on backflip"],"gold_per_floor":[115,265,265,276,276,276,310,310,390,422,437,437,22,35,35,114,114,94,9,9,25,44,44,78,78,78,97,97,97,117,6,6,85,85,95,0,26,26,26,51,51,51,75,108,120,120,138,138,138],"floor_reached":48,"language":"ENG","playtime":1787,"items_purged":["Doubt"],"score":1022,"play_id":"1067fb01-1ba9-45e7-8835-fada5652ead1","local_time":"20210225143944","is_ascension_mode":true,"campfire_choices":[{"data":"Searing Blow+1","floor":6.0,"key":"SMITH"},{"data":"Armaments","floor":8.0,"key":"SMITH"},{"data":"Searing Blow+2","floor":15.0,"key":"SMITH"},{"floor":23.0,"key":"REST"},{"floor":29.0,"key":"REST"},{"floor":32.0,"key":"REST"},{"floor":41,"key":"REST"},{"floor":46,"key":"REST"}],"circlet_count":0,"master_deck":["AscendersBane","Strike_R","Strike_R","Strike_R","Defend_R","Defend_R","Defend_R","Defend_R","Bash","Searing Blow+3","Armaments+1","Iron Wave","Power Through","Thunderclap","Metallicize","Demon Form","Armaments","Spot Weakness","Uppercut","Clash","Reaper","Impatience","Immolate+1"],"relics":["Burning Blood","NeowsBlessing","Happy Flower","Oddly Smooth Stone","Gremlin Horn","White Beast Statue","InkBottle","Lizard Tail","SacredBark","Bird Faced Urn","Ornamental Fan","Pear","Busted Crown","Red Mask","Orichalcum","Singing Bowl","Bag of Preparation","Molten Egg 2"],"acts_visited":["Exordium","TheCity","TheBeyond"],"potions_floor_usage":[40,44,44,45,48,48],"damage_taken":[{"damage":0.0,"enemies":"2 Louse","floor":1.0,"turns":1.0},{"damage":1.0,"enemies":"Small Slimes","floor":4.0,"turns":2.0},{"damage":0.0,"enemies":"Lagavulin","floor":7.0,"turns":1.0},{"damage":4.0,"enemies":"3 Sentries","floor":10.0,"turns":8.0},{"damage":0.0,"enemies":"Jaw Worm","floor":11.0,"turns":3.0},{"damage":7.0,"enemies":"Blue Slaver","floor":14.0,"turns":4.0},{"damage":29.0,"enemies":"Slime Boss","floor":16.0,"turns":9.0},{"damage":16.0,"enemies":"2 Thieves","floor":18.0,"turns":4.0},{"damage":34.0,"enemies":"3 Byrds","floor":21.0,"turns":5.0},{"damage":18.0,"enemies":"3 Cultists","floor":22.0,"turns":7.0},{"damage":72.0,"enemies":"Slavers","floor":24.0,"turns":10.0},{"damage":19.0,"enemies":"Snake Plant","floor":27.0,"turns":5.0},{"damage":77.0,"enemies":"Cultist and Chosen","floor":30.0,"turns":10.0},{"damage":54.0,"enemies":"Champ","floor":33.0,"turns":17.0},{"damage":9.0,"enemies":"Orb Walker","floor":35.0,"turns":3.0},{"damage":31,"enemies":"Giant Head","floor":40,"turns":7},{"damage":64,"enemies":"Nemesis","floor":44,"turns":10},{"damage":5,"enemies":"3 Shapes","floor":45,"turns":3},{"damage":67,"enemies":"Spire Growth","floor":47,"turns":6},{"damage":66,"enemies":"Giant Head","floor":48,"turns":7}],"seed_played":"5037270865626796744","potions_obtained":[{"floor":1.0,"key":"ColorlessPotion"},{"floor":4.0,"key":"SpeedPotion"},{"floor":11.0,"key":"Fire Potion"},{"floor":14.0,"key":"HeartOfIron"},{"floor":16.0,"key":"DuplicationPotion"},{"floor":18.0,"key":"BlessingOfTheForge"},{"floor":20.0,"key":"LiquidMemories"},{"floor":20.0,"key":"Swift Potion"},{"floor":21.0,"key":"CultistPotion"},{"floor":22.0,"key":"BloodPotion"},{"floor":24.0,"key":"AttackPotion"},{"floor":27.0,"key":"BlessingOfTheForge"},{"floor":30.0,"key":"Dexterity Potion"},{"floor":33.0,"key":"DistilledChaos"},{"floor":35.0,"key":"FearPotion"},{"floor":40,"key":"Dexterity Potion"},{"floor":44,"key":"LiquidMemories"},{"floor":45,"key":"Strength Potion"},{"floor":47,"key":"Block Potion"}],"is_trial":false,"path_per_floor":["M","?","?","M","?","R","E","R","T","E","M","T","$","M","R","B",null,"M","?","?","M","M","R","E","?","T","M","?","R","M","$","R","B",null,"M","?","T","?","?","E","R","?","T","E","M","R","M","E"],"character_chosen":"IRONCLAD","items_purchased":["Lizard Tail","FairyPotion"],"campfire_rested":5,"item_purchase_floors":[13,31],"current_hp_per_floor":[74,74,74,75,57,57,63,63,63,65,71,71,71,70,70,47,68,58,58,58,34,24,46,14,14,24,13,13,38,20,20,45,57,78,77,77,77,77,77,62,87,83,83,25,45,70,19,0,0],"gold":138,"neow_bonus":"THREE_ENEMY_KILL","is_daily":false,"chose_seed":false,"campfire_upgraded":3,"win_rate":0.0,"timestamp":1614281984,"path_taken":["M","?","?","?","?","R","E","R","T","E","M","?","$","M","R","BOSS","M","?","?","?","M","R","E","?","T","M","?","R","M","$","R","BOSS","M","?","?","?","?","E","R","?","T","E","M","R","M","E"],"items_purchased_type":["Relic","Potion"],"build_version":"2020-12-22","purchased_purges":1,"victory":false,"max_hp_per_floor":[75,75,75,75,75,75,75,75,75,75,75,75,75,75,75,75,75,75,75,75,75,75,75,75,75,85,85,85,85,85,85,85,85,85,85,85,85,85,85,87,87,83,83,83,85,85,87,87,87],"card_choices":[{"not_picked":["Sword Boomerang","Body Slam"],"picked":"Searing Blow","floor":1.0},{"not_picked":["Clash","Wild Strike"],"picked":"Armaments","floor":4.0},{"not_picked":["Bloodletting","Ghostly Armor"],"picked":"Iron Wave","floor":7.0},{"not_picked":["Brutality","Twin Strike"],"picked":"Power Through","floor":10.0},{"not_picked":["Battle Trance","Sword Boomerang"],"picked":"Thunderclap","floor":11.0},{"not_picked":["Blood for Blood","Rampage"],"picked":"Metallicize","floor":14.0},{"not_picked":["Berserk","Offering"],"picked":"Demon Form","floor":16.0},{"not_picked":["Entrench","Clothesline"],"picked":"Armaments","floor":18.0},{"not_picked":["Clothesline","Flex","Headbutt"],"picked":"SKIP","floor":21.0},{"not_picked":["Seeing Red","True Grit","Perfected Strike"],"picked":"SKIP","floor":22.0},{"not_picked":["Body Slam","Disarm"],"picked":"Spot Weakness","floor":24.0},{"not_picked":["Havoc","Sword Boomerang","Flex"],"picked":"SKIP","floor":27.0},{"not_picked":["Pummel","Body Slam","Thunderclap"],"picked":"SKIP","floor":30.0},{"not_picked":["Feed","Impervious"],"picked":"Reaper","floor":33.0},{"not_picked":["Iron Wave"],"picked":"SKIP","floor":35.0},{"not_picked":[],"picked":"Impatience","floor":38.0},{"not_picked":["Sword Boomerang+1"],"picked":"Singing Bowl","floor":40},{"not_picked":[],"picked":"Immolate+1","floor":44},{"not_picked":["Clothesline+1"],"picked":"Singing Bowl","floor":45},{"not_picked":["Shrug It Off"],"picked":"Singing Bowl","floor":47}],"player_experience":1410813,"relics_obtained":[{"floor":7.0,"key":"Oddly Smooth Stone"},{"floor":9.0,"key":"Gremlin Horn"},{"floor":10.0,"key":"White Beast Statue"},{"floor":12.0,"key":"InkBottle"},{"floor":24.0,"key":"Ornamental Fan"},{"floor":26.0,"key":"Pear"},{"floor":37.0,"key":"Orichalcum"},{"floor":40,"key":"Singing Bowl"},{"floor":43,"key":"Bag of Preparation"},{"floor":44,"key":"Molten Egg 2"}],"event_choices":[{"damage_healed":0.0,"max_hp_gain":0.0,"max_hp_loss":0.0,"gold_gain":150.0,"event_name":"Liars Game","player_choice":"AGREE","floor":2.0,"gold_loss":0.0,"damage_taken":0.0,"cards_obtained":["Doubt"]},{"damage_healed":0.0,"max_hp_gain":0.0,"max_hp_loss":0.0,"gold_gain":0.0,"event_name":"Living Wall","player_choice":"Grow","floor":3.0,"gold_loss":0.0,"damage_taken":0.0,"cards_upgraded":["Searing Blow"]},{"damage_healed":0.0,"max_hp_gain":0.0,"max_hp_loss":0.0,"gold_gain":0.0,"event_name":"Scrap Ooze","player_choice":"Success","floor":5.0,"gold_loss":0.0,"damage_taken":18.0,"relics_obtained":["Happy Flower"]},{"damage_healed":0.0,"max_hp_gain":0.0,"max_hp_loss":0.0,"gold_gain":0.0,"event_name":"Addict","player_choice":"Obtained Relic","floor":19.0,"gold_loss":85.0,"damage_taken":0.0,"relics_obtained":["Bird Faced Urn"]},{"damage_healed":0.0,"max_hp_gain":0.0,"max_hp_loss":0.0,"gold_gain":0.0,"event_name":"Lab","player_choice":"Got Potions","floor":20.0,"gold_loss":0.0,"damage_taken":0.0},{"damage_healed":0.0,"max_hp_gain":0.0,"max_hp_loss":0.0,"gold_gain":0.0,"cards_transformed":["Strike_R","Strike_R"],"event_name":"Drug Dealer","player_choice":"Became Test Subject","floor":25.0,"gold_loss":0.0,"damage_taken":0.0,"cards_obtained":["Uppercut","Clash"]},{"damage_healed":0.0,"max_hp_gain":0.0,"max_hp_loss":0.0,"gold_gain":0.0,"event_name":"Vampires","player_choice":"Ignored","floor":28.0,"gold_loss":0.0,"damage_taken":0.0},{"damage_healed":0.0,"max_hp_gain":0.0,"max_hp_loss":0.0,"gold_gain":0.0,"event_name":"Tomb of Lord Red Mask","player_choice":"Paid","floor":36.0,"gold_loss":95.0,"damage_taken":0.0,"relics_obtained":["Red Mask"]},{"damage_healed":0.0,"max_hp_gain":0.0,"max_hp_loss":0.0,"gold_gain":0.0,"event_name":"SensoryStone","player_choice":"Memory 1","floor":38.0,"gold_loss":0.0,"damage_taken":0.0},{"damage_healed":0.0,"max_hp_gain":0.0,"max_hp_loss":0.0,"gold_gain":0.0,"event_name":"Mysterious Sphere","player_choice":"Ignored","floor":39.0,"gold_loss":0.0,"damage_taken":0.0},{"damage_healed":0,"gold_gain":0,"player_choice":"Max HP","damage_taken":0,"max_hp_gain":0,"max_hp_loss":4,"event_name":"Winding Halls","floor":42,"gold_loss":0}],"is_beta":false,"boss_relics":[{"not_picked":["Fusion Hammer","Snecko Eye"],"picked":"SacredBark"},{"not_picked":["Philosopher\u0027s Stone","Velvet Choker"],"picked":"Busted Crown"}],"items_purged_floors":[13],"is_endless":false,"potions_floor_spawned":[1,4,11,14,16,18,21,22,24,27,30,33,35,40,44,45,47],"killed_by":"Giant Head","ascension_level":17}}