{"host":"bakf0s4odzu8z5xt","time":1614231945,"event":{"mods":["2.2 Compatiblity","BaseMod","Downfall","Friendly Minions","Minty Spire (QoL Compilation)","StSLib"],"gold_per_floor":[99,118,134,144,156,56,56,156,183,83,233,260,260,292,304,304,304,304],"floor_reached":16,"language":"ENG","playtime":794,"items_purged":[],"score":175,"play_id":"bf24946c-c3e9-4e02-91c3-fed8fcab1876","local_time":"20210224214545","is_ascension_mode":true,"campfire_choices":[{"floor":1,"key":"RECALL"},{"data":"Guardian:TwinSlam","floor":6,"key":"SMITH"},{"data":"Guardian:GemFinder","floor":10,"key":"SMITH"},{"data":"Guardian:PrimingBeam","floor":13,"key":"SMITH"}],"circlet_count":0,"master_deck":["Guardian:Strike_Guardian","Guardian:Strike_Guardian","Guardian:Strike_Guardian","Guardian:Strike_Guardian","Guardian:Defend_Guardian","Guardian:Defend_Guardian","Guardian:Defend_Guardian","Guardian:Defend_Guardian","Guardian:CurlUp","Guardian:TwinSlam+1","Guardian:GemFinder+1","Guardian:PrimingBeam+1","Guardian:TemporalStrike","downfall:Icky","Guardian:ShieldCharger","Guardian:PolyBeam"],"relics":["Guardian:ModeShifter","downfall:HeartBlessingRed","bronze:DecasWashers","downfall:HeartBlessingBlue","Tiny Chest","Oddly Smooth Stone"],"acts_visited":["Exordium"],"potions_floor_usage":[9,16],"damage_taken":[{"damage":2,"enemies":"2 Louse","floor":2,"turns":3},{"damage":8,"enemies":"Jaw Worm","floor":3,"turns":5},{"damage":2,"enemies":"Small Slimes","floor":4,"turns":5},{"damage":7,"enemies":"2 Fungi Beasts","floor":5,"turns":5},{"damage":8,"enemies":"Gremlin Nob","floor":9,"turns":3},{"damage":20,"enemies":"Lagavulin","floor":12,"turns":7},{"damage":20,"enemies":"3 Sentries","floor":14,"turns":7},{"damage":7,"enemies":"Blue Slaver","floor":15,"turns":3},{"damage":36,"enemies":"IC_STATUS_ARCHETYPE","floor":16,"turns":4}],"seed_played":"-3195205956714794111","potions_obtained":[{"floor":5,"key":"Guardian:StasisDiscoveryPotion"},{"floor":14,"key":"Guardian:BlockOnCardUsePotion"},{"floor":15,"key":"AttackPotion"}],"is_trial":false,"path_per_floor":["R","M","M","M","M","R","T","?","E","R","?","E","R","E","M","B"],"character_chosen":"GUARDIAN","items_purchased":[],"campfire_rested":0,"item_purchase_floors":[],"current_hp_per_floor":[88,86,78,76,69,69,69,69,61,71,71,51,51,31,24,0,0,0],"gold":304,"neow_bonus":"TEN_PERCENT_HP_BONUS","is_daily":false,"chose_seed":false,"campfire_upgraded":3,"win_rate":0.0,"timestamp":1614231945,"path_taken":["R","M","M","M","M","R","T","?","E","R","?","E","R","E","M","BOSS"],"items_purchased_type":[],"build_version":"2020-12-22","purchased_purges":0,"victory":false,"max_hp_per_floor":[88,88,88,88,88,88,88,88,88,98,98,98,98,98,98,98,98,98],"card_choices":[{"not_picked":["Guardian:Recover","Guardian:VentSteam","Guardian:TemporalShield"],"picked":"SKIP","floor":2},{"not_picked":["Guardian:ChargeCore","Guardian:Recover","Guardian:Gem_Lightblue"],"picked":"SKIP","floor":3},{"not_picked":["Guardian:ChargeCore","Guardian:ShieldCharger"],"picked":"Guardian:GemFinder","floor":4},{"not_picked":["Guardian:ChargeCore","Guardian:CompilePackage"],"picked":"Guardian:PrimingBeam","floor":5},{"not_picked":["Guardian:Gem_Cyan","Guardian:Gem_Green"],"picked":"Guardian:Gem_Red","floor":5},{"not_picked":["Guardian:Gem_Cyan","Guardian:Gem_Lightblue"],"picked":"Guardian:Gem_Red","floor":9},{"not_picked":["Guardian:Gem_Yellow","Guardian:EvasiveProtocol"],"picked":"Guardian:TemporalStrike","floor":9},{"not_picked":["Guardian:SphericShield","Guardian:Gem_Crimson"],"picked":"Guardian:Gem_Orange","floor":12},{"not_picked":["Guardian:Gem_Lightblue","Guardian:Gem_Cyan"],"picked":"Guardian:Gem_Green","floor":12},{"not_picked":["Guardian:TimeBomb","Guardian:Reroute"],"picked":"Guardian:ShieldCharger","floor":14},{"not_picked":["Guardian:ShieldSpikes","Guardian:RollAttack"],"picked":"Guardian:PolyBeam","floor":15}],"player_experience":2271089,"relics_obtained":[{"floor":9,"key":"bronze:DecasWashers"},{"floor":12,"key":"Tiny Chest"},{"floor":14,"key":"Oddly Smooth Stone"}],"event_choices":[],"is_beta":false,"boss_relics":[],"items_purged_floors":[],"is_endless":false,"potions_floor_spawned":[5,14,15],"killed_by":"IC_STATUS_ARCHETYPE","ascension_level":5}}