{"host":"i8jmqwe1x1fgpvdb","time":1614222009,"event":{"mods":["BaseMod","Minty Spire (QoL Compilation)","StSLib","The Alterego","The Servant 0.9.4"],"gold_per_floor":[116,41,67,67,67,97,112,112,112,126,142,142,155,11,11,113,113,131,131,131,119,119,119,81,81,81,97,97,128,128,166,166,280,280,293,293,293,293,322,322,349,349,349,349,349,86,99,109,109,109,109,109,40,66,66,66],"floor_reached":55,"language":"ZHS","playtime":2789,"items_purged":["Strike_S","Strike_S"],"score":753,"play_id":"ad65f282-84f4-4e9a-bde2-7152c2f0a68e","local_time":"20210224190009","is_ascension_mode":false,"campfire_choices":[{"floor":8.0,"key":"REST"},{"data":"Unruled","floor":12.0,"key":"SMITH"},{"floor":15.0,"key":"REST"},{"data":"SilverBlades","floor":23.0,"key":"SMITH"},{"data":"Luminosity","floor":25.0,"key":"SMITH"},{"floor":28.0,"key":"REST"},{"floor":30.0,"key":"REST"},{"data":"KillingDoll","floor":32.0,"key":"SMITH"},{"floor":40.0,"key":"RECALL"},{"data":"KillingDoll","floor":42.0,"key":"SMITH"},{"data":"KillingDoll","floor":44.0,"key":"SMITH"},{"data":"Rearm","floor":49.0,"key":"SMITH"},{"data":"Hightail","floor":52.0,"key":"SMITH"}],"circlet_count":0,"master_deck":["Strike_S","Defend_S","Defend_S","Defend_S","Defend_S","KidneyShot","Exchange","Hightail+1","Defy","Ricochet","Unruled+1","Starlight","Rearm+1","KillingDoll+1","KillingDoll+1","CurseOfTheBell","SilverBlades+1","Luminosity+1","Starlight","InstantArmor+1","Hightail+1","KillingDoll+1","Rearm","GearUp+1","Rearm","Foresight"],"relics":["Uniform","Nunchaku","Mummified Hand","Potion Belt","Regal Pillow","Calling Bell","PreservedInsect","Singing Bowl","CaptainsWheel","Du-Vu Doll","InkBottle","CeramicFish","Philosopher\u0027s Stone","Ancient Tea Set","Bottled Flame"],"acts_visited":["Exordium","TheCity","TheBeyond","TheEnding"],"potions_floor_usage":[55],"damage_taken":[{"damage":0.0,"enemies":"Cultist","floor":1.0,"turns":5.0},{"damage":43.0,"enemies":"Gremlin Nob","floor":6.0,"turns":7.0},{"damage":0.0,"enemies":"2 Louse","floor":7.0,"turns":3.0},{"damage":3.0,"enemies":"Jaw Worm","floor":10.0,"turns":5.0},{"damage":2.0,"enemies":"Exordium Thugs","floor":11.0,"turns":4.0},{"damage":0.0,"enemies":"2 Fungi Beasts","floor":13.0,"turns":2.0},{"damage":25.0,"enemies":"The Guardian","floor":16.0,"turns":19.0},{"damage":4.0,"enemies":"3 Byrds","floor":18.0,"turns":8.0},{"damage":21.0,"enemies":"2 Thieves","floor":21.0,"turns":5.0},{"damage":0.0,"enemies":"3 Cultists","floor":22.0,"turns":2.0},{"damage":15.0,"enemies":"Snake Plant","floor":27.0,"turns":5.0},{"damage":52.0,"enemies":"Gremlin Leader","floor":29.0,"turns":6.0},{"damage":1.0,"enemies":"Book of Stabbing","floor":31.0,"turns":5.0},{"damage":0.0,"enemies":"Champ","floor":33.0,"turns":12.0},{"damage":0.0,"enemies":"Orb Walker","floor":35.0,"turns":4.0},{"damage":0.0,"enemies":"3 Shapes","floor":39.0,"turns":4.0},{"damage":0.0,"enemies":"3 Darklings","floor":41.0,"turns":6.0},{"damage":0.0,"enemies":"Spire Growth","floor":47.0,"turns":3.0},{"damage":6.0,"enemies":"Transient","floor":48.0,"turns":5.0},{"damage":59.0,"enemies":"Time Eater","floor":50.0,"turns":15.0},{"damage":34.0,"enemies":"Shield and Spear","floor":54.0,"turns":4.0},{"damage":78,"enemies":"The Heart","floor":55,"turns":8}],"seed_played":"-3331596726867486854","potions_obtained":[{"floor":1.0,"key":"AttackPotion"},{"floor":10.0,"key":"ColorlessPotion"},{"floor":18.0,"key":"SmokeBomb"},{"floor":31.0,"key":"EssenceOfSteel"},{"floor":33.0,"key":"Energy Potion"},{"floor":47.0,"key":"Weak Potion"},{"floor":48.0,"key":"Weak Potion"}],"is_trial":false,"path_per_floor":["M","$","T","?","?","E","M","R","T","M","M","R","M","$","R","B",null,"M","?","?","M","M","R","$","R","T","M","R","E","R","E","R","B",null,"M","?","?","?","M","R","M","R","T","R","?","$","M","M","R","B",null,"R","$","E","B"],"character_chosen":"THE_SERVANT","items_purchased":["KillingDoll","Luminosity","Ancient Tea Set","Rearm","Foresight"],"campfire_rested":4,"item_purchase_floors":[14,24,46,46,53],"current_hp_per_floor":[71,71,71,71,53,10,10,31,31,28,26,26,26,26,62,37,71,67,54,54,35,35,35,35,35,35,20,58,6,44,43,43,43,78,80,80,76,76,76,76,76,76,76,76,78,78,80,76,76,17,82,82,82,50,0,0],"gold":66,"neow_bonus":"TEN_PERCENT_HP_BONUS","is_daily":false,"chose_seed":false,"campfire_upgraded":8,"win_rate":0.0,"timestamp":1614222009,"path_taken":["M","?","?","?","?","E","?","R","T","M","M","R","M","?","R","BOSS","M","?","?","?","M","R","$","R","T","?","R","E","R","E","R","BOSS","M","?","?","?","M","R","M","R","T","R","?","$","?","M","R","BOSS","R","$","E","BOSS"],"items_purchased_type":["Card","Card","Relic","Card","Card"],"build_version":"2020-12-22","purchased_purges":2,"victory":false,"max_hp_per_floor":[71,71,71,71,71,71,71,71,71,71,71,71,71,71,71,71,71,71,76,76,78,78,78,78,78,78,78,78,78,78,78,78,78,78,80,80,76,76,76,76,76,76,76,76,78,78,80,82,82,82,82,82,82,84,84,84],"card_choices":[{"not_picked":["Barrier","Defy"],"picked":"Hightail","floor":1.0},{"not_picked":["Spin","Unruled"],"picked":"Defy","floor":6.0},{"not_picked":["Barrier","Replace"],"picked":"Ricochet","floor":7.0},{"not_picked":["DoubleEdge","SpecialFormula"],"picked":"Unruled","floor":10.0},{"not_picked":["FastForward","TimeWarp"],"picked":"Starlight","floor":11.0},{"not_picked":["DoubleEdge","Revamp"],"picked":"Rearm","floor":13.0},{"not_picked":["Solidify","ForgedInTime"],"picked":"KillingDoll","floor":16.0},{"not_picked":["TimeWarp","Misdirection"],"picked":"SilverBlades","floor":18.0},{"not_picked":["Potential","DoubleEdge","Defy"],"picked":"Singing Bowl","floor":21.0},{"not_picked":["TimeWarp+1","Potential"],"picked":"Starlight","floor":27.0},{"not_picked":["Revamp+1","Comet+1"],"picked":"InstantArmor+1","floor":29.0},{"not_picked":["Snipe","Starlight"],"picked":"Hightail+1","floor":31.0},{"not_picked":["Sunlight","Initiator"],"picked":"KillingDoll","floor":33.0},{"not_picked":["Advance","Alleviate","ShatteredReality"],"picked":"Singing Bowl","floor":35.0},{"not_picked":["Revamp","BottledTime"],"picked":"Rearm","floor":39.0},{"not_picked":["Snipe","InstantArmor+1"],"picked":"GearUp+1","floor":41.0},{"not_picked":["Enlightenment","Magnetism","HandOfGreed"],"picked":"Singing Bowl","floor":45.0},{"not_picked":["TimeWarp","ShatteredReality","BottledTime"],"picked":"Singing Bowl","floor":47.0},{"not_picked":["DoubleEdge","ShatteredReality","Starlight+1"],"picked":"Singing Bowl","floor":48.0},{"not_picked":["StarChef","Spin+1","BottledTime+1"],"picked":"Singing Bowl","floor":54.0}],"player_experience":136346,"relics_obtained":[{"floor":3.0,"key":"Nunchaku"},{"floor":6.0,"key":"Potion Belt"},{"floor":9.0,"key":"Regal Pillow"},{"floor":17.0,"key":"PreservedInsect"},{"floor":17.0,"key":"Singing Bowl"},{"floor":17.0,"key":"CaptainsWheel"},{"floor":26.0,"key":"Du-Vu Doll"},{"floor":29.0,"key":"InkBottle"},{"floor":31.0,"key":"CeramicFish"},{"floor":54.0,"key":"Bottled Flame"}],"event_choices":[{"damage_healed":0.0,"max_hp_gain":0.0,"max_hp_loss":0.0,"gold_gain":0.0,"event_name":"Liars Game","player_choice":"Ignored","floor":4.0,"gold_loss":0.0,"damage_taken":0.0},{"damage_healed":0.0,"max_hp_gain":0.0,"max_hp_loss":0.0,"gold_gain":0.0,"event_name":"Scrap Ooze","player_choice":"Success","floor":5.0,"gold_loss":0.0,"damage_taken":18.0,"relics_obtained":["Mummified Hand"]},{"damage_healed":0.0,"max_hp_gain":5.0,"max_hp_loss":0.0,"gold_gain":0.0,"event_name":"Forgotten Altar","player_choice":"Shed Blood","floor":19.0,"gold_loss":0.0,"damage_taken":18.0},{"cards_removed":["Strike_S"],"damage_healed":0.0,"max_hp_gain":0.0,"max_hp_loss":0.0,"gold_gain":0.0,"event_name":"Wheel of Change","player_choice":"Card Removal","floor":20.0,"gold_loss":0.0,"damage_taken":0.0},{"damage_healed":0.0,"max_hp_gain":0.0,"max_hp_loss":0.0,"gold_gain":0.0,"event_name":"Mysterious Sphere","player_choice":"Ignored","floor":36.0,"gold_loss":0.0,"damage_taken":0.0},{"damage_healed":0.0,"max_hp_gain":0.0,"max_hp_loss":4.0,"gold_gain":0.0,"event_name":"Winding Halls","player_choice":"Max HP","floor":37.0,"gold_loss":0.0,"damage_taken":0.0},{"damage_healed":0.0,"max_hp_gain":0.0,"max_hp_loss":0.0,"gold_gain":0.0,"event_name":"Tomb of Lord Red Mask","player_choice":"Ignored","floor":38.0,"gold_loss":0.0,"damage_taken":0.0},{"damage_healed":0.0,"max_hp_gain":0.0,"max_hp_loss":0.0,"gold_gain":0.0,"event_name":"SensoryStone","player_choice":"Memory 1","floor":45.0,"gold_loss":0.0,"damage_taken":0.0}],"is_beta":false,"boss_relics":[{"not_picked":["Cursed Key","SacredBark"],"picked":"Calling Bell"},{"not_picked":["Tiny House","Busted Crown"],"picked":"Philosopher\u0027s Stone"}],"items_purged_floors":[2,46],"is_endless":false,"potions_floor_spawned":[1,10,18,31,33,47,48],"killed_by":"The Heart","ascension_level":0}}