{"host":"phy652c7lim9lcu2","time":1614248469,"event":{"mods":["BaseMod","Colored Powertips","Googly Eyes","Minty Spire (QoL Compilation)","Relic Stats","Spicy Shops","StSLib","everything is the same but u backflip on backflip"],"gold_per_floor":[110,60,72,72,72,72,103,103,103,165,25,25,50,68,68,145,145,157,0,17,17,35,35,35],"floor_reached":23,"language":"ENG","playtime":623,"items_purged":[],"score":366,"play_id":"79de64bb-813b-44a3-abe5-639609ebe2fe","local_time":"20210225202109","is_ascension_mode":true,"campfire_choices":[{"data":"Streamline","floor":6,"key":"SMITH"},{"data":"Buffer","floor":8,"key":"SMITH"},{"data":"Dualcast","floor":12,"key":"SMITH"},{"data":"Coolheaded","floor":15,"key":"SMITH"}],"circlet_count":0,"master_deck":["AscendersBane","Strike_B","Strike_B","Strike_B","Strike_B","Defend_B","Defend_B","Defend_B","Zap+1","Dualcast+1","Streamline+1","Compile Driver+1","Buffer+1","Capacitor","Coolheaded+1","Ball Lightning","Seek","Go for the Eyes+1","Glacier","Dark Shackles","Chaos"],"relics":["Cracked Core","NeowsBlessing","InkBottle","HornCleat","MawBank","Membership Card","Smiling Mask","Sozu"],"acts_visited":["Exordium","TheCity"],"potions_floor_usage":[13,23,23],"damage_taken":[{"damage":0,"enemies":"Small Slimes","floor":1,"turns":1},{"damage":0,"enemies":"2 Louse","floor":3,"turns":1},{"damage":0,"enemies":"Lagavulin","floor":7,"turns":1},{"damage":15,"enemies":"3 Sentries","floor":10,"turns":6},{"damage":26,"enemies":"3 Sentries","floor":13,"turns":7},{"damage":0,"enemies":"Cultist","floor":14,"turns":2},{"damage":8,"enemies":"Hexaghost","floor":16,"turns":8},{"damage":7,"enemies":"Chosen","floor":18,"turns":3},{"damage":0,"enemies":"Spheric Guardian","floor":20,"turns":3},{"damage":0,"enemies":"Snecko","floor":22,"turns":5},{"damage":62,"enemies":"Gremlin Leader","floor":23,"turns":10}],"seed_played":"2740207148127291679","potions_obtained":[{"floor":10,"key":"Regen Potion"},{"floor":13,"key":"DistilledChaos"},{"floor":14,"key":"GamblersBrew"}],"is_trial":false,"path_per_floor":["M","?","M","?","?","R","E","R","T","?","$","R","E","M","R","B",null,"M","?","M","?","M","E"],"character_chosen":"DEFECT","items_purchased":["Membership Card"],"campfire_rested":0,"item_purchase_floors":[11],"current_hp_per_floor":[68,68,68,73,57,57,57,57,57,42,42,42,31,31,31,23,66,59,59,59,47,47,0,0],"gold":35,"neow_bonus":"THREE_ENEMY_KILL","is_daily":false,"chose_seed":false,"campfire_upgraded":4,"win_rate":0.0,"timestamp":1614248469,"path_taken":["M","?","M","?","?","R","E","R","T","?","$","R","E","M","R","BOSS","M","?","M","?","M","E"],"items_purchased_type":["Relic"],"build_version":"2020-12-22","purchased_purges":0,"victory":false,"max_hp_per_floor":[75,75,75,80,80,80,80,80,80,80,80,80,80,80,80,80,80,80,80,80,80,80,80,80],"relic_stats":{"Sozu":1,"counters":[11,47],"MawBank":12,"Smiling Mask":0,"obtain_stats":[{"Sozu":17,"HornCleat":9,"NeowsBlessing":0,"Membership Card":11,"Cracked Core":0,"MawBank":10,"Smiling Mask":13,"InkBottle":7},{"Sozu":7,"HornCleat":3,"NeowsBlessing":0,"Membership Card":4,"Cracked Core":0,"MawBank":3,"Smiling Mask":5,"InkBottle":3},{"Sozu":26,"HornCleat":3,"NeowsBlessing":0,"Membership Card":9,"Cracked Core":0,"MawBank":3,"Smiling Mask":16,"InkBottle":3}],"InkBottle":[14]},"card_choices":[{"not_picked":["Beam Cell","Hologram"],"picked":"Streamline","floor":1},{"not_picked":["Sweeping Beam","Recycle"],"picked":"Compile Driver","floor":3},{"not_picked":["Streamline","Barrage"],"picked":"Buffer","floor":7},{"not_picked":["Gash","Doom and Gloom"],"picked":"Capacitor","floor":10},{"not_picked":["Steam","Gash"],"picked":"Coolheaded","floor":13},{"not_picked":["Stack","Go for the Eyes"],"picked":"Ball Lightning","floor":14},{"not_picked":["Machine Learning","Rainbow"],"picked":"Seek","floor":16},{"not_picked":["Force Field","Compile Driver"],"picked":"Go for the Eyes+1","floor":18},{"not_picked":["Steam","Barrage"],"picked":"Glacier","floor":20},{"not_picked":["Gash+1","Recycle"],"picked":"Chaos","floor":22}],"player_experience":367306,"relics_obtained":[{"floor":7,"key":"InkBottle"},{"floor":9,"key":"HornCleat"},{"floor":13,"key":"Smiling Mask"}],"event_choices":[{"cards_removed":["Defend_B"],"damage_healed":0,"gold_gain":0,"player_choice":"Card Removal","damage_taken":0,"max_hp_gain":0,"max_hp_loss":0,"event_name":"The Cleric","floor":2,"gold_loss":50},{"damage_healed":0,"gold_gain":0,"player_choice":"Donut","damage_taken":0,"max_hp_gain":5,"max_hp_loss":0,"event_name":"Big Fish","floor":4,"gold_loss":0},{"damage_healed":0,"gold_gain":0,"player_choice":"Entered Light","damage_taken":16,"max_hp_gain":0,"max_hp_loss":0,"event_name":"Shining Light","floor":5,"gold_loss":0,"cards_upgraded":["Zap","Compile Driver"]},{"damage_healed":0,"gold_gain":0,"player_choice":"Searched \u00272\u0027 times","damage_taken":0,"relics_obtained":["MawBank"],"max_hp_gain":0,"max_hp_loss":0,"event_name":"Dead Adventurer","floor":10,"gold_loss":0},{"damage_healed":0,"gold_gain":0,"player_choice":"Paid Fearfully","damage_taken":0,"max_hp_gain":0,"max_hp_loss":0,"event_name":"Masked Bandits","floor":19,"gold_loss":157},{"damage_healed":0,"gold_gain":0,"player_choice":"CARD ","damage_taken":12,"max_hp_gain":0,"max_hp_loss":0,"event_name":"Knowing Skull","floor":21,"potions_obtained":[],"gold_loss":0,"cards_obtained":["Dark Shackles"]}],"is_beta":false,"boss_relics":[{"not_picked":["Snecko Eye","Tiny House"],"picked":"Sozu"}],"items_purged_floors":[],"is_endless":false,"potions_floor_spawned":[10,13,14,20],"killed_by":"Gremlin Leader","ascension_level":13}}