{"host":"d3bsw5ou8fswq5qc","time":1614271251,"event":{"mods":["Aspiration","BaseMod","Colored Map","Conspire","Downfall","GifTheSpireLib","Googly Eyes","Minty Spire (QoL Compilation)","Replay The Spire","StSLib","Stuff the Spire","The Jungle"],"gold_per_floor":[119,119,119,131,20,52,66,66,91,91,91,117,127,155,155,260,260,272,136,136,149,149,174,174,174,174,203,217,217,233,252,252,352,352,372,386,386,386,386,386,412,426,478,23,50,69,69,87,87,87],"floor_reached":51,"language":"FRA","playtime":3538,"items_purged":["Strike_R","Injury"],"score":874,"play_id":"ed1569df-6305-4ddc-8bd0-573c7deaa510","local_time":"20210225174051","is_ascension_mode":true,"campfire_choices":[{"data":"conspire:Charge","floor":8,"key":"SMITH"},{"data":"Pommel Strike","floor":11,"key":"SMITH"},{"floor":15,"key":"DIG"},{"floor":24,"key":"REST"},{"floor":29,"key":"REST"},{"data":"StuffTheSpire:Innocence","floor":32,"key":"SMITH"},{"data":"Enlightenment","floor":40,"key":"SMITH"},{"data":"Pot Of Greed","floor":47,"key":"SMITH"},{"floor":49,"key":"REST"}],"circlet_count":0,"master_deck":["Strike_R+1","Strike_R+1","Strike_R+1","Strike_R+1","Defend_R+1","Defend_R+1","Defend_R+1","Bash","Shrug It Off","conspire:Charge+1","Inflame","Pommel Strike+1","Life Link+1","Immolate","Spot Weakness","StuffTheSpire:Innocence+1","StuffTheSpire:Slingshot","Flame Barrier","Rage","Entrench+1","Evolve+1","Reaper","Thunderclap","Warcry+1","Enlightenment+1","Headbutt+1","Pot Of Greed","Pot Of Greed+1","Pot Of Greed","conspire:Charge","conspire:Charge","ReplayTheSpireMod:Trickstab","Poisoned Strike","Demon Form+1"],"relics":["Burning Blood","NeowsBlessing","Paper Frog","Potion Belt","Frozen Egg 2","Shuriken","Unceasing Top","Strawberry","bronze:MakeshiftBattery","Replay:Towering Pillar of Hats","Replay:Rubber Ducky","aspiration:RitualStick","Darkstone Periapt","conspire:Dentures","Velvet Choker","Pet Ghost","Grinning Jar","Oddly Smooth Stone"],"acts_visited":["Exordium","TheCity","TheBeyond"],"potions_floor_usage":[7,14,27,28,31,41,41,45,50,50],"damage_taken":[{"damage":0,"enemies":"Cultist","floor":1,"turns":1},{"damage":0,"enemies":"Jaw Worm","floor":4,"turns":1},{"damage":0,"enemies":"Gremlin Nob","floor":6,"turns":1},{"damage":0,"enemies":"2 Louse","floor":7,"turns":2},{"damage":22,"enemies":"Lagavulin","floor":12,"turns":6},{"damage":12,"enemies":"Exordium Wildlife","floor":13,"turns":3},{"damage":8,"enemies":"Gremlin Nob","floor":14,"turns":3},{"damage":44,"enemies":"The Guardian","floor":16,"turns":7},{"damage":22,"enemies":"Spheric Guardian","floor":18,"turns":4},{"damage":7,"enemies":"Shell Parasite","floor":21,"turns":5},{"damage":49,"enemies":"Slavers","floor":23,"turns":6},{"damage":22,"enemies":"Replay:Snechameleon","floor":27,"turns":6},{"damage":15,"enemies":"Centurion and Healer","floor":28,"turns":4},{"damage":3,"enemies":"Snake Plant","floor":30,"turns":3},{"damage":8,"enemies":"Shelled Parasite and Fungi","floor":31,"turns":3},{"damage":9,"enemies":"Champ","floor":33,"turns":9},{"damage":0,"enemies":"3 Shapes","floor":35,"turns":4},{"damage":34,"enemies":"3 Darklings","floor":36,"turns":4},{"damage":54,"enemies":"Giant Head","floor":41,"turns":7},{"damage":0,"enemies":"Sphere and 2 Shapes","floor":42,"turns":3},{"damage":35,"enemies":"Reptomancer","floor":45,"turns":5},{"damage":5,"enemies":"Spire Growth","floor":46,"turns":4},{"damage":0,"enemies":"4 Shapes","floor":48,"turns":3},{"damage":85,"enemies":"Awakened One","floor":50,"turns":8}],"seed_played":"5481704526120240280","potions_obtained":[{"floor":1,"key":"Fire Potion"},{"floor":6,"key":"AttackPotion"},{"floor":7,"key":"BlessingOfTheForge"},{"floor":13,"key":"SpeedPotion"},{"floor":23,"key":"Weak Potion"},{"floor":30,"key":"Block Potion"},{"floor":33,"key":"hexamod:SoulburnPotion"},{"floor":35,"key":"Strength Potion"},{"floor":36,"key":"Weak Potion"},{"floor":39,"key":"PowerPotion"},{"floor":39,"key":"conspire:TimeTravelPotion"},{"floor":39,"key":"DistilledChaos"},{"floor":42,"key":"BlessingOfTheForge"}],"is_trial":false,"path_per_floor":["M","?","?","M","$","E","M","R","T","?","R","E","M","E","R_BF","B",null,"M","?","?","M","?","E","R","?","T","E","M","R","M","M","R","B",null,"M","M","?","?","?","R","E","M","T","$","E","M","R","M","R","B",null],"character_chosen":"IRONCLAD","items_purchased":["Inflame","BloodPotion","conspire:Charge","ReplayTheSpireMod:Trickstab","Poisoned Strike"],"campfire_rested":3,"item_purchase_floors":[5,44,44,44,44],"current_hp_per_floor":[80,80,80,80,80,80,80,80,80,80,80,64,58,56,63,25,87,71,71,71,70,70,27,53,36,36,20,11,37,40,38,38,35,87,87,59,59,59,59,59,66,72,72,72,58,59,59,65,87,44],"gold":87,"neow_bonus":"THREE_ENEMY_KILL","is_daily":false,"chose_seed":false,"campfire_upgraded":5,"win_rate":0.0,"timestamp":1614271251,"path_taken":["M","?","?","M","$","E","?","R","T","?","R","E","M","E","R_BF","BOSS","M","?","?","M","?","E","R","?","T","E","?","R","M","M","R","BOSS","M","M","?","?","?","R","E","?","T","$","E","M","R","?","R","BOSS"],"items_purchased_type":["Card","Potion","Card","Card","Card"],"build_version":"2020-12-22","purchased_purges":2,"victory":true,"max_hp_per_floor":[80,80,80,80,80,80,80,80,80,80,80,80,80,80,87,87,87,87,87,87,87,87,87,87,87,87,87,87,87,87,87,87,87,87,87,87,87,87,87,87,87,87,87,87,87,87,87,87,87,87],"card_choices":[{"not_picked":["Disarm","Replay:Undeath\u0027s Touch"],"picked":"Shrug It Off","floor":1},{"not_picked":["True Grit","Uppercut"],"picked":"conspire:Charge","floor":4},{"not_picked":["Headbutt","Dual Wield","ReplayReversal"],"picked":"SKIP","floor":6},{"not_picked":["Havoc","Clash"],"picked":"Pommel Strike","floor":7},{"not_picked":["Havoc","Burning Pact","Run Through"],"picked":"SKIP","floor":12},{"not_picked":["Intimidate","Havoc","Wild Strike"],"picked":"SKIP","floor":13},{"not_picked":["Second Wind","Dual Wield"],"picked":"Life Link+1","floor":14},{"not_picked":["Reaper","Fiend Fire"],"picked":"Immolate","floor":16},{"not_picked":["StuffTheSpire:Incineration+1","conspire:Charge"],"picked":"Spot Weakness","floor":18},{"not_picked":["Burning Pact","Fire Breathing+1"],"picked":"StuffTheSpire:Slingshot","floor":21},{"not_picked":["Anger","Carnage"],"picked":"Flame Barrier","floor":23},{"not_picked":["ReplayTheSpireMod:Strike From Hell","Body Slam"],"picked":"Rage","floor":27},{"not_picked":["conspire:ExplosiveBarrier","StuffTheSpire:RockThrow","Flex"],"picked":"SKIP","floor":28},{"not_picked":["Evolve+1","Flex"],"picked":"Entrench+1","floor":30},{"not_picked":["Perfected Strike+1","Rage"],"picked":"Evolve+1","floor":31},{"not_picked":["Replay:Many Hands","Double Tap"],"picked":"Reaper","floor":33},{"not_picked":["Sword Boomerang","Entrench"],"picked":"Thunderclap","floor":35},{"not_picked":["Anger+1","StuffTheSpire:RockThrow+1"],"picked":"Warcry+1","floor":36},{"not_picked":["Blind","StuffTheSpire:PlasmaPulse"],"picked":"Enlightenment","floor":37},{"not_picked":["Dropkick","Cleave"],"picked":"Headbutt+1","floor":41},{"not_picked":["Iron Wave","Fire Breathing+1","Sever Soul"],"picked":"SKIP","floor":42},{"not_picked":["Shockwave","Reckless Charge+1","conspire:ExplosiveBarrier+1"],"picked":"SKIP","floor":45},{"not_picked":["Massacre","Anger+1"],"picked":"Demon Form+1","floor":46},{"not_picked":["Run Through","StuffTheSpire:RockThrow","Iron Wave+1"],"picked":"SKIP","floor":48}],"player_experience":312795,"relics_obtained":[{"floor":6,"key":"Paper Frog"},{"floor":9,"key":"Potion Belt"},{"floor":12,"key":"Shuriken"},{"floor":14,"key":"Unceasing Top"},{"floor":15,"key":"Strawberry"},{"floor":23,"key":"Replay:Rubber Ducky"},{"floor":26,"key":"Darkstone Periapt"},{"floor":27,"key":"conspire:Dentures"},{"floor":41,"key":"Pet Ghost"},{"floor":43,"key":"Grinning Jar"},{"floor":45,"key":"Oddly Smooth Stone"}],"event_choices":[{"damage_healed":0,"gold_gain":0,"player_choice":"Disagree","damage_taken":0,"max_hp_gain":0,"max_hp_loss":0,"event_name":"conspire:LoneGhost","floor":2,"gold_loss":0},{"cards_removed":["Defend_R"],"damage_healed":0,"gold_gain":0,"player_choice":"Purged","damage_taken":0,"max_hp_gain":0,"max_hp_loss":0,"event_name":"Purifier","floor":3,"gold_loss":0},{"damage_healed":0,"gold_gain":0,"player_choice":"Simplicity","damage_taken":0,"max_hp_gain":0,"max_hp_loss":0,"event_name":"Back to Basics","floor":20,"gold_loss":0,"cards_upgraded":["Strike_R","Strike_R","Strike_R","Strike_R","Defend_R","Defend_R","Defend_R"]},{"damage_healed":0,"gold_gain":0,"player_choice":"Memory 1","damage_taken":0,"max_hp_gain":0,"max_hp_loss":0,"event_name":"SensoryStone","floor":37,"gold_loss":0},{"damage_healed":0,"gold_gain":0,"player_choice":"Leave","damage_taken":0,"max_hp_gain":0,"max_hp_loss":0,"event_name":"conspire:Investor","floor":38,"gold_loss":0},{"damage_healed":0,"gold_gain":0,"player_choice":"Got Potions","damage_taken":0,"max_hp_gain":0,"max_hp_loss":0,"event_name":"Lab","floor":39,"gold_loss":0}],"is_beta":false,"boss_relics":[{"not_picked":["Ectoplasm","expansioncontent:StudyCardRelic"],"picked":"bronze:MakeshiftBattery"},{"not_picked":["Calling Bell","conspire:RunicOctahedron"],"picked":"Velvet Choker"}],"items_purged_floors":[5,44],"is_endless":false,"potions_floor_spawned":[1,6,7,13,23,30,33,35,36,42],"ascension_level":3}}