{"host":"jgl9m63d23sfproq","time":1614258614,"event":{"mods":["AchievementEnabler","Act Like it!","Aspiration","Bard","BaseMod","Bossed Relics","Colored Map","Colored Powertips","Conspire","Dark Map","DeckTracker","Downfall","Friendly Minions","Gensokyo","Jedi Mod","Marisa¡]Ãú«B¡@Å]²z¨F¡^","Minty Spire (QoL Compilation)","Quick Restart","READ ME - Guardian Mod","Reliquary","Replay The Spire","Shop Mod","Smile Girya","StSLib","The Blackbeard","The Construct","The Jungle","The Mystic","The Runesmith","The Servant 0.9.4","Wide Potions","Yuyuko","[IsaacMod]¥H¼»¦y¶ð"],"gold_per_floor":[113,113,129,52,75,75,110,110,136,136,136,155,129,129,129,248,248,268,268,279,194,208,208,208,208,208],"floor_reached":25,"language":"ZHS","playtime":676,"items_purged":[],"score":199,"play_id":"6cba48c5-94dd-4984-a09f-714b70c58748","local_time":"20210225211014","is_ascension_mode":false,"campfire_choices":[{"data":"DoctorFetus","floor":6,"key":"SMITH"},{"data":"A Thousand Cuts","floor":10,"key":"SMITH"},{"floor":15,"key":"REST"},{"floor":23,"key":"REST"}],"circlet_count":0,"master_deck":["Strike_G+1","Strike_G","Strike_G+1","Strike_G","Strike_G","Defend_G","Defend_G","Defend_G","Defend_G","Defend_G","Survivor","Neutralize","DoctorFetus+1","Prepared","Prepared","ReplayTheSpireMod:Scrap Shanks","A Thousand Cuts+1","Accuracy","Prepared","A Thousand Cuts","downfall:Bewildered"],"relics":["Ring of the Snake","HushsDoor","KeepersGift","NeowsBlessing","Bloody Idol","reliquary:Spinner","reliquary:RadioactivePellet","sneckomod:BabySnecko"],"acts_visited":["Exordium","TheCity"],"potions_floor_usage":[7,25],"damage_taken":[{"damage":0,"enemies":"Cultist","floor":1,"turns":1},{"damage":0,"enemies":"2 Louse","floor":3,"turns":1},{"damage":0,"enemies":"Small Slimes","floor":5,"turns":2},{"damage":17,"enemies":"3 Sentries","floor":7,"turns":4},{"damage":4,"enemies":"Blue Slaver","floor":12,"turns":4},{"damage":10,"enemies":"Fading Forest","floor":16,"turns":11},{"damage":20,"enemies":"conspire:FuzzyDice","floor":18,"turns":5},{"damage":18,"enemies":"Chosen","floor":20,"turns":5},{"damage":28,"enemies":"Snake Plant","floor":22,"turns":5},{"damage":41,"enemies":"3 Cultists","floor":25,"turns":4}],"seed_played":"2684981952747704808","potions_obtained":[{"floor":3,"key":"SkillPotion"},{"floor":22,"key":"jedi:StrikingPotion"}],"is_trial":false,"path_per_floor":["M","?","M","$","M","R","E","?","T","R","?","M","$","?","R","B",null,"M","?","M","?","M","R","?","M"],"character_chosen":"THE_SILENT","items_purchased":["ReplayTheSpireMod:Scrap Shanks","Prepared"],"campfire_rested":2,"item_purchase_floors":[4,13],"current_hp_per_floor":[70,53,53,53,53,53,36,36,36,36,22,18,18,18,39,39,70,50,50,37,37,14,35,35,0,0],"gold":208,"neow_bonus":"THREE_ENEMY_KILL","is_daily":false,"chose_seed":false,"campfire_upgraded":2,"win_rate":0.0,"timestamp":1614258614,"path_taken":["M","?","?","?","M","R","E","?","T","R","?","?","?","?","R","BOSS","M","?","M","?","M","R","?","M"],"items_purchased_type":["Card","Card"],"build_version":"2020-12-22","purchased_purges":0,"victory":false,"max_hp_per_floor":[70,70,70,70,70,70,70,70,70,70,70,70,70,70,70,70,70,70,70,70,70,70,70,70,70,70],"card_choices":[{"not_picked":[],"picked":"DoctorFetus","floor":0},{"not_picked":["Dagger Spray","Acrobatics"],"picked":"Prepared","floor":1},{"not_picked":["Sucker Punch","Deflect"],"picked":"Prepared","floor":3},{"not_picked":["Poisoned Stab","Sucker Punch","Hidden Blade"],"picked":"SKIP","floor":5},{"not_picked":["Acrobatics","Prepared"],"picked":"A Thousand Cuts","floor":7},{"not_picked":["Hidden Blade","jedi:pocketpoison"],"picked":"Accuracy","floor":12},{"not_picked":["Night Terror","Corpse Explosion"],"picked":"A Thousand Cuts","floor":16},{"not_picked":["Crippling Poison","Hidden Blade","Setup"],"picked":"SKIP","floor":18},{"not_picked":["Backflip","ReplayTheSpireMod:Exploit Weakness+1","Sucker Punch+1"],"picked":"SKIP","floor":20},{"not_picked":["Backflip","Acrobatics","Sucker Punch"],"picked":"SKIP","floor":22}],"player_experience":71057,"relics_obtained":[{"floor":7,"key":"reliquary:Spinner"}],"event_choices":[{"damage_healed":0,"gold_gain":0,"player_choice":"Take Damage","damage_taken":17,"relics_obtained":["Golden Idol"],"max_hp_gain":0,"max_hp_loss":0,"event_name":"Golden Idol","floor":2,"gold_loss":0},{"damage_healed":0,"gold_gain":0,"player_choice":"Ignored","damage_taken":0,"max_hp_gain":0,"max_hp_loss":0,"event_name":"Liars Game","floor":8,"gold_loss":0},{"damage_healed":0,"gold_gain":0,"player_choice":"Entered Light","damage_taken":14,"max_hp_gain":0,"max_hp_loss":0,"event_name":"Shining Light","floor":11,"gold_loss":0,"cards_upgraded":["Strike_G","Strike_G"]},{"damage_healed":0,"gold_gain":0,"player_choice":"Gave Idol","damage_taken":0,"relics_obtained":["Bloody Idol"],"max_hp_gain":0,"max_hp_loss":0,"event_name":"Forgotten Altar","floor":19,"relics_lost":["Golden Idol"],"gold_loss":0},{"damage_healed":0,"gold_gain":0,"player_choice":"Obtained Relic","damage_taken":0,"relics_obtained":["reliquary:RadioactivePellet"],"max_hp_gain":0,"max_hp_loss":0,"event_name":"Addict","floor":21,"gold_loss":85}],"is_beta":false,"boss_relics":[{"not_picked":["ChewingGum","Runic Pyramid","Snecko Scales"]}],"items_purged_floors":[],"is_endless":false,"potions_floor_spawned":[3,22],"killed_by":"3 Cultists","ascension_level":0}}