{"host":"rjfefv2ruvigm2gb","time":1614225166,"event":{"mods":["Act Like it!","AlwaysNeverKeys","BaseMod","Better Note","Better Third Choice","BetterRewards","Block Reminder","Bossed Relics","Colored Map","Colored Powertips","Curses Come First","Displayed Cursed Tome","Fox Events","GifTheSpireLib","Gold Saver","Googly Eyes","Highlight Path","Library of Ruina","Library of Ruina Extra","Minty Spire (QoL Compilation)","Permanent Neow","Poor People Problems","Quick Restart","Relic Stats","Reliquary","Shop Mod","Small Relic Pack","Spire Arcade","StS++","StSLib","Stuff the Spire","SuperFastMode","Transform Curses","Uncapped","Virulent Crown"],"gold_per_floor":[509,522,522,537,131,131,161,177,177,194,194,227,227,227,227,326,326,344,344,361,374,389,419,419,694,774,793,793,819,829,846,846,941,941,953,965,965,975,994,1021,1021,1040,1066,1092,1092,464,475,494,494,494,494,494,494,237,266,266],"floor_reached":57,"language":"ENG","playtime":1973,"items_purged":["StuffTheSpire:CuriosityCurse","Regret"],"score":1568,"play_id":"a6e908d6-0152-4800-9600-25012ea1efd6","local_time":"20210224215246","is_ascension_mode":false,"campfire_choices":[{"data":"DegradedShockwave","floor":6.0,"key":"SMITH"},{"data":"Faith","floor":13.0,"key":"SMITH"},{"data":"Quickness","floor":15.0,"key":"SMITH"},{"data":"TendonChords","floor":24,"key":"SMITH"},{"data":"Quickness","floor":32,"key":"SMITH"},{"floor":41,"key":"REST"},{"data":"Faith","floor":49,"key":"SMITH"},{"data":"ExtractFuel","floor":53,"key":"SMITH"}],"circlet_count":0,"master_deck":["DegradedFairy","DegradedFairy","DegradedChain","DegradedChain","DegradedLock","DegradedPillar","DegradedPillar+1","DegradedShockwave+1","Quickness+1","Faith+1","TendonChords+1","FrontalAssault+1","Quickness+1","FlamingDragonFist","Quickness+1","Faith+1","FrontalAssault+1","TendonChords+1","SmokingPipe","EnergyShield+1","ExtractFuel+1","CumulusWall+1"],"relics":["PageOfLibrarian","PageOfForsakenMurderer","Lee\u0027s Waffle","PageOfScorchedGirl","Question Card","Letter Opener","SlaversCollar","InkBottle","Bottled Lightning","Shuriken","Philosopher\u0027s Stone","StuffTheSpire:Nightcore","Blood Vial","Bag of Preparation","StSpp:BoiledEgg","PageOfBloodbath","StuffTheSpire:Saxophone","PageOfWizard","Strawberry","reliquary:ExpiredCoupon","reliquary:PorcupineQuills"],"acts_visited":["Exordium","TheCity","TheBeyond","TheEnding"],"potions_floor_usage":[33,35,39,44,51,51,56],"damage_taken":[{"damage":0.0,"enemies":"Jaw Worm","floor":1.0,"turns":1.0},{"damage":0.0,"enemies":"Cultist","floor":2.0,"turns":2.0},{"damage":0.0,"enemies":"2 Louse","floor":4.0,"turns":1.0},{"damage":0.0,"enemies":"Gremlin Nob","floor":7.0,"turns":2.0},{"damage":0.0,"enemies":"2 Fungi Beasts","floor":8.0,"turns":2.0},{"damage":0.0,"enemies":"3 Louse","floor":10.0,"turns":1.0},{"damage":0.0,"enemies":"3 Sentries","floor":12.0,"turns":1.0},{"damage":0.0,"enemies":"Hexaghost","floor":16.0,"turns":3.0},{"damage":0.0,"enemies":"Spheric Guardian","floor":18.0,"turns":1.0},{"damage":0.0,"enemies":"3 Byrds","floor":20.0,"turns":2.0},{"damage":0,"enemies":"3 Cultists","floor":21,"turns":2},{"damage":0,"enemies":"Centurion and Healer","floor":22,"turns":2},{"damage":0,"enemies":"Gremlin Leader","floor":23,"turns":2},{"damage":0,"enemies":"Chosen and Byrds","floor":27,"turns":2},{"damage":0,"enemies":"Book of Stabbing","floor":29,"turns":2},{"damage":5,"enemies":"Snake Plant","floor":30,"turns":2},{"damage":0,"enemies":"Centurion and Healer","floor":31,"turns":1},{"damage":8,"enemies":"Champ","floor":33,"turns":4},{"damage":4,"enemies":"Orb Walker","floor":35,"turns":2},{"damage":3,"enemies":"3 Shapes","floor":36,"turns":2},{"damage":12,"enemies":"Sphere and 2 Shapes","floor":38,"turns":3},{"damage":10,"enemies":"Maw","floor":39,"turns":5},{"damage":24,"enemies":"Giant Head","floor":40,"turns":5},{"damage":16,"enemies":"Writhing Mass","floor":42,"turns":3},{"damage":54,"enemies":"Nemesis","floor":44,"turns":5},{"damage":3,"enemies":"Jaw Worm Horde","floor":47,"turns":2},{"damage":1,"enemies":"4 Shapes","floor":48,"turns":2},{"damage":17,"enemies":"Time Eater","floor":50,"turns":5},{"damage":1,"enemies":"Shield and Spear","floor":55,"turns":2},{"damage":42,"enemies":"The Heart","floor":56,"turns":5}],"seed_played":"-5232331834000546725","potions_obtained":[{"floor":2.0,"key":"FearPotion"},{"floor":4.0,"key":"GamblersBrew"},{"floor":7.0,"key":"SteroidPotion"},{"floor":8.0,"key":"Block Potion"},{"floor":18.0,"key":"SpeedPotion"},{"floor":30,"key":"FearPotion"},{"floor":31,"key":"SteroidPotion"},{"floor":33,"key":"FearPotion"},{"floor":35,"key":"Block Potion"},{"floor":47,"key":"Energy Potion"},{"floor":55,"key":"EssenceOfSteel"}],"is_trial":false,"path_per_floor":["M","M","?","M","$","R","E","M","T","M","?","E","R","$","R","B",null,"M","?","M","M","M","E","R","?","T","M","?","E","M","M","R","B",null,"M","M","?","M","M","E","R","M","T","E","?","$","M","M","R","B",null,null,"R","$","E","B",null],"character_chosen":"Librarian","items_purchased":["PageOfForsakenMurderer","Lee\u0027s Waffle","StuffTheSpire:Saxophone","PageOfWizard","Strawberry","reliquary:ExpiredCoupon"],"campfire_rested":1,"item_purchase_floors":[5,5,46,46,46,54],"current_hp_per_floor":[69,69,69,69,106,106,106,106,106,106,106,106,106,106,106,106,106,106,106,106,106,106,106,106,106,106,106,106,106,101,104,104,101,106,102,99,99,87,83,62,93,85,85,42,42,49,51,58,58,54,82,113,113,113,112,79],"gold":266,"neow_bonus":"TEN_PERCENT_HP_BONUS","is_daily":false,"chose_seed":false,"campfire_upgraded":7,"win_rate":0.0,"timestamp":1614225166,"path_taken":["M","M","?","M","$","R","E","M","T","?","?","E","R","?","R","BOSS","M","?","M","M","M","E","R","?","T","M","?","E","M","M","R","BOSS","M","M","?","M","M","E","R","M","T","E","?","$","M","M","R","BOSS","R","$","E","BOSS"],"items_purchased_type":["Relic","Relic","Relic","Relic","Relic","Relic"],"build_version":"2020-12-22","purchased_purges":2,"victory":true,"max_hp_per_floor":[99,99,99,99,106,106,106,106,106,106,106,106,106,106,106,106,106,106,106,106,106,106,106,106,106,106,106,106,106,106,106,106,106,106,106,106,106,106,106,106,106,106,106,106,106,113,113,113,113,113,113,113,113,113,113,113],"relic_stats":{"Blood Vial":13,"Lee\u0027s Waffle":37,"counters":[47,109],"Shuriken":[23],"Bag of Preparation":[14],"Letter Opener":[107],"Question Card":23,"obtain_stats":[{"reliquary:Boomerang":0,"relicPack:DSword":12,"Vajra":17,"StSpp:BoiledEgg":44,"Bag of Preparation":43,"Ancient Tea Set":9,"ClockworkSouvenir":8,"Blood Vial":40,"StuffTheSpire:Gunfinga":7,"PageOfForsakenMurderer":5,"Strawberry":46,"PageOfWizard":46,"Prayer Wheel":17,"Philosopher\u0027s Stone":34,"PageOfSnowWhitesApple":30,"StuffTheSpire:Nightcore":37,"InkBottle":23,"MerchantsRug":8,"Lee\u0027s Waffle":5,"Pear":8,"Golden Idol":2,"StuffTheSpire:Saxophone":46,"PageOfBloodbath":45,"reliquary:WeakTea":10,"Letter Opener":12,"Question Card":9,"PageOfLibrarian":0,"Calling Bell":17,"reliquary:JackalopeAntler":17,"SlaversCollar":17,"reliquary:ExpiredCoupon":54,"PageOfTheSilentOrchestra":8,"reliquary:PorcupineQuills":55,"Shuriken":29,"PageOfScorchedGirl":7,"Bag of Marbles":26,"Bottled Lightning":26},{"reliquary:Boomerang":0,"relicPack:DSword":6,"Vajra":8,"StSpp:BoiledEgg":41,"Bag of Preparation":40,"Ancient Tea Set":5,"ClockworkSouvenir":5,"Blood Vial":39,"StuffTheSpire:Gunfinga":5,"PageOfForsakenMurderer":19,"Strawberry":41,"PageOfWizard":41,"Prayer Wheel":8,"Philosopher\u0027s Stone":34,"PageOfSnowWhitesApple":14,"StuffTheSpire:Nightcore":36,"InkBottle":29,"MerchantsRug":5,"Lee\u0027s Waffle":19,"Pear":5,"Golden Idol":1,"StuffTheSpire:Saxophone":41,"PageOfBloodbath":41,"reliquary:WeakTea":6,"Letter Opener":23,"Question Card":21,"PageOfLibrarian":0,"Calling Bell":8,"reliquary:JackalopeAntler":8,"SlaversCollar":24,"reliquary:ExpiredCoupon":45,"PageOfTheSilentOrchestra":5,"reliquary:PorcupineQuills":46,"Shuriken":31,"PageOfScorchedGirl":20,"Bag of Marbles":12,"Bottled Lightning":29},{"reliquary:Boomerang":0,"relicPack:DSword":9,"Vajra":11,"StSpp:BoiledEgg":84,"Bag of Preparation":79,"Ancient Tea Set":8,"ClockworkSouvenir":8,"Blood Vial":76,"StuffTheSpire:Gunfinga":8,"PageOfForsakenMurderer":31,"Strawberry":84,"PageOfWizard":84,"Prayer Wheel":11,"Philosopher\u0027s Stone":59,"PageOfSnowWhitesApple":22,"StuffTheSpire:Nightcore":63,"InkBottle":48,"MerchantsRug":8,"Lee\u0027s Waffle":31,"Pear":8,"Golden Idol":1,"StuffTheSpire:Saxophone":84,"PageOfBloodbath":84,"reliquary:WeakTea":9,"Letter Opener":37,"Question Card":35,"PageOfLibrarian":0,"Calling Bell":11,"reliquary:JackalopeAntler":11,"SlaversCollar":40,"reliquary:ExpiredCoupon":102,"PageOfTheSilentOrchestra":8,"reliquary:PorcupineQuills":104,"Shuriken":52,"PageOfScorchedGirl":33,"Bag of Marbles":18,"Bottled Lightning":48}],"InkBottle":[23]},"card_choices":[{"not_picked":["Outburst","BindingArms","FlashingStrike","StrongStrike","ClassAndRespect","FleetEdge","DefenseOrder","EnergyCycle","Marionette"],"picked":"SKIP","floor":1.0},{"not_picked":["FervidEmotions","TendonChords","BladeWhirl","GuardingStance","Duel_lor","FlyingSword","FierceCharge","Fence","KeepItFresh"],"picked":"SKIP","floor":2.0},{"not_picked":["ClassAndRespect","BlazingStrike","ShockRound","PreparedMind","SummaryJudgment","Reload","StrikeDown","SunsetBlade","PreemptiveStrike"],"picked":"SKIP","floor":4.0},{"not_picked":["Wallop_lor","DimensionalRift","Track","EndlessBattle","FierceCharge","RagingStormLove","StrikeDown","MultiBlock"],"picked":"Quickness","floor":7.0},{"not_picked":["Rewind","QuickSuppression","RatsGuideToSurvival","MultiHit","Standoff","AutomatedMovement","DirtyBlow","StayCalm","AssaultOrder"],"picked":"SKIP","floor":8.0},{"not_picked":["TendonChords","DesperateStruggle","Feast","FierceCharge","TasteMyFlamingBat","SuppressingShot","Rewind","AsThePrescriptOrders","FierceOnslaught"],"picked":"Diversion","floor":10.0},{"not_picked":["TimeForALittleTest","Standoff","ClassAndRespect","StrongStrike","Crush","Eradication","PreparedMind","BulkyImpact","UncannyStrike"],"picked":"Faith","floor":12.0},{"not_picked":["DarkCloud+1","YouOnlyLiveOnce","EnergyStrike","KeepItFresh+1","Standoff","Pound","QuickSuppression+1","MultiBlock","AGoldenOpportunity","Track"],"picked":"SKIP","floor":18.0},{"not_picked":["Tttonst","RhinoRam","Guardian_lor+1","SerpentSwordTechnique+1","DimensionalRift","HighKick","Standoff+1","SpearedSweep","FrontalAssault"],"picked":"TendonChords","floor":20.0},{"not_picked":["Pound","SweepTheBackstreets","GreatSerpentsImpact+1","ViolentFlame+1","UpbeatPerformance","AbsorbImpact","HardRehearsal","Retaliate","ClassAndRespect"],"picked":"FrontalAssault+1","floor":21},{"not_picked":["SteelKnuckles+1","HighKick","SuppressingShot","Juggling","MultiBlock","DarkCloud","DesperateStruggle","WaitUp","Outburst","SilentNight"],"picked":"SKIP","floor":22},{"not_picked":["AssaultOrder+1","BayonetCombat","ViolentFlame","WillOfThePrescript","Outburst","RepressedFlesh","Diversion","BiAn","MultiHit+1","EnergyBeam"],"picked":"SKIP","floor":23},{"not_picked":["FleetFootsteps","Pound","Outburst","DirtyBlow+1","ChopItOff","SpearedSweep+1","IdentifyWeakpoint+1","EnergyStrike+1","DevastatingThrash","MindWhip+1"],"picked":"SKIP","floor":27},{"not_picked":["TheArtOfRapidSteps+1","EnergyShield","SmokingPipe","GreatSerpentsImpact+1","Laceration","SnakesPrey+1","DefenseOrder","Outburst","SharpSwipe"],"picked":"Quickness","floor":29},{"not_picked":["BindingChains","RapidGashes","YourShield+1","StartinOutLightly+1","FeatherShield","GuidanceOfTheGears","Quickness","GoinFirst","GreatSerpentsImpact+1","MultiHit+1"],"picked":"SKIP","floor":30},{"not_picked":["Brawl","TimeForALittleTest","StayCalm+1","EnergyStrike","HiddenBlade","Multislash","SuppressingShot","SunsetBlade","MultiHit+1","PreemptiveStrike"],"picked":"SKIP","floor":31},{"not_picked":["SilentNight","Suppress","Transpierce"],"picked":"FlamingDragonFist","floor":33},{"not_picked":["UnavoidableGaze+1","BiAn+1","Thirst","QuickSuppression","GreatSerpentsImpact","Reload","CoordinatedAssault","EndlessBattle+1","ClassAndRespect+1"],"picked":"Quickness+1","floor":35},{"not_picked":["GaleKick","Tttonst","Multislash+1","EnergyCycle","SummaryJudgment","HighKick","InkOver+1","WrathOfTorment","SharpSwipe"],"picked":"Faith","floor":36},{"not_picked":["Parry+1","BiXi","DarkCloud+1","VioletBlade+1","PinpointShot","ForcefulGesture+1","SuppressingShot+1","ToWhereThePrescriptPoints+1","TrimTheIngredients+1","HighKick+1"],"picked":"SKIP","floor":38},{"not_picked":["StructuralAnalysis+1","Wallop_lor","EndlessBattle+1","HardRehearsal","FormingStorm","BladeWhirl+1","Leap_lor","WillOfThePrescript+1","Multislash+1"],"picked":"FrontalAssault+1","floor":39},{"not_picked":["CrackOfDawn","GreatSerpentsImpact+1","Parry","GuardingStance+1","RushDown+1","Reload+1","UpbeatPerformance","HiddenBlade+1","SparkingSpear"],"picked":"TendonChords+1","floor":40},{"not_picked":["Diversion+1","EnergyStrike+1","SturdyDefense","DevastatingThrash+1","FieryWaltz","GuidanceOfTheGears+1","BiAn+1","HandleRequest","Leap_lor+1","GuardingStance+1"],"picked":"SKIP","floor":42},{"not_picked":["UnforgettableMelody","GutHarvesting","Faith","StructuralAnalysis","Leap_lor+1","GreatSerpentsImpact+1","StrongStrike+1","Quickness","FleetEdge+1"],"picked":"SmokingPipe","floor":44},{"not_picked":["QuickAttack+1","MultiBlock+1","UnavoidableGaze","FlamingDragonFist","Diversion","StructuralAnalysis","SuppressingShot","FleetFootsteps","PreparedMind"],"picked":"EnergyShield+1","floor":47},{"not_picked":["DefenseOrder+1","HandleRequest","SparkingSpear+1","DeepDrag+1","WillBeTasty","ViolentFlame","FleetFootsteps+1","StructuralAnalysis+1","ProselytesBlade+1"],"picked":"ExtractFuel","floor":48},{"not_picked":["CrackOfDawn","Outburst+1","Parry2+1","EndlessBattle","Pound","Feast","DeepDrag+1","Thrust+1","Concentration"],"picked":"CumulusWall+1","floor":55}],"player_experience":1036996,"relics_obtained":[{"floor":7.0,"key":"PageOfScorchedGirl"},{"floor":9.0,"key":"Question Card"},{"floor":12.0,"key":"Letter Opener"},{"floor":23,"key":"InkBottle"},{"floor":26,"key":"Bottled Lightning"},{"floor":29,"key":"Shuriken"},{"floor":40,"key":"Blood Vial"},{"floor":43,"key":"Bag of Preparation"},{"floor":44,"key":"StSpp:BoiledEgg"},{"floor":55,"key":"reliquary:PorcupineQuills"}],"event_choices":[{"cards_removed":["DegradedFairy"],"damage_healed":0.0,"max_hp_gain":0.0,"max_hp_loss":0.0,"gold_gain":0.0,"event_name":"Wheel of Change","player_choice":"Card Removal","floor":3.0,"gold_loss":0.0,"damage_taken":0.0},{"cards_removed":["Diversion"],"damage_healed":5.0,"max_hp_gain":0.0,"max_hp_loss":0.0,"gold_gain":0.0,"event_name":"Bonfire Elementals","player_choice":"Offered Common","floor":11.0,"gold_loss":0.0,"damage_taken":0.0},{"cards_removed":["Diversion"],"damage_healed":5.0,"max_hp_gain":0.0,"max_hp_loss":0.0,"gold_gain":0.0,"event_name":"Bonfire Elementals","player_choice":"Offered Special","floor":11.0,"gold_loss":0.0,"damage_taken":0.0},{"damage_healed":0.0,"max_hp_gain":0.0,"max_hp_loss":0.0,"gold_gain":0.0,"event_name":"Upgrade Shrine","player_choice":"Upgraded","floor":19.0,"gold_loss":0.0,"damage_taken":0.0,"cards_upgraded":["DegradedPillar"]},{"damage_healed":0,"gold_gain":275,"player_choice":"Desecrate","damage_taken":0,"max_hp_gain":0,"max_hp_loss":0,"event_name":"Golden Shrine","floor":25,"gold_loss":0,"cards_obtained":["Regret"]},{"damage_healed":0,"gold_gain":0,"player_choice":"Ignored","damage_taken":0,"max_hp_gain":0,"max_hp_loss":0,"event_name":"betterNote:BetterNote","floor":28,"gold_loss":0,"cards_obtained":["DegradedPillar"]}],"is_beta":false,"boss_relics":[{"not_picked":["Velvet Choker","relicPack:ShieldShield"],"picked":"SlaversCollar"},{"not_picked":["Empty Cage","StSpp:CrystalBall"],"picked":"Philosopher\u0027s Stone"}],"items_purged_floors":[46,54],"is_endless":false,"potions_floor_spawned":[2,4,7,8,18,20,30,31,33,35,38,47,55],"ascension_level":0}}