{"host":"kh6fvhxn285ncg0o","time":1614212882,"event":{"mods":["Act Like it!","BaseMod","Colored Map","Friendly Minions","Keyboard Shortcuts","Minty Spire (QoL Compilation)","Quick Restart","Relic Stats","StSLib","SuperFastMode","UnlockEverythingMod"],"gold_per_floor":[16,16,29,39,39,70,70,104,104,104,104,129,129,204,204,204,204],"floor_reached":16,"language":"KOR","playtime":244,"items_purged":[],"score":216,"play_id":"9765d3b5-200d-4e0e-b128-5906cee3c1df","local_time":"20210225092802","is_ascension_mode":true,"campfire_choices":[{"data":"Body Slam","floor":7,"key":"SMITH"},{"floor":10,"key":"REST"},{"data":"Disarm","floor":11,"key":"SMITH"},{"data":"Wild Strike","floor":15,"key":"SMITH"}],"circlet_count":0,"master_deck":["AscendersBane","Strike_R","Strike_R","Strike_R","Defend_R","Defend_R","Defend_R","Defend_R","Bash+1","Disarm+1","Warcry","Wild Strike+1","Metallicize","Body Slam+1","Seeing Red"],"relics":["Burning Blood","Golden Idol","WingedGreaves","Bird Faced Urn","MealTicket"],"acts_visited":["Exordium"],"potions_floor_usage":[6,6,6,8],"damage_taken":[{"damage":5,"enemies":"Jaw Worm","floor":1,"turns":6},{"damage":0,"enemies":"Small Slimes","floor":3,"turns":5},{"damage":0,"enemies":"2 Louse","floor":4,"turns":2},{"damage":33,"enemies":"Gremlin Nob","floor":6,"turns":4},{"damage":34,"enemies":"Lagavulin","floor":8,"turns":7},{"damage":6,"enemies":"Looter","floor":12,"turns":3},{"damage":10,"enemies":"Hexaghost","floor":16,"turns":7}],"seed_played":"3075664534719856115","potions_obtained":[{"floor":1,"key":"FearPotion"},{"floor":3,"key":"EntropicBrew"}],"is_trial":false,"path_per_floor":["M","?","M","M","?","E","R","E","T","R","R","M","?","?","R","B"],"character_chosen":"IRONCLAD","items_purchased":[],"campfire_rested":1,"item_purchase_floors":[],"current_hp_per_floor":[69,69,75,75,68,41,41,13,13,33,33,33,33,22,22,14,14],"gold":204,"neow_bonus":"TRANSFORM_TWO_CARDS","is_daily":false,"chose_seed":false,"campfire_upgraded":3,"win_rate":0.0,"timestamp":1614212882,"path_taken":["M","?","M","M","?","E","R","E","T","R","R","M","?","?","R","BOSS"],"items_purchased_type":[],"build_version":"2020-12-22","purchased_purges":0,"victory":false,"max_hp_per_floor":[75,75,75,75,68,68,68,68,68,68,68,68,68,68,68,68,68],"relic_stats":{"counters":[7,33],"Golden Idol":18,"Bird Faced Urn":[2],"MealTicket":0,"obtain_stats":[{"Golden Idol":5,"Bird Faced Urn":8,"MealTicket":13,"WingedGreaves":6,"Burning Blood":0},{"Golden Idol":3,"Bird Faced Urn":5,"MealTicket":6,"WingedGreaves":4,"Burning Blood":0},{"Golden Idol":13,"Bird Faced Urn":24,"MealTicket":27,"WingedGreaves":17,"Burning Blood":0}],"Burning Blood":30},"card_choices":[{"not_picked":["Flex","Searing Blow"],"picked":"Wild Strike","floor":3},{"not_picked":["Armaments","Twin Strike"],"picked":"Metallicize","floor":4},{"not_picked":["Spot Weakness","Armaments"],"picked":"Body Slam","floor":6},{"not_picked":["Dropkick","Flex"],"picked":"Seeing Red","floor":12}],"player_experience":1517325,"relics_obtained":[{"floor":6,"key":"WingedGreaves"},{"floor":8,"key":"Bird Faced Urn"}],"event_choices":[{"damage_healed":0,"gold_gain":0,"player_choice":"Grow","damage_taken":0,"max_hp_gain":0,"max_hp_loss":0,"event_name":"Living Wall","floor":2,"gold_loss":0,"cards_upgraded":["Bash"]},{"damage_healed":0,"gold_gain":0,"player_choice":"Lose Max HP","damage_taken":0,"relics_obtained":["Golden Idol"],"max_hp_gain":0,"max_hp_loss":7,"event_name":"Golden Idol","floor":5,"gold_loss":0},{"damage_healed":0,"gold_gain":0,"player_choice":"Searched \u00271\u0027 times","damage_taken":0,"relics_obtained":["MealTicket"],"max_hp_gain":0,"max_hp_loss":0,"event_name":"Dead Adventurer","floor":13,"gold_loss":0},{"damage_healed":0,"gold_gain":75,"player_choice":"Gather Gold","damage_taken":11,"max_hp_gain":0,"max_hp_loss":0,"event_name":"World of Goop","floor":14,"gold_loss":0}],"is_beta":false,"boss_relics":[],"items_purged_floors":[],"is_endless":false,"potions_floor_spawned":[1,3],"killed_by":"Hexaghost","ascension_level":20}}