{"host":"n6lk97i3f9btdmiv","time":1614212278,"event":{"mods":["BaseMod","Better Note","Better Third Choice","Colored Map","Highlight Path","Minty Spire (QoL Compilation)","Replay The Spire","StSLib"],"gold_per_floor":[115,215,232,244,169,201,201,235,305,305,318,338,355,369,369,466,466,466,381,125,125,125,125,125,125,125,125,125,125,99,99,99,99,99,99,99,99,99,99,99,99,99,99,99,99,99,99,99,99,99,99,99,1,1,1,1],"floor_reached":55,"language":"ENG","playtime":3218,"items_purged":["Strike_P","Eruption"],"score":809,"play_id":"f224b1df-3e42-4de8-822f-6e4b155a2762","local_time":"20210224191758","is_ascension_mode":false,"campfire_choices":[{"data":"PathToVictory","floor":7.0,"key":"SMITH"},{"data":"PathToVictory","floor":10.0,"key":"SMITH"},{"data":"ThirdEye","floor":15.0,"key":"SMITH"},{"floor":23.0,"key":"RECALL"},{"data":"SpiritShield","floor":25.0,"key":"SMITH"},{"data":"PathToVictory","floor":32.0,"key":"SMITH"},{"data":"Vigilance","floor":40.0,"key":"SMITH"},{"data":"Defend_P","floor":47.0,"key":"SMITH"},{"data":"Strike_P","floor":49.0,"key":"PURGE"},{"data":"Defend_P","floor":52.0,"key":"SMITH"}],"circlet_count":0,"master_deck":["Strike_P","Strike_P","Defend_P+1","Defend_P","Defend_P","Defend_P+1","Vigilance+1","PathToVictory+1","PathToVictory+1","ThirdEye+1","Scrawl","SpiritShield+1","LikeWater+1","Nirvana+1","PathToVictory+1","Alpha+1","Dark Shackles","Finesse+1","LikeWater"],"relics":["Coffee Dripper","Incense Burner","Nunchaku","Mummified Hand","Ectoplasm","Pocketwatch","Anchor","Regal Pillow","Velvet Choker","Torii","The Courier","Lantern","Mercury Hourglass","Unceasing Top"],"acts_visited":["Exordium","TheCity","TheBeyond","TheEnding"],"potions_floor_usage":[54,55],"damage_taken":[{"damage":0.0,"enemies":"2 Louse","floor":1.0,"turns":4.0},{"damage":0.0,"enemies":"Cultist","floor":3.0,"turns":2.0},{"damage":1.0,"enemies":"Jaw Worm","floor":4.0,"turns":3.0},{"damage":43.0,"enemies":"3 Sentries","floor":6.0,"turns":14.0},{"damage":11.0,"enemies":"Lagavulin","floor":8.0,"turns":6.0},{"damage":0.0,"enemies":"Exordium Thugs","floor":11.0,"turns":3.0},{"damage":0.0,"enemies":"Red Slaver","floor":12.0,"turns":4.0},{"damage":0.0,"enemies":"Large Slime","floor":13.0,"turns":3.0},{"damage":0.0,"enemies":"Lots of Slimes","floor":14.0,"turns":3.0},{"damage":0.0,"enemies":"Slime Boss","floor":16.0,"turns":9.0},{"damage":0.0,"enemies":"3 Byrds","floor":18.0,"turns":5.0},{"damage":0.0,"enemies":"Chosen","floor":21.0,"turns":3.0},{"damage":14.0,"enemies":"Slavers","floor":24.0,"turns":6.0},{"damage":0.0,"enemies":"Snecko","floor":27.0,"turns":3.0},{"damage":6.0,"enemies":"Shelled Parasite and Fungi","floor":28.0,"turns":4.0},{"damage":0.0,"enemies":"Centurion and Healer","floor":29.0,"turns":5.0},{"damage":0.0,"enemies":"Snake Plant","floor":31.0,"turns":3.0},{"damage":19.0,"enemies":"Collector","floor":33.0,"turns":5.0},{"damage":0.0,"enemies":"Orb Walker","floor":35.0,"turns":4.0},{"damage":0.0,"enemies":"3 Darklings","floor":37.0,"turns":4.0},{"damage":0.0,"enemies":"Mind Bloom Boss Battle","floor":39.0,"turns":4.0},{"damage":0.0,"enemies":"Nemesis","floor":41.0,"turns":5.0},{"damage":0.0,"enemies":"4 Shapes","floor":42.0,"turns":2.0},{"damage":7.0,"enemies":"Sphere and 2 Shapes","floor":46.0,"turns":4.0},{"damage":19.0,"enemies":"Reptomancer","floor":48.0,"turns":5.0},{"damage":15.0,"enemies":"Donu and Deca","floor":50.0,"turns":7.0},{"damage":24,"enemies":"Shield and Spear","floor":54,"turns":5},{"damage":89,"enemies":"The Heart","floor":55,"turns":9}],"seed_played":"-1591543990955319564","potions_obtained":[{"floor":8.0,"key":"Regen Potion"},{"floor":11.0,"key":"FairyPotion"},{"floor":13.0,"key":"Strength Potion"},{"floor":16.0,"key":"BottledMiracle"},{"floor":35.0,"key":"Block Potion"},{"floor":48.0,"key":"DistilledChaos"}],"is_trial":false,"path_per_floor":["M","?","M","M","$","E","R","E","T","R","M","M","M","M","R","B",null,"M","?","$","M","$","R","E","R","T","M","M","M","$","M","R","B",null,"M","?","M","$","?","R","E","M","T","?","?","M","R","E","R_BF","B",null,"R","$","E","B"],"character_chosen":"WATCHER","items_purchased":["Anchor","PathToVictory","LikeWater","Weak Potion"],"campfire_rested":0,"item_purchase_floors":[20,30,53,53],"current_hp_per_floor":[72,72,72,71,71,28,28,17,17,17,17,17,17,17,17,17,72,72,72,72,72,72,72,58,58,58,58,52,52,52,52,52,33,72,72,72,72,72,72,72,72,72,72,62,62,55,55,36,36,21,72,72,72,48,0,0],"gold":1,"neow_bonus":"BOSS_RELIC","is_daily":false,"chose_seed":false,"campfire_upgraded":8,"win_rate":0.0,"timestamp":1614212278,"path_taken":["M","?","?","M","$","E","R","E","T","R","M","?","M","?","R","BOSS","M","?","?","?","?","R","E","R","T","M","M","M","?","?","R","BOSS","M","?","?","$","?","R","E","M","T","?","?","M","R","E","R_BF","BOSS","R","$","E","BOSS"],"items_purchased_type":["Relic","Card","Card","Potion"],"build_version":"2020-12-22","purchased_purges":2,"victory":false,"max_hp_per_floor":[72,72,72,72,72,72,72,72,72,72,72,72,72,72,72,72,72,72,72,72,72,72,72,72,72,72,72,72,72,72,72,72,72,72,72,72,72,72,72,72,72,72,72,72,72,72,72,72,72,72,72,72,72,72,72,72],"card_choices":[{"not_picked":["Halt","FollowUp"],"picked":"PathToVictory","floor":1.0},{"not_picked":["BowlingBash","Crescendo","ClearTheMind"],"picked":"SKIP","floor":3.0},{"not_picked":["FlyingSleeves","EmptyBody","Evaluate"],"picked":"SKIP","floor":4.0},{"not_picked":["BowlingBash","Halt","Worship"],"picked":"SKIP","floor":6.0},{"not_picked":["Judgement","CarveReality"],"picked":"PathToVictory","floor":8.0},{"not_picked":["CrushJoints","Evaluate","Protect"],"picked":"SKIP","floor":11.0},{"not_picked":["BattleHymn","MasterReality","FlyingSleeves"],"picked":"SKIP","floor":12.0},{"not_picked":["FlurryOfBlows","FlyingSleeves","EmptyBody"],"picked":"SKIP","floor":13.0},{"not_picked":["CutThroughFate","ConjureBlade"],"picked":"ThirdEye","floor":14.0},{"not_picked":["Devotion","Wish"],"picked":"Scrawl","floor":16.0},{"not_picked":["ThirdEye","CrushJoints","Consecrate"],"picked":"SKIP","floor":18.0},{"not_picked":["FollowUp","JustLucky+1","SandsOfTime"],"picked":"SKIP","floor":21.0},{"not_picked":["SignatureMove","SandsOfTime"],"picked":"SpiritShield","floor":24.0},{"not_picked":["ThirdEye","CrushJoints"],"picked":"LikeWater+1","floor":27.0},{"not_picked":["Pray","Consecrate","Protect"],"picked":"SKIP","floor":28.0},{"not_picked":["Wallop","FollowUp"],"picked":"Nirvana+1","floor":29.0},{"not_picked":["Judgement","JustLucky+1","EmptyBody"],"picked":"SKIP","floor":31.0},{"not_picked":["Wish","Establishment"],"picked":"Alpha","floor":33.0},{"not_picked":["CrushJoints","CutThroughFate+1","Halt"],"picked":"SKIP","floor":35.0},{"not_picked":["Prostrate","Nirvana+1","FearNoEvil"],"picked":"SKIP","floor":37.0},{"not_picked":["Brilliance","CrushJoints","ClearTheMind"],"picked":"SKIP","floor":41.0},{"not_picked":["EmptyBody+1","BowlingBash+1","Indignation"],"picked":"SKIP","floor":42.0},{"not_picked":["Apotheosis","HandOfGreed"],"picked":"Dark Shackles","floor":44.0},{"not_picked":["Deep Breath","Flash of Steel"],"picked":"Finesse","floor":44.0},{"not_picked":["CrushJoints+1","CarveReality","ReachHeaven+1"],"picked":"SKIP","floor":46.0},{"not_picked":["Weave+1","MentalFortress+1","PathToVictory"],"picked":"SKIP","floor":48.0},{"not_picked":["Replay:ManipulateFuture","Blasphemy","BattleHymn"],"picked":"SKIP","floor":54}],"player_experience":441879,"relics_obtained":[{"floor":6.0,"key":"Incense Burner"},{"floor":8.0,"key":"Nunchaku"},{"floor":9.0,"key":"Mummified Hand"},{"floor":24.0,"key":"Regal Pillow"},{"floor":39.0,"key":"Torii"},{"floor":41.0,"key":"The Courier"},{"floor":43.0,"key":"Lantern"},{"floor":48.0,"key":"Mercury Hourglass"},{"floor":54,"key":"Unceasing Top"}],"event_choices":[{"damage_healed":0.0,"max_hp_gain":0.0,"max_hp_loss":0.0,"gold_gain":100.0,"event_name":"Golden Shrine","player_choice":"Pray","floor":2.0,"gold_loss":0.0,"damage_taken":0.0},{"damage_healed":0.0,"max_hp_gain":0.0,"max_hp_loss":0.0,"gold_gain":0.0,"event_name":"Addict","player_choice":"Obtained Relic","floor":19.0,"gold_loss":85.0,"damage_taken":0.0,"relics_obtained":["Pocketwatch"]},{"damage_healed":0.0,"max_hp_gain":0.0,"max_hp_loss":0.0,"gold_gain":0.0,"event_name":"Accursed Blacksmith","player_choice":"Forge","floor":36.0,"gold_loss":0.0,"damage_taken":0.0,"cards_upgraded":["Alpha"]},{"damage_healed":0.0,"max_hp_gain":0.0,"max_hp_loss":0.0,"gold_gain":0.0,"event_name":"MindBloom","player_choice":"Fight","floor":39.0,"gold_loss":0.0,"damage_taken":0.0},{"damage_healed":0.0,"max_hp_gain":0.0,"max_hp_loss":0.0,"gold_gain":0.0,"event_name":"SensoryStone","player_choice":"Memory 3","floor":44.0,"gold_loss":0.0,"damage_taken":10.0},{"damage_healed":0.0,"max_hp_gain":0.0,"max_hp_loss":0.0,"gold_gain":0.0,"event_name":"Upgrade Shrine","player_choice":"Upgraded","floor":45.0,"gold_loss":0.0,"damage_taken":0.0,"cards_upgraded":["Finesse"]}],"is_beta":false,"boss_relics":[{"not_picked":["SlaversCollar","Calling Bell"],"picked":"Ectoplasm"},{"not_picked":["Philosopher\u0027s Stone","Busted Crown"],"picked":"Velvet Choker"}],"items_purged_floors":[5,20],"is_endless":false,"potions_floor_spawned":[8,11,13,16,24,27,29,35,37,39,48],"killed_by":"The Heart","ascension_level":0}}