{"host":"51f0ad793vly1w6u","time":1614246798,"event":{"mods":["BaseMod","Colored Map","DeckTracker","Minty Spire (QoL Compilation)","StSLib","SuperFastMode"],"gold_per_floor":[119,119,137,149,172,172,172,187,211,236,236,254,269,289,289,384,384,398,308,325,167,127,127,147,167,167,167,167],"floor_reached":27,"language":"KOR","playtime":450,"items_purged":["Strike_R"],"score":315,"play_id":"594f4bc4-64e9-4eca-9f87-ae92262966dd","local_time":"20210225185318","is_ascension_mode":true,"campfire_choices":[{"data":"The Bomb","floor":6,"key":"SMITH"},{"data":"Barricade","floor":15,"key":"SMITH"},{"data":"Body Slam","floor":23,"key":"SMITH"}],"circlet_count":0,"master_deck":["Strike_R","Strike_R+1","Defend_R","Defend_R","Defend_R","Defend_R","Bash","The Bomb+1","Uppercut","Body Slam+1","Ghostly Armor+1","True Grit+1","Barricade+1","Fiend Fire","Armaments+1","True Grit+1","Blind+1","Entrench+1"],"relics":["Burning Blood","Boot","Orichalcum","Toxic Egg 2","Lizard Tail","SlaversCollar","Pantograph"],"acts_visited":["Exordium","TheCity"],"potions_floor_usage":[14],"damage_taken":[{"damage":6,"enemies":"2 Louse","floor":1,"turns":5},{"damage":7,"enemies":"Jaw Worm","floor":3,"turns":3},{"damage":9,"enemies":"Small Slimes","floor":4,"turns":3},{"damage":16,"enemies":"3 Louse","floor":8,"turns":3},{"damage":14,"enemies":"Gremlin Nob","floor":10,"turns":5},{"damage":19,"enemies":"Exordium Thugs","floor":12,"turns":3},{"damage":9,"enemies":"Red Slaver","floor":13,"turns":3},{"damage":18,"enemies":"Lots of Slimes","floor":14,"turns":4},{"damage":32,"enemies":"Slime Boss","floor":16,"turns":10},{"damage":31,"enemies":"Shell Parasite","floor":18,"turns":6},{"damage":48,"enemies":"2 Thieves","floor":20,"turns":4},{"damage":20,"enemies":"3 Cultists","floor":24,"turns":4},{"damage":12,"enemies":"Snake Plant","floor":25,"turns":5},{"damage":22,"enemies":"Gremlin Leader","floor":27,"turns":2}],"seed_played":"5012720358670004907","potions_obtained":[{"floor":3,"key":"BloodPotion"},{"floor":4,"key":"GamblersBrew"},{"floor":8,"key":"FairyPotion"},{"floor":16,"key":"Fire Potion"},{"floor":22,"key":"Weak Potion"},{"floor":22,"key":"Ancient Potion"},{"floor":25,"key":"Dexterity Potion"}],"is_trial":false,"path_per_floor":["M","?","M","M","T","R","?","M","T","E","?","M","M","M","R","B",null,"M","?","M","$","?","R","M","M","T","E"],"character_chosen":"IRONCLAD","items_purchased":["Blind+1"],"campfire_rested":0,"item_purchase_floors":[21],"current_hp_per_floor":[72,72,71,68,68,68,61,51,51,43,43,30,27,29,29,27,61,36,36,42,42,42,42,28,22,22,0,0],"gold":167,"neow_bonus":"RANDOM_COLORLESS_2","is_daily":false,"chose_seed":false,"campfire_upgraded":3,"win_rate":0.0,"timestamp":1614246798,"path_taken":["M","?","M","M","?","R","?","M","T","E","?","M","?","M","R","BOSS","M","?","?","$","?","R","M","?","T","E"],"items_purchased_type":["Card"],"build_version":"2020-12-22","purchased_purges":1,"victory":false,"max_hp_per_floor":[72,72,72,72,72,72,72,72,72,72,72,72,72,72,72,72,72,72,72,72,72,72,72,72,72,72,72,72],"card_choices":[{"not_picked":["Secret Weapon","Thinking Ahead"],"picked":"The Bomb","floor":0},{"not_picked":["Shrug It Off","Seeing Red"],"picked":"Uppercut","floor":1},{"not_picked":["Heavy Blade","Havoc","Wild Strike"],"picked":"SKIP","floor":3},{"not_picked":["True Grit","Warcry"],"picked":"Body Slam","floor":4},{"not_picked":["Clash","Heavy Blade","Sever Soul"],"picked":"SKIP","floor":8},{"not_picked":["Spot Weakness+1","Perfected Strike"],"picked":"Ghostly Armor+1","floor":10},{"not_picked":["Havoc+1","Pummel","Uppercut"],"picked":"SKIP","floor":12},{"not_picked":["Second Wind+1","Perfected Strike"],"picked":"True Grit+1","floor":13},{"not_picked":["Sentinel+1","Thunderclap"],"picked":"Barricade","floor":14},{"not_picked":["Reaper","Brutality"],"picked":"Fiend Fire","floor":16},{"not_picked":["Metallicize","Warcry+1"],"picked":"Armaments+1","floor":18},{"not_picked":["Heavy Blade","Clothesline"],"picked":"True Grit+1","floor":20},{"not_picked":["Perfected Strike","Evolve"],"picked":"Entrench+1","floor":24},{"not_picked":["Wild Strike","Flex+1","Spot Weakness+1"],"picked":"SKIP","floor":25}],"player_experience":1472708,"relics_obtained":[{"floor":5,"key":"Boot"},{"floor":9,"key":"Orichalcum"},{"floor":10,"key":"Toxic Egg 2"},{"floor":26,"key":"Pantograph"}],"event_choices":[{"damage_healed":0,"gold_gain":0,"player_choice":"Ignored","damage_taken":0,"max_hp_gain":0,"max_hp_loss":0,"event_name":"Liars Game","floor":2,"gold_loss":0},{"cards_removed":["Strike_R"],"damage_healed":0,"gold_gain":0,"player_choice":"Card Removal","damage_taken":7,"max_hp_gain":0,"max_hp_loss":0,"event_name":"Golden Wing","floor":7,"gold_loss":0},{"damage_healed":0,"gold_gain":0,"player_choice":"Gave Potion","damage_taken":0,"relics_obtained":["Lizard Tail"],"max_hp_gain":0,"max_hp_loss":0,"event_name":"WeMeetAgain","floor":11,"gold_loss":0},{"cards_removed":["Strike_R"],"damage_healed":0,"gold_gain":0,"player_choice":"Upgrade and Remove","damage_taken":0,"max_hp_gain":0,"max_hp_loss":0,"event_name":"Designer","floor":19,"gold_loss":90,"cards_upgraded":["Strike_R"]},{"damage_healed":0,"gold_gain":0,"player_choice":"Bought 3 Potions","damage_taken":0,"max_hp_gain":0,"max_hp_loss":0,"event_name":"The Woman in Blue","floor":22,"gold_loss":0}],"is_beta":false,"boss_relics":[{"not_picked":["Busted Crown","Philosopher\u0027s Stone"],"picked":"SlaversCollar"}],"items_purged_floors":[21],"is_endless":false,"potions_floor_spawned":[3,4,8,16,25],"killed_by":"Gremlin Leader","ascension_level":9}}