{"host":"mujoymdbv27pmqgz","time":1614232358,"event":{"mods":["BaseMod","Downfall","KinomotoSakuraMod(????)","Minty Spire (QoL Compilation)","StSLib","The Jungle"],"gold_per_floor":[110,110,110,185,185,223,223,267,267,310,324,34,58,78,78,201,201,216,216,239,339,359,395,485,2,2,26,26,59,59,102,102,228,228,251,314,18,18,18,57,57,95,174,209,232,273,297,313,313,313,313,313,40,73,73,73],"floor_reached":55,"language":"ZHS","playtime":3928,"items_purged":["Injury"],"score":1526,"play_id":"4e3e1a1d-4282-4316-aec0-98092824b950","local_time":"20210225005238","is_ascension_mode":true,"campfire_choices":[{"floor":7.0,"key":"RECALL"},{"data":"ClowCardTheGlow","floor":15.0,"key":"SMITH"},{"floor":28.0,"key":"REST"},{"floor":32.0,"key":"REST"},{"data":"ClowCardTheMove","floor":41.0,"key":"SMITH"},{"floor":49,"key":"REST"},{"data":"ClowCardTheFight","floor":52,"key":"SMITH"}],"circlet_count":0,"master_deck":["SakuraCardTheWindy+","SakuraCardTheFirey+","SakuraCardTheFloat+","AscendersBane","ClowCardTheSword","ClowCardTheSword","ClowCardTheSword","ClowCardTheShield","ClowCardTheShield","ClowCardTheShield","SpellCardSeal","SpellCardRelease","ClowCardTheGlow+1","ClowCardTheFloat+1","ClowCardTheWatery+1","ClowCardTheFloat+1","ClowCardTheLibra","ClowCardTheFly","ClowCardTheLibra+1","ClowCardTheMove+1","ClowCardTheFight+1","ClowCardTheLibra+1","ClowCardTheMove+1","ClowCardTheDark","ClowCardTheReturn","ClowCardTheRain"],"relics":["KSMOD_SealedBook","KSMOD_SealedWand","NeowsBlessing","Golden Idol","Strawberry","Pear","Lantern","White Beast Statue","Lee\u0027s Waffle","Nunchaku","Astrolabe","Letter Opener","Oddly Smooth Stone","KSMOD_TaoistSuit","Guardian:BottledAnomaly","Singing Bowl","Mercury Hourglass","Ancient Tea Set","Snecko Eye","Turnip","KSMOD_SwordJade","Strange Spoon","Blue Candle","Darkstone Periapt","KSMOD_YukitosBentoBox","hexamod:CandleOfCauterizing","Kunai","Membership Card","Gremlin Horn","Bottled Lightning"],"acts_visited":["Exordium","TheCity","TheBeyond","TheEnding"],"potions_floor_usage":[44,45,47,50,55,55],"damage_taken":[{"damage":0.0,"enemies":"Cultist","floor":1.0,"turns":1.0},{"damage":0.0,"enemies":"3 Sentries","floor":6.0,"turns":2.0},{"damage":0.0,"enemies":"Gremlin Nob","floor":8.0,"turns":1.0},{"damage":55.0,"enemies":"Lagavulin","floor":10.0,"turns":7.0},{"damage":7.0,"enemies":"Small Slimes","floor":11.0,"turns":4.0},{"damage":14.0,"enemies":"Jaw Worm","floor":13.0,"turns":4.0},{"damage":9.0,"enemies":"Blue Slaver","floor":14.0,"turns":5.0},{"damage":73.0,"enemies":"Hexaghost","floor":16.0,"turns":16.0},{"damage":14.0,"enemies":"3 Byrds","floor":18.0,"turns":6.0},{"damage":17.0,"enemies":"Chosen","floor":20.0,"turns":6.0},{"damage":8.0,"enemies":"Shelled Parasite and Fungi","floor":22.0,"turns":9.0},{"damage":16.0,"enemies":"Slavers","floor":23.0,"turns":10.0},{"damage":0.0,"enemies":"3 Cultists","floor":27.0,"turns":4.0},{"damage":6.0,"enemies":"Gremlin Leader","floor":29.0,"turns":5.0},{"damage":17.0,"enemies":"Slavers","floor":31.0,"turns":3.0},{"damage":9.0,"enemies":"Automaton","floor":33.0,"turns":8.0},{"damage":0.0,"enemies":"3 Darklings","floor":35.0,"turns":4.0},{"damage":8.0,"enemies":"Mind Bloom Boss Battle","floor":36.0,"turns":5.0},{"damage":8.0,"enemies":"Nemesis","floor":40.0,"turns":7.0},{"damage":2,"enemies":"Giant Head","floor":42,"turns":5},{"damage":0,"enemies":"Reptomancer","floor":44,"turns":3},{"damage":1,"enemies":"3 Shapes","floor":45,"turns":2},{"damage":0,"enemies":"Giant Head","floor":46,"turns":3},{"damage":4,"enemies":"Sphere and 2 Shapes","floor":47,"turns":3},{"damage":11,"enemies":"Spire Growth","floor":48,"turns":3},{"damage":102,"enemies":"Time Eater","floor":50,"turns":10},{"damage":108,"enemies":"Shield and Spear","floor":54,"turns":5},{"damage":73,"enemies":"The Heart","floor":55,"turns":3}],"seed_played":"-8429099504944046049","potions_obtained":[{"floor":8.0,"key":"DuplicationPotion"},{"floor":11.0,"key":"Regen Potion"},{"floor":13.0,"key":"PowerPotion"},{"floor":14.0,"key":"Energy Potion"},{"floor":16.0,"key":"Fire Potion"},{"floor":18.0,"key":"Block Potion"},{"floor":20.0,"key":"SkillPotion"},{"floor":22.0,"key":"ColorlessPotion"},{"floor":23.0,"key":"SmokeBomb"},{"floor":27.0,"key":"Energy Potion"},{"floor":29.0,"key":"Fire Potion"},{"floor":35.0,"key":"Explosive Potion"},{"floor":36.0,"key":"Slimebound:ThreeZeroPotion"},{"floor":39.0,"key":"Slimebound:ThreeZeroPotion"},{"floor":40.0,"key":"SteroidPotion"},{"floor":42,"key":"AttackPotion"},{"floor":44,"key":"SkillPotion"},{"floor":45,"key":"Regen Potion"},{"floor":47,"key":"Dexterity Potion"},{"floor":54,"key":"SpeedPotion"}],"is_trial":false,"path_per_floor":["M","$","?","?","?","E","R","E","T","E","M","$","M","M","R","B",null,"M","?","M","?","M","E","?","$","T","M","R","E","$","E","R","B",null,"M","?","$","?","?","E","R","E","T","E","M","E","M","M","R","B",null,"R","$","E","B"],"character_chosen":"KINOMOTOSAKURA","items_purchased":["Lee\u0027s Waffle","Nunchaku","KSMOD_TaoistSuit","Guardian:BottledAnomaly","KSMOD_SwordJade","Strange Spoon","Membership Card","Gremlin Horn"],"campfire_rested":3,"item_purchase_floors":[12,12,25,25,37,37,53,53],"current_hp_per_floor":[63,63,63,52,52,59,59,69,69,14,7,94,80,85,85,48,83,69,69,52,52,44,28,16,16,16,18,46,42,42,25,54,45,85,87,81,81,81,81,73,73,71,71,71,72,72,68,59,90,36,89,89,89,41,0,0],"gold":73,"neow_bonus":"THREE_ENEMY_KILL","is_daily":false,"chose_seed":false,"campfire_upgraded":3,"win_rate":0.0,"timestamp":1614232358,"path_taken":["M","?","?","?","?","E","R","E","T","E","M","$","?","M","R","BOSS","M","?","M","?","?","E","?","?","T","M","R","E","$","E","R","BOSS","M","?","$","?","?","E","R","E","T","E","?","E","M","M","R","BOSS","R","$","E","BOSS"],"items_purchased_type":["Relic","Relic","Relic","Relic","Relic","Relic","Relic","Relic"],"build_version":"2020-12-22","purchased_purges":1,"victory":false,"max_hp_per_floor":[70,70,70,70,70,77,77,87,87,87,87,94,94,94,94,94,94,94,94,94,94,94,94,94,94,94,96,96,98,98,98,98,98,98,100,102,102,102,102,102,102,102,102,102,104,104,104,106,106,106,106,106,106,106,106,106],"card_choices":[{"not_picked":["ClowCardTheDream","ClowCardTheIllusion"],"picked":"ClowCardTheJump","floor":1.0},{"not_picked":["ClowCardTheRain","ClowCardTheLoop"],"picked":"ClowCardTheVoice","floor":6.0},{"not_picked":["ClowCardTheMaze","ClowCardTheLoop"],"picked":"ClowCardTheCreate","floor":8.0},{"not_picked":["ClowCardTheShadow","ClowCardTheMaze"],"picked":"ClowCardTheFirey","floor":10.0},{"not_picked":["ClowCardTheSilent","ClowCardTheCloud"],"picked":"ClowCardTheFloat","floor":11.0},{"not_picked":["ClowCardTheIllusion","ClowCardTheWatery"],"picked":"ClowCardTheGlow","floor":13.0},{"not_picked":["ClowCardTheCloud","ClowCardTheSilent","ClowCardTheWood"],"picked":"SKIP","floor":14.0},{"not_picked":["ClowCardTheDark","ClowCardTheTwin"],"picked":"ClowCardTheCreate","floor":16.0},{"not_picked":["ClowCardTheSand+1","ClowCardThePower","ClowCardTheShadow"],"picked":"SKIP","floor":18.0},{"not_picked":["ClowCardTheMist","ClowCardTheMaze"],"picked":"ClowCardTheLibra","floor":20.0},{"not_picked":["ClowCardTheWood","ClowCardTheFloat"],"picked":"ClowCardTheFly","floor":22.0},{"not_picked":["ClowCardTheMirror+1","ClowCardTheVoice+1"],"picked":"ClowCardTheLibra+1","floor":23.0},{"not_picked":["ClowCardTheVoice","ClowCardTheWood","ClowCardTheSong"],"picked":"Singing Bowl","floor":27.0},{"not_picked":["ClowCardTheMirror","ClowCardTheLibra","ClowCardTheThunder"],"picked":"Singing Bowl","floor":29.0},{"not_picked":["ClowCardTheLittle+1","ClowCardTheBubbles"],"picked":"ClowCardTheMove","floor":31.0},{"not_picked":["ClowCardTheThrough","ClowCardTheDash"],"picked":"ClowCardTheFight","floor":33.0},{"not_picked":["ClowCardTheRain","ClowCardTheShot","ClowCardTheArrow"],"picked":"Singing Bowl","floor":35.0},{"not_picked":["ClowCardThePower","ClowCardTheCloud","ClowCardTheChange+1"],"picked":"Singing Bowl","floor":36.0},{"not_picked":["ClowCardTheCloud+1","ClowCardTheSong"],"picked":"ClowCardTheLibra+1","floor":40.0},{"not_picked":["ClowCardTheIllusion","ClowCardTheRain"],"picked":"ClowCardTheMove+1","floor":42},{"not_picked":["ClowCardTheIllusion+1","ClowCardTheSnow+1"],"picked":"ClowCardTheDark","floor":44},{"not_picked":["ClowCardTheSilent","ClowCardTheMist+1","ClowCardTheErase+1"],"picked":"Singing Bowl","floor":45},{"not_picked":["ClowCardTheWave","ClowCardTheChange"],"picked":"ClowCardTheReturn","floor":46},{"not_picked":["ClowCardTheVoice+1","ClowCardTheMaze+1"],"picked":"ClowCardTheWindy+1","floor":47},{"not_picked":["ClowCardTheSilent","ClowCardTheVoice+1","ClowCardTheChange"],"picked":"Singing Bowl","floor":48},{"not_picked":["ClowCardTheArrow","ClowCardTheGlow"],"picked":"ClowCardTheRain","floor":54}],"player_experience":527484,"relics_obtained":[{"floor":6.0,"key":"Strawberry"},{"floor":8.0,"key":"Pear"},{"floor":10.0,"key":"Lantern"},{"floor":10.0,"key":"White Beast Statue"},{"floor":23.0,"key":"Letter Opener"},{"floor":23.0,"key":"Oddly Smooth Stone"},{"floor":26.0,"key":"Singing Bowl"},{"floor":29.0,"key":"Mercury Hourglass"},{"floor":31.0,"key":"Ancient Tea Set"},{"floor":36.0,"key":"Turnip"},{"floor":40.0,"key":"Blue Candle"},{"floor":42,"key":"Darkstone Periapt"},{"floor":43,"key":"KSMOD_YukitosBentoBox"},{"floor":44,"key":"hexamod:CandleOfCauterizing"},{"floor":46,"key":"Kunai"},{"floor":54,"key":"Bottled Lightning"}],"event_choices":[{"damage_healed":0.0,"max_hp_gain":0.0,"max_hp_loss":0.0,"gold_gain":0.0,"event_name":"Golden Idol","player_choice":"Take Wound","floor":3.0,"gold_loss":0.0,"damage_taken":0.0,"relics_obtained":["Golden Idol"],"cards_obtained":["Injury"]},{"damage_healed":0.0,"max_hp_gain":0.0,"max_hp_loss":0.0,"gold_gain":75.0,"event_name":"World of Goop","player_choice":"Gather Gold","floor":4.0,"gold_loss":0.0,"damage_taken":11.0},{"damage_healed":0.0,"max_hp_gain":0.0,"max_hp_loss":0.0,"gold_gain":0.0,"event_name":"Shining Light","player_choice":"Ignored","floor":5.0,"gold_loss":0.0,"damage_taken":0.0},{"damage_healed":0.0,"max_hp_gain":0.0,"max_hp_loss":0.0,"gold_gain":100.0,"event_name":"Golden Shrine","player_choice":"Pray","floor":21.0,"gold_loss":0.0,"damage_taken":0.0},{"damage_healed":0.0,"max_hp_gain":0.0,"max_hp_loss":0.0,"gold_gain":90.0,"event_name":"Knowing Skull","player_choice":"GOLD ","floor":24.0,"potions_obtained":[],"gold_loss":0.0,"damage_taken":12.0,"cards_obtained":[]},{"damage_healed":0.0,"max_hp_gain":0.0,"max_hp_loss":0.0,"gold_gain":0.0,"event_name":"MindBloom","player_choice":"Fight","floor":36.0,"gold_loss":0.0,"damage_taken":0.0},{"cards_removed":["ClowCardTheJump"],"damage_healed":0.0,"max_hp_gain":0.0,"max_hp_loss":0.0,"gold_gain":0.0,"event_name":"Falling","player_choice":"Removed Skill","floor":38.0,"gold_loss":0.0,"damage_taken":0.0},{"damage_healed":0.0,"max_hp_gain":0.0,"max_hp_loss":0.0,"gold_gain":0.0,"event_name":"Lab","player_choice":"Got Potions","floor":39.0,"gold_loss":0.0,"damage_taken":0.0}],"is_beta":false,"boss_relics":[{"not_picked":["Runic Pyramid","Ectoplasm"],"picked":"Astrolabe"},{"not_picked":["Pandora\u0027s Box","Cursed Key"],"picked":"Snecko Eye"}],"items_purged_floors":[25],"is_endless":false,"potions_floor_spawned":[8,11,13,14,16,18,20,22,23,27,29,31,33,35,36,40,42,44,45,46,47,48,54],"killed_by":"The Heart","ascension_level":10}}