{"host":"d52brwsy6af8zvaq","time":1614290768,"event":{"mods":["AchievementEnabler","BaseMod","Bestiary","Highlight Path","Minty Spire (QoL Compilation)","Quick Restart","Relic Stats","ojb\u0027s Better Paths Mod"],"gold_per_floor":[111,36,36,49,67,98,98,114,114,141,56,56,56,82,82,82,82],"floor_reached":16,"language":"ENG","playtime":484,"items_purged":[],"score":236,"play_id":"6ed73f77-25cf-4b2e-88dd-87b6e18e9bba","local_time":"20210225150608","is_ascension_mode":true,"campfire_choices":[{"data":"Zap","floor":7.0,"key":"SMITH"},{"floor":13,"key":"REST"},{"data":"Defragment","floor":15,"key":"SMITH"}],"circlet_count":0,"master_deck":["AscendersBane","Strike_B","Strike_B","Strike_B","Strike_B","Defend_B","Defend_B","Defend_B","Defend_B","Zap+1","Dualcast","Rip and Tear","Melter","FTL","BootSequence","Undo","Genetic Algorithm","Sweeping Beam","Core Surge","Defragment+1","Pain"],"relics":["Cracked Core","Tiny Chest","Bronze Scales","Eternal Feather","WarpedTongs","Centennial Puzzle"],"acts_visited":["Exordium"],"potions_floor_usage":[10],"damage_taken":[{"damage":7.0,"enemies":"Jaw Worm","floor":1.0,"turns":3.0},{"damage":0.0,"enemies":"Cultist","floor":4.0,"turns":3.0},{"damage":0.0,"enemies":"2 Louse","floor":5.0,"turns":2.0},{"damage":26.0,"enemies":"Gremlin Nob","floor":6.0,"turns":4.0},{"damage":7.0,"enemies":"Exordium Thugs","floor":8.0,"turns":4.0},{"damage":20,"enemies":"Lagavulin","floor":10,"turns":6},{"damage":26,"enemies":"3 Sentries","floor":14,"turns":5},{"damage":27,"enemies":"Slime Boss","floor":16,"turns":5}],"seed_played":"-903716492940957817","potions_obtained":[{"floor":1.0,"key":"SpeedPotion"},{"floor":4.0,"key":"SpeedPotion"},{"floor":8.0,"key":"FocusPotion"},{"floor":10,"key":"Dexterity Potion"}],"is_trial":false,"path_per_floor":["M","$","?","M","M","E","R","M","T","E","$","?","R","E","R","B"],"character_chosen":"DEFECT","items_purchased":["FTL","Defragment"],"campfire_rested":1,"item_purchase_floors":[2,11],"current_hp_per_floor":[57,57,57,57,57,31,31,24,24,4,4,4,37,11,23,0,0],"gold":82,"neow_bonus":"THREE_CARDS","is_daily":false,"chose_seed":false,"campfire_upgraded":2,"win_rate":0.0,"timestamp":1614290768,"path_taken":["M","$","?","M","M","E","R","?","T","E","$","?","R","E","R","BOSS"],"items_purchased_type":["Card","Card"],"build_version":"2020-12-22","purchased_purges":0,"victory":false,"max_hp_per_floor":[71,71,71,71,71,71,71,71,71,71,71,71,71,71,71,71,71],"relic_stats":{"Centennial Puzzle":[3],"counters":[8,32],"Bronze Scales":[24],"Tiny Chest":0,"Eternal Feather":24,"obtain_stats":[{"Centennial Puzzle":14,"Bronze Scales":9,"Tiny Chest":6,"Eternal Feather":10,"Cracked Core":0,"WarpedTongs":12},{"Centennial Puzzle":7,"Bronze Scales":5,"Tiny Chest":4,"Eternal Feather":6,"Cracked Core":0,"WarpedTongs":6},{"Centennial Puzzle":27,"Bronze Scales":16,"Tiny Chest":12,"Eternal Feather":22,"Cracked Core":0,"WarpedTongs":22}],"WarpedTongs":[10]},"card_choices":[{"not_picked":["Go for the Eyes","Redo"],"picked":"Rip and Tear","floor":0.0},{"not_picked":["Force Field","Streamline"],"picked":"Melter","floor":1.0},{"not_picked":["Coolheaded","Melter"],"picked":"BootSequence","floor":4.0},{"not_picked":["Turbo","FTL"],"picked":"Undo","floor":5.0},{"not_picked":["Chill","Beam Cell"],"picked":"Genetic Algorithm","floor":6.0},{"not_picked":["Auto Shields","Gash"],"picked":"Sweeping Beam","floor":8.0},{"not_picked":["Streamline","Amplify"],"picked":"Core Surge","floor":10},{"not_picked":["Redo","Consume","Blizzard"],"picked":"SKIP","floor":14}],"player_experience":2372046,"relics_obtained":[{"floor":6.0,"key":"Tiny Chest"},{"floor":9.0,"key":"Bronze Scales"},{"floor":10,"key":"Eternal Feather"},{"floor":14,"key":"Centennial Puzzle"}],"event_choices":[{"damage_healed":0.0,"max_hp_gain":0.0,"max_hp_loss":0.0,"gold_gain":0.0,"event_name":"FaceTrader","player_choice":"Leave","floor":3.0,"gold_loss":0.0,"damage_taken":0.0},{"damage_healed":0,"gold_gain":0,"player_choice":"Rummage","damage_taken":0,"relics_obtained":["WarpedTongs"],"max_hp_gain":0,"max_hp_loss":0,"event_name":"Accursed Blacksmith","floor":12,"gold_loss":0,"cards_obtained":["Pain"]}],"is_beta":false,"boss_relics":[],"items_purged_floors":[],"is_endless":false,"potions_floor_spawned":[1,4,8,10],"killed_by":"Slime Boss","ascension_level":20}}