{"host":"z8uivwf40jrpk7h3","time":1614276366,"event":{"mods":["BaseMod","Lobotomy","Minty Spire (QoL Compilation)","Replay The Spire","StSLib"],"gold_per_floor":[274,42,60,60,76,76,105,105,105,134,144,156,156,174,174,271,271,287,287,287],"floor_reached":19,"language":"ZHS","playtime":665,"items_purged":["Defend_P"],"score":214,"play_id":"7228583a-23cb-407f-8bf0-048b365db54d","local_time":"20210226020606","is_ascension_mode":true,"campfire_choices":[{"data":"Eruption","floor":6.0,"key":"SMITH"},{"data":"ForeignInfluence","floor":13.0,"key":"SMITH"},{"data":"ForeignInfluence","floor":15.0,"key":"SMITH"}],"circlet_count":0,"master_deck":["Strike_P","Strike_P","Defend_P","Defend_P","Eruption+1","Vigilance","OldLady","ForeignInfluence+1","Wellcheers","Wallop","ForeignInfluence+1","Steam","Halt","Scorched","Wallop+1","BigBadWolf","Vault"],"relics":["PureWater","CogitoBucket","Omamori","Molten Egg 2","Frozen Egg 2","Replay:Mystery Machine","ResearcherNote","Sozu"],"acts_visited":["Exordium","TheCity"],"potions_floor_usage":[19,19,19],"damage_taken":[{"damage":0.0,"enemies":"Small Slimes","floor":1.0,"turns":2.0},{"damage":9.0,"enemies":"2 Louse","floor":3.0,"turns":2.0},{"damage":0.0,"enemies":"Cultist","floor":5.0,"turns":2.0},{"damage":18.0,"enemies":"Gremlin Nob","floor":7.0,"turns":3.0},{"damage":0.0,"enemies":"3 Sentries","floor":10.0,"turns":3.0},{"damage":31.0,"enemies":"Exordium Thugs","floor":11.0,"turns":4.0},{"damage":0.0,"enemies":"Gremlin Gang","floor":12.0,"turns":3.0},{"damage":0.0,"enemies":"Red Slaver","floor":14.0,"turns":1.0},{"damage":20.0,"enemies":"Hexaghost","floor":16.0,"turns":5.0},{"damage":0.0,"enemies":"Spheric Guardian","floor":18.0,"turns":3.0},{"damage":42,"enemies":"3 Byrds","floor":19,"turns":7}],"seed_played":"6177288002902644790","potions_obtained":[{"floor":1.0,"key":"DistilledChaos"},{"floor":5.0,"key":"Strength Potion"},{"floor":11.0,"key":"Explosive Potion"},{"floor":14.0,"key":"ColorlessPotion"},{"floor":16.0,"key":"EntropicBrew"}],"is_trial":false,"path_per_floor":["M","$","M","?","M","R","E","?","T","E","M","M","R","M","R","B",null,"M","M"],"character_chosen":"WATCHER","items_purchased":["Omamori"],"campfire_rested":0,"item_purchase_floors":[2],"current_hp_per_floor":[72,72,63,63,63,63,48,48,48,51,23,23,23,23,23,6,72,72,30,30],"gold":287,"neow_bonus":"","is_daily":false,"chose_seed":false,"campfire_upgraded":3,"win_rate":0.0,"timestamp":1614276366,"path_taken":["M","$","M","?","M","R","E","?","T","E","M","M","R","M","R","BOSS","M","M"],"items_purchased_type":["Relic"],"build_version":"2020-12-22","purchased_purges":1,"victory":false,"max_hp_per_floor":[72,72,72,72,72,72,72,72,72,72,72,72,72,72,72,72,72,72,72,72],"card_choices":[{"not_picked":["ShyLook","UniverseFragment"],"picked":"OldLady","floor":1.0},{"not_picked":["EmptyBody","Protect"],"picked":"ForeignInfluence","floor":1.0},{"not_picked":["MHz","ShyLook"],"picked":"Wellcheers","floor":3.0},{"not_picked":["Replay:Hum","Worship"],"picked":"Wallop","floor":3.0},{"not_picked":["Prostrate","Evaluate"],"picked":"Halt","floor":5.0},{"not_picked":["Murderer","Laetitia"],"picked":"Scorched","floor":7.0},{"not_picked":["Collect","BowlingBash+1","Halt"],"picked":"SKIP","floor":7.0},{"not_picked":["SashWhip+1","ClearTheMind"],"picked":"Wallop+1","floor":10.0},{"not_picked":["VoidDream","ShyLook"],"picked":"BigBadWolf","floor":11.0},{"not_picked":["BowlingBash+1","Replay:BluntJabs+1","Swivel"],"picked":"SKIP","floor":11.0},{"not_picked":["Prostrate","Replay:Hum","CarveReality+1"],"picked":"SKIP","floor":12.0},{"not_picked":["Replay:LoomingThreat+1","EmptyFist+1","Replay:Anticipation"],"picked":"SKIP","floor":14.0},{"not_picked":["SpiritShield","DevaForm+1"],"picked":"Vault","floor":16.0},{"not_picked":["Replay:Vibes","SandsOfTime+1","Replay:Hum"],"picked":"SKIP","floor":18.0}],"player_experience":111355,"relics_obtained":[{"floor":7.0,"key":"Molten Egg 2"},{"floor":9.0,"key":"Frozen Egg 2"},{"floor":10.0,"key":"Replay:Mystery Machine"}],"event_choices":[{"damage_healed":0.0,"max_hp_gain":0.0,"max_hp_loss":0.0,"gold_gain":0.0,"event_name":"Match and Keep!","player_choice":"0 cards matched","floor":8.0,"gold_loss":0.0,"damage_taken":0.0,"cards_obtained":[]}],"is_beta":false,"boss_relics":[{"not_picked":["Coffee Dripper","Black Star"],"picked":"Sozu"}],"items_purged_floors":[2],"is_endless":false,"potions_floor_spawned":[1,5,11,14,16],"killed_by":"3 Byrds","ascension_level":1}}