{"host":"m0bekkrd201b63ug","time":1614292002,"event":{"mods":["AchievementEnabler","BaseMod","Colored Powertips","Highlight Path","Minty Spire (QoL Compilation)","Rare Cards Sparkle","StSLib","SuperFastMode","everything is the same but u backflip on backflip","slay the spire mod where everything is the same but ironclad has a cowboy hat"],"gold_per_floor":[119,135,151,163,39,71,71,106,106,124,140,168,168,187,187,287,287,306,28,28,0,0,0,0],"floor_reached":23,"language":"ENG","playtime":544,"items_purged":["Zap","Strike_B"],"score":327,"play_id":"ef25ff7d-769f-425e-8229-6b505caee4e9","local_time":"20210225192642","is_ascension_mode":true,"campfire_choices":[{"data":"Hyperbeam","floor":7.0,"key":"SMITH"},{"floor":15.0,"key":"REST"}],"circlet_count":0,"master_deck":["AscendersBane","Strike_B","Strike_B","Strike_B+1","Defend_B","Defend_B","Defend_B","Defend_B","Dualcast","Hyperbeam+1","Sweeping Beam+1","Skim","Hologram","Conserve Battery","Turbo","Reprogram","Undo","Melter","Core Surge","Auto Shields"],"relics":["Cracked Core","Frozen Egg 2","Whetstone","Blue Candle","Bottled Lightning","SacredBark","Membership Card","Vajra","Enchiridion"],"acts_visited":["Exordium","TheCity"],"potions_floor_usage":[16,16],"damage_taken":[{"damage":2.0,"enemies":"Jaw Worm","floor":1.0,"turns":3.0},{"damage":0.0,"enemies":"Small Slimes","floor":2.0,"turns":2.0},{"damage":6.0,"enemies":"Cultist","floor":3.0,"turns":3.0},{"damage":0.0,"enemies":"3 Louse","floor":4.0,"turns":1.0},{"damage":17.0,"enemies":"Gremlin Nob","floor":6.0,"turns":4.0},{"damage":17.0,"enemies":"3 Sentries","floor":8.0,"turns":3.0},{"damage":0.0,"enemies":"Gremlin Gang","floor":10.0,"turns":2.0},{"damage":0.0,"enemies":"Blue Slaver","floor":11.0,"turns":2.0},{"damage":25.0,"enemies":"Gremlin Nob","floor":12.0,"turns":4.0},{"damage":0.0,"enemies":"2 Fungi Beasts","floor":14.0,"turns":2.0},{"damage":30,"enemies":"Slime Boss","floor":16,"turns":8},{"damage":6,"enemies":"Shell Parasite","floor":18,"turns":4},{"damage":33,"enemies":"Book of Stabbing","floor":23,"turns":5}],"seed_played":"7940699719679669559","potions_obtained":[{"floor":2.0,"key":"BlessingOfTheForge"},{"floor":4.0,"key":"Regen Potion"},{"floor":10.0,"key":"Fire Potion"},{"floor":12.0,"key":"SpeedPotion"}],"is_trial":false,"path_per_floor":["M","M","M","M","$","E","R","E","T","M","M","E","?","M","R","B",null,"M","$","?","?","$","E"],"character_chosen":"DEFECT","items_purchased":["Conserve Battery","Membership Card","Vajra"],"campfire_rested":1,"item_purchase_floors":[5,19,19],"current_hp_per_floor":[66,66,60,60,60,43,43,26,26,26,26,13,13,13,33,3,52,46,46,30,30,30,0,0],"gold":0,"neow_bonus":"THREE_RARE_CARDS","is_daily":false,"chose_seed":false,"campfire_upgraded":1,"win_rate":0.0,"timestamp":1614292002,"path_taken":["M","M","M","M","$","E","R","E","T","M","M","E","?","M","R","BOSS","M","$","?","?","$","E"],"items_purchased_type":["Card","Relic","Relic"],"build_version":"2020-12-22","purchased_purges":2,"victory":false,"max_hp_per_floor":[68,68,68,68,68,68,68,68,68,68,68,68,68,68,68,68,68,68,68,68,68,68,68,68],"card_choices":[{"not_picked":["All For One","Reboot"],"picked":"Hyperbeam","floor":0.0},{"not_picked":["BootSequence","Go for the Eyes"],"picked":"Sweeping Beam","floor":1.0},{"not_picked":["Streamline","Coolheaded","Scrape"],"picked":"SKIP","floor":2.0},{"not_picked":["FTL","Ball Lightning"],"picked":"Skim","floor":3.0},{"not_picked":["Streamline","Tempest"],"picked":"Hologram","floor":4.0},{"not_picked":["Recycle","Aggregate"],"picked":"Turbo","floor":6.0},{"not_picked":["Multi-Cast","Sweeping Beam","Double Energy"],"picked":"SKIP","floor":8.0},{"not_picked":["FTL","Force Field"],"picked":"Reprogram","floor":10.0},{"not_picked":["Stack","Tempest","Hello World+1"],"picked":"SKIP","floor":11.0},{"not_picked":["Reprogram","Storm+1"],"picked":"Undo","floor":12.0},{"not_picked":["Turbo","Cold Snap"],"picked":"Melter","floor":14.0},{"not_picked":["Echo Form+1","Thunder Strike"],"picked":"Core Surge","floor":16},{"not_picked":["Sunder","Compile Driver+1"],"picked":"Auto Shields","floor":18}],"player_experience":305148,"relics_obtained":[{"floor":6.0,"key":"Frozen Egg 2"},{"floor":8.0,"key":"Whetstone"},{"floor":9.0,"key":"Blue Candle"},{"floor":12.0,"key":"Bottled Lightning"},{"floor":20,"key":"Enchiridion"}],"event_choices":[{"damage_healed":0.0,"max_hp_gain":0.0,"max_hp_loss":0.0,"gold_gain":0.0,"event_name":"Liars Game","player_choice":"Ignored","floor":13.0,"gold_loss":0.0,"damage_taken":0.0},{"damage_healed":0,"gold_gain":0,"player_choice":"Obtained Book","damage_taken":16,"max_hp_gain":0,"max_hp_loss":0,"event_name":"Cursed Tome","floor":20,"gold_loss":0},{"damage_healed":0,"gold_gain":0,"player_choice":"Paid Fearfully","damage_taken":0,"max_hp_gain":0,"max_hp_loss":0,"event_name":"Masked Bandits","floor":21,"gold_loss":28}],"is_beta":false,"boss_relics":[{"not_picked":["Black Star","Inserter"],"picked":"SacredBark"}],"items_purged_floors":[5,19],"is_endless":false,"potions_floor_spawned":[2,4,6,10,12],"killed_by":"Book of Stabbing","ascension_level":11}}