{"host":"41y5nvu9zb9a7i4y","time":1614228838,"event":{"mods":["AchievementEnabler","Act Like it!","BaseMod","Better Altar","Better Third Choice","Downfall","Library of Ruina","Minty Spire (QoL Compilation)","Ruina","Spicy Shops","Spire Arcade","StSLib","SuperFastMode","The Animator"],"gold_per_floor":[110,128,139,214,228,238,203,203,203,203,231,241,272,272,272,374,374,391,391,391,403,26,26,26,26,94,109,139,65,84,113,113,211,211,230,243,260,22,42,42,59,70,70,70,83,33,58,108,108,108,108,108,108,139,139],"floor_reached":56,"language":"ENG","playtime":5305,"items_purged":["Doubt","Laceration"],"score":1329,"play_id":"253ff87f-8be1-4b2f-9900-ba75f2788393","local_time":"20210224215358","is_ascension_mode":false,"campfire_choices":[{"data":"SunsetBlade","floor":8,"key":"SMITH"},{"data":"DegradedChain","floor":10,"key":"SMITH"},{"data":"DegradedChain","floor":15,"key":"SMITH"},{"floor":23,"key":"RECALL"},{"data":"ruina:HomingInstinct","floor":25,"key":"SMITH"},{"data":"UnforgettableMelody","floor":32,"key":"SMITH"},{"data":"BackAttack","floor":40,"key":"SMITH"},{"data":"LoosenUp","floor":49,"key":"SMITH"},{"data":"TendonChords","floor":52,"key":"SMITH"}],"circlet_count":0,"master_deck":["DegradedFairy","DegradedFairy","DegradedChain+1","DegradedChain+1","DegradedLock+1","DegradedPillar+1","DegradedPillar","DegradedShockwave","SavageMode","Parry2","TendonChords+1","Parry2","SunsetBlade+1","BackAttack+1","AbsorbImpact","ICanCookAnything","FlowOfTheSword+1","ruina:HomingInstinct+1","Preparation+1","ChiWen","TheRedNotes+1","UnforgettableMelody+1","SilentNight","ViolentFlame+1","BackAttack+1","LoosenUp+1","Faith+1","TrashDisposal","Observe"],"relics":["PageOfLibrarian","PageOfScorchedGirl","PageOfApocalypseBird","Coffee Dripper","PageOfTodaysShyLook","PageOfThreeBirds","PageOfBigBird","Guardian:PocketSentry","Whetstone","PageOfBlackSwan","PageOfWizard","Smiling Mask","PageOfScarecrow","PageOfFairyFestival","PageOfSpiderBud"],"acts_visited":["Exordium","ruina:Briah","TheBeyond","TheEnding"],"potions_floor_usage":[33,50,55],"damage_taken":[{"damage":0,"enemies":"Cultist","floor":1,"turns":2},{"damage":6,"enemies":"2 Louse","floor":2,"turns":2},{"damage":2,"enemies":"Jaw Worm","floor":3,"turns":2},{"damage":0,"enemies":"3 Louse","floor":5,"turns":2},{"damage":0,"enemies":"Looter","floor":6,"turns":1},{"damage":4,"enemies":"Lagavulin","floor":11,"turns":3},{"damage":2,"enemies":"Gremlin Gang","floor":12,"turns":3},{"damage":0,"enemies":"3 Sentries","floor":13,"turns":5},{"damage":4,"enemies":"Hexaghost","floor":16,"turns":5},{"damage":9,"enemies":"ruina:Nosferatu","floor":18,"turns":3},{"damage":0,"enemies":"ruina:3_Bats","floor":21,"turns":3},{"damage":0,"enemies":"ruina:KnightOfDespair","floor":27,"turns":2},{"damage":0,"enemies":"ruina:ServantOfWrath","floor":28,"turns":4},{"damage":0,"enemies":"ruina:3_Scarecrows","floor":30,"turns":3},{"damage":9,"enemies":"ruina:Mountain","floor":31,"turns":6},{"damage":6,"enemies":"ruina:Red_and_Wolf","floor":33,"turns":6},{"damage":0,"enemies":"Orb Walker","floor":35,"turns":2},{"damage":0,"enemies":"3 Shapes","floor":36,"turns":3},{"damage":3,"enemies":"3 Darklings","floor":37,"turns":3},{"damage":8,"enemies":"4 Shapes","floor":39,"turns":3},{"damage":0,"enemies":"Spire Growth","floor":41,"turns":3},{"damage":12,"enemies":"Maw","floor":42,"turns":4},{"damage":0,"enemies":"4 Shapes","floor":45,"turns":4},{"damage":11,"enemies":"Giant Head","floor":47,"turns":4},{"damage":0,"enemies":"Mind Bloom Boss Battle","floor":48,"turns":2},{"damage":4,"enemies":"Time Eater","floor":50,"turns":4},{"damage":0,"enemies":"Shield and Spear","floor":54,"turns":3},{"damage":57,"enemies":"The Heart","floor":55,"turns":5}],"seed_played":"-165041130788142514","potions_obtained":[{"floor":2,"key":"SpeedPotion"},{"floor":5,"key":"Strength Potion"},{"floor":6,"key":"Ancient Potion"},{"floor":13,"key":"LiquidBronze"},{"floor":35,"key":"SkillPotion"},{"floor":36,"key":"Ancient Potion"}],"is_trial":false,"path_per_floor":["M","M","M","?","M","M","?","R","T","R","E","M","E","?","R","B",null,"M","?","?","M","$","R","?","R","T","M","E","$","M","E","R","B",null,"M","M","M","$","M","R","M","M","T","?","M","$","E","?","R","B",null,"R","$","E","B",null],"character_chosen":"Librarian","items_purchased":["PageOfThreeBirds","ChiWen","PageOfWizard"],"campfire_rested":0,"item_purchase_floors":[22,29,38],"current_hp_per_floor":[60,54,52,41,41,41,63,63,63,63,62,60,60,60,60,62,90,81,81,81,84,84,84,83,83,83,83,83,83,83,77,77,78,83,83,83,83,83,79,79,82,74,74,74,78,78,74,78,78,83,83,83,83,83,74],"gold":139,"neow_bonus":"ONE_RANDOM_RARE_CARD","is_daily":false,"chose_seed":false,"campfire_upgraded":8,"win_rate":0.0,"timestamp":1614228838,"path_taken":["M","?","M","?","M","M","?","R","T","R","E","?","E","?","R","BOSS","M","?","?","?","$","R","?","R","T","M","E","$","M","E","R","BOSS","M","M","M","$","M","R","?","M","T","?","M","?","E","?","R","BOSS","R","$","E","BOSS"],"items_purchased_type":["Relic","Card","Relic"],"build_version":"2020-12-22","purchased_purges":2,"victory":true,"max_hp_per_floor":[90,90,90,90,90,90,90,90,90,90,90,90,90,90,90,90,90,90,90,90,90,90,90,83,83,83,83,83,83,83,83,83,83,83,83,83,83,83,83,83,83,83,83,83,83,83,83,83,83,83,83,83,83,83,83],"card_choices":[{"not_picked":["GreatSerpentsImpact","Riposte","ExtractFuel","Reload","BiAn","HandleRequest","DefenseOrder","SetFire"],"picked":"Parry2","floor":1},{"not_picked":["Disposal","PinpointShot","Gamble","ClassAndRespect","EnergyCycle","PreemptiveStrike","Parry","SpearedSweep"],"picked":"TendonChords","floor":2},{"not_picked":["Outburst","StrongStrike","JiaoTu","Tailoring","BulkyImpact","BiXi","GutHarvesting","DirtyBlow"],"picked":"Parry2","floor":3},{"not_picked":["FleetFootsteps","ViolentFlame","FlyingSword","Pound","MultiHit","SmokingPipe","SnakesPrey","EnergyStrike","Standoff"],"picked":"SKIP","floor":5},{"not_picked":["RhinoRam","AssaultOrder","SerpentSwordTechnique","SnakeSlit","GuardingStance","AsThePrescriptOrders","FleetEdge","KeepItFresh"],"picked":"SunsetBlade","floor":6},{"not_picked":["EnergyConversion","Pound","DirtyBlow","EnergyCycle","EnergyShield","SharpNails","FleetFootsteps","WildCard"],"picked":"BackAttack","floor":11},{"not_picked":["Leap_lor","IdentifyWeakpoint","CoordinatedAssault","SuppressingShot","UpbeatPerformance","JiaoTu","GroundSmash","PreparedMind"],"picked":"AbsorbImpact","floor":12},{"not_picked":["SnakeSlit","AGoldenOpportunity","StructuralAnalysis","CoordinatedAssault","YoureTooSlow","MultiHit","CircusKnives","Tailoring","Leap_lor"],"picked":"SKIP","floor":13},{"not_picked":["GreatSerpentsImpact","SuppressingShot+1","TrimTheIngredients","NightInTheBackstreets+1","QuickSuppression","DesperateStruggle","FleetFootsteps","Marionette+1"],"picked":"ICanCookAnything","floor":18},{"not_picked":["Unlock1","FaintMemories+1","Decapitation","TendonChords","StrikeDown","FervidEmotions","Reload+1","GuidanceOfTheGears"],"picked":"FlowOfTheSword+1","floor":21},{"not_picked":["ruina:GoldRush","ruina:CobaltScar","ruina:Smile","ruina:Lumber","ruina:LoveAndHate","ruina:Harvest","ruina:FadedMemories","ruina:Mimicry"],"picked":"ruina:HomingInstinct","floor":24},{"not_picked":["RapidGashes","DarkCloud+1","DefenseOrder","WillOfThePrescript+1","TraceOfFumes+1","SuanNi","Quickness","Multislash"],"picked":"Preparation+1","floor":27},{"not_picked":["GuidanceOfTheGears","UpbeatPerformance","Retaliate","PreparedMind+1","SerpentSwordTechnique","Track","Rewind","BackstreetsDash","GuardingStance"],"picked":"SKIP","floor":28},{"not_picked":["FrontalAssault","GuidanceOfTheGears+1","Eradication","EnergyCycle+1","CutIn","BiAn","SkitterAway","SparkingSpear+1"],"picked":"TheRedNotes+1","floor":30},{"not_picked":["PuppetBlockade+1","RushDown","LawAndOrder+1","SturdyDefense","StrongStrike","DefenseOrder","Preparation+1","UpbeatPerformance"],"picked":"UnforgettableMelody","floor":31},{"not_picked":["Eradication","WillProduceFineSilk"],"picked":"SilentNight","floor":33},{"not_picked":["VioletBlade","WillBeTasty","Tailoring+1","ICanCookAnything","MultiHit","TheRedNotes+1","Parry2","GreatSerpentsImpact"],"picked":"ViolentFlame+1","floor":35},{"not_picked":["UpbeatPerformance","TimeForALittleTest+1","Gigigig+1","SmokingPipe+1","Transpierce","GuidanceOfTheGears","PinpointShot+1","Parry2"],"picked":"BackAttack","floor":36},{"not_picked":["ViolentFlame","SuppressingShot+1","FrontalAssault","InkOver","StructuralAnalysis+1","MindCrush","DriedUp","GreatSerpentsImpact+1","StrongStrike+1"],"picked":"SKIP","floor":37},{"not_picked":["SmokingPipe+1","Mutilate","Thrust","ClassAndRespect","Leap_lor+1","MirageStorm","Reload+1","Quickness+1","MindPrepared"],"picked":"SKIP","floor":39},{"not_picked":["QuickSuppression","KeepItFresh","SerpentSwordTechnique","UndertakePrescript","BurningFlash+1","FierceCharge","SmokingPipe","SinglePointStab","SuppressingShot"],"picked":"SKIP","floor":41},{"not_picked":["Collision","Rewind","SinglePointStab","SmokingPipe+1","SerpentineBarrier","GuidanceOfTheGears+1","Standoff+1","DesperateStruggle"],"picked":"LoosenUp","floor":42},{"not_picked":["SuanNi","DesperateStruggle","BackAttack+1","WillOfThePrescript","CoordinatedAssault","Diversion","Concentration","ReadyUp+1"],"picked":"Faith+1","floor":45},{"not_picked":["BiAn+1","IronWall","BiteOff+1","YourShield+1","RatsGuideToSurvival+1","SunsetBlade","PinpointShot","SavageMode"],"picked":"TrashDisposal","floor":47},{"not_picked":["EndlessBattle","EnergyCycle+1","Multislash","FlashOfSunup+1","MindPrepared","Thirst+1","BindingChains+1","SparkingSpear"],"picked":"Observe","floor":54}],"player_experience":361454,"relics_obtained":[{"floor":11,"key":"PageOfScorchedGirl"},{"floor":13,"key":"PageOfApocalypseBird"},{"floor":26,"key":"PageOfBigBird"},{"floor":28,"key":"Guardian:PocketSentry"},{"floor":31,"key":"Whetstone"},{"floor":43,"key":"Smiling Mask"},{"floor":47,"key":"PageOfScarecrow"},{"floor":48,"key":"PageOfFairyFestival"},{"floor":54,"key":"PageOfSpiderBud"}],"event_choices":[{"damage_healed":0,"gold_gain":75,"player_choice":"Gold","damage_taken":11,"max_hp_gain":0,"max_hp_loss":0,"event_name":"betterThird:BetterGoop","floor":4,"gold_loss":0},{"damage_healed":22,"gold_gain":0,"player_choice":"Healed","damage_taken":0,"max_hp_gain":0,"max_hp_loss":0,"event_name":"The Cleric","floor":7,"gold_loss":35},{"damage_healed":0,"gold_gain":0,"player_choice":"Grow","damage_taken":0,"max_hp_gain":0,"max_hp_loss":0,"event_name":"Living Wall","floor":14,"gold_loss":0,"cards_upgraded":["BackAttack"]},{"damage_healed":0,"gold_gain":0,"cards_transformed":["DegradedFairy"],"player_choice":"Transformed","damage_taken":0,"max_hp_gain":0,"max_hp_loss":0,"event_name":"Transmorgrifier","floor":44,"gold_loss":0,"cards_obtained":["Laceration"]},{"damage_healed":0,"gold_gain":0,"player_choice":"Fight","damage_taken":0,"max_hp_gain":0,"max_hp_loss":0,"event_name":"MindBloom","floor":48,"gold_loss":0}],"is_beta":false,"boss_relics":[{"not_picked":["Cursed Key","Runic Dome"],"picked":"Coffee Dripper"},{"not_picked":["Runic Pyramid","Busted Crown"],"picked":"PageOfBlackSwan"}],"items_purged_floors":[22,46],"is_endless":false,"potions_floor_spawned":[2,5,6,13,27,28,31,35,36,42,47,48],"ascension_level":0}}