{"host":"gzz35fplm60aw28t","time":1614265818,"event":{"mods":["AchievementEnabler","BaseMod","Colored Powertips","DeckTracker","Minty Spire (QoL Compilation)","SuperFastMode"],"gold_per_floor":[111,128,37,37,49,76,76,105,105,15,15,27,27,55,55,159,159,173,353,365,375,385,385,411,411,489,503,521,535,560,573,573,669,669,687,687,3,18,18,18,46,65,65,90,90,108,18,68,68,68,68,68,9,40,40,40],"floor_reached":55,"language":"ENG","playtime":2739,"items_purged":["Strike_P"],"score":912,"play_id":"52b2b859-0a69-4729-acc5-dca8bf45b6dd","local_time":"20210225161018","is_ascension_mode":false,"campfire_choices":[{"data":"TalkToTheHand","floor":7.0,"key":"SMITH"},{"data":"SandsOfTime","floor":11.0,"key":"SMITH"},{"data":"Tantrum","floor":13.0,"key":"SMITH"},{"floor":15.0,"key":"REST"},{"data":"Vigilance","floor":23.0,"key":"SMITH"},{"floor":25.0,"key":"REST"},{"data":"Eruption","floor":32.0,"key":"SMITH"},{"floor":40.0,"key":"RECALL"},{"data":"WheelKick","floor":49.0,"key":"SMITH"},{"data":"DeusExMachina","floor":52.0,"key":"SMITH"}],"circlet_count":0,"master_deck":["Strike_P+1","Strike_P","Strike_P+1","Defend_P","Defend_P","Eruption+1","Vigilance+1","Tantrum+1","BowlingBash+1","WheelKick+1","TalkToTheHand+1","Consecrate","SandsOfTime+1","LikeWater+1","FearNoEvil","CutThroughFate","DeusExMachina+1","CurseOfTheBell","CutThroughFate","Panacea+1","Evaluate+1","PathToVictory+1","Meditate+1","Perseverance+1","Halt+1","Sanctity+1","Swivel+1","Vault+1","LikeWater+1","Rebound+1","LikeWater+1","Evaluate+1","Impatience+1","Backflip+1","Wallop","Inflame+1"],"relics":["PureWater","Pen Nib","Frozen Egg 2","Boot","HornCleat","The Courier","Juzu Bracelet","Calling Bell","Orichalcum","Toxic Egg 2","Du-Vu Doll","Vajra","Mercury Hourglass","Strawberry","Sozu","Whetstone","Bag of Preparation","Meat on the Bone","PrismaticShard","Blood Vial","Darkstone Periapt","Potion Belt","Gambling Chip","Sundial"],"acts_visited":["Exordium","TheCity","TheBeyond","TheEnding"],"potions_floor_usage":[],"damage_taken":[{"damage":1.0,"enemies":"2 Louse","floor":1.0,"turns":4.0},{"damage":1.0,"enemies":"Jaw Worm","floor":2.0,"turns":3.0},{"damage":0.0,"enemies":"Cultist","floor":5.0,"turns":2.0},{"damage":26.0,"enemies":"Lagavulin","floor":6.0,"turns":3.0},{"damage":0.0,"enemies":"Gremlin Nob","floor":8.0,"turns":2.0},{"damage":8.0,"enemies":"Red Slaver","floor":12.0,"turns":3.0},{"damage":0.0,"enemies":"Lagavulin","floor":14.0,"turns":4.0},{"damage":1.0,"enemies":"Hexaghost","floor":16.0,"turns":7.0},{"damage":0.0,"enemies":"3 Byrds","floor":18.0,"turns":3.0},{"damage":7.0,"enemies":"Shell Parasite","floor":20.0,"turns":4.0},{"damage":14.0,"enemies":"Snake Plant","floor":21.0,"turns":5.0},{"damage":2.0,"enemies":"Centurion and Healer","floor":22.0,"turns":3.0},{"damage":9.0,"enemies":"Slavers","floor":24.0,"turns":4.0},{"damage":0.0,"enemies":"Snecko","floor":27.0,"turns":2.0},{"damage":6.0,"enemies":"Shelled Parasite and Fungi","floor":28.0,"turns":3.0},{"damage":5.0,"enemies":"Cultist and Chosen","floor":29.0,"turns":5.0},{"damage":7.0,"enemies":"Book of Stabbing","floor":30.0,"turns":4.0},{"damage":0.0,"enemies":"3 Cultists","floor":31.0,"turns":4.0},{"damage":7.0,"enemies":"Collector","floor":33.0,"turns":8.0},{"damage":1.0,"enemies":"Orb Walker","floor":35.0,"turns":4.0},{"damage":0.0,"enemies":"3 Darklings","floor":38.0,"turns":2.0},{"damage":21.0,"enemies":"Reptomancer","floor":41.0,"turns":6.0},{"damage":5.0,"enemies":"Spire Growth","floor":42.0,"turns":3.0},{"damage":0.0,"enemies":"Giant Head","floor":44.0,"turns":6.0},{"damage":5.0,"enemies":"4 Shapes","floor":46.0,"turns":4.0},{"damage":5.0,"enemies":"2 Orb Walkers","floor":48.0,"turns":5.0},{"damage":0.0,"enemies":"Time Eater","floor":50.0,"turns":10.0},{"damage":54.0,"enemies":"Shield and Spear","floor":54.0,"turns":4.0},{"damage":41,"enemies":"The Heart","floor":55,"turns":4}],"seed_played":"-4891985889479711711","potions_obtained":[{"floor":5.0,"key":"LiquidMemories"},{"floor":6.0,"key":"FearPotion"},{"floor":8.0,"key":"CultistPotion"},{"floor":12.0,"key":"Block Potion"},{"floor":20.0,"key":"LiquidMemories"},{"floor":21.0,"key":"ColorlessPotion"},{"floor":29.0,"key":"SpeedPotion"},{"floor":31.0,"key":"BlessingOfTheForge"}],"is_trial":false,"path_per_floor":["M","M","$","?","M","E","R","E","T","$","R","M","R","E","R","B",null,"M","?","M","M","M","R","E","R","T","M","M","M","E","M","R","B",null,"M","?","$","M","T","R","E","M","T","E","?","M","?","?","R","B",null,"R","$","E","B"],"character_chosen":"WATCHER","items_purchased":["WheelKick","Energy Potion","LikeWater+1","FearNoEvil","LikeWater+1","Whetstone","Bag of Preparation","Meat on the Bone","PrismaticShard","Wallop"],"campfire_rested":2,"item_purchase_floors":[3,3,10,10,37,37,37,37,37,53],"current_hp_per_floor":[71,70,70,67,67,41,41,41,41,41,41,33,33,33,54,53,72,72,47,40,26,24,24,15,36,36,36,30,25,25,25,25,18,79,78,78,78,78,78,78,57,54,54,56,56,53,53,50,50,52,79,79,79,37,0,0],"gold":40,"neow_bonus":"RANDOM_COMMON_RELIC","is_daily":false,"chose_seed":false,"campfire_upgraded":7,"win_rate":0.0,"timestamp":1614265818,"path_taken":["M","M","$","?","M","E","R","E","T","?","R","M","R","E","R","BOSS","M","?","M","M","M","R","E","R","T","M","M","M","E","M","R","BOSS","M","?","$","M","?","R","E","M","T","E","?","M","?","?","R","BOSS","R","$","E","BOSS"],"items_purchased_type":["Card","Potion","Card","Card","Card","Relic","Relic","Relic","Relic","Card"],"build_version":"2020-12-22","purchased_purges":1,"victory":false,"max_hp_per_floor":[72,72,72,72,72,72,72,72,72,72,72,72,72,72,72,72,72,72,72,72,72,72,72,72,72,72,72,72,72,79,79,79,79,79,79,79,79,79,79,79,79,79,79,79,79,79,79,79,79,79,79,79,79,79,79,79],"card_choices":[{"not_picked":["EmptyBody","CrushJoints"],"picked":"Tantrum","floor":1.0},{"not_picked":["Meditate","Crescendo"],"picked":"BowlingBash","floor":2.0},{"not_picked":["ConjureBlade","SignatureMove"],"picked":"TalkToTheHand","floor":5.0},{"not_picked":["Crescendo","Nirvana+1"],"picked":"Consecrate","floor":6.0},{"not_picked":["DeceiveReality","Sanctity"],"picked":"SandsOfTime","floor":8.0},{"not_picked":["Pray","Nirvana+1","Vengeance"],"picked":"SKIP","floor":12.0},{"not_picked":["SashWhip","Consecrate"],"picked":"CutThroughFate","floor":14.0},{"not_picked":["MasterReality+1","Omniscience"],"picked":"DeusExMachina","floor":16.0},{"not_picked":["CarveReality","Consecrate+1"],"picked":"CutThroughFate","floor":18.0},{"not_picked":["JustLucky","SashWhip"],"picked":"Evaluate+1","floor":20.0},{"not_picked":["DeceiveReality+1","Consecrate"],"picked":"PathToVictory+1","floor":21.0},{"not_picked":["Crescendo+1","Protect+1","Tantrum"],"picked":"SKIP","floor":22.0},{"not_picked":["BowlingBash+1","Crescendo+1"],"picked":"Meditate+1","floor":24.0},{"not_picked":["FollowUp+1","Blasphemy+1"],"picked":"Perseverance+1","floor":27.0},{"not_picked":["DeceiveReality+1","Perseverance+1"],"picked":"Halt+1","floor":28.0},{"not_picked":["EmptyBody+1","FearNoEvil"],"picked":"Sanctity+1","floor":29.0},{"not_picked":["PathToVictory+1","Vault+1"],"picked":"Swivel+1","floor":30.0},{"not_picked":["Tantrum","EmptyFist","EmptyBody+1"],"picked":"SKIP","floor":31.0},{"not_picked":["MasterReality+1","Judgement+1"],"picked":"Vault+1","floor":33.0},{"not_picked":["CutThroughFate","Worship+1","Crescendo+1"],"picked":"SKIP","floor":35.0},{"not_picked":["Vengeance+1","Dodge and Roll+1"],"picked":"Rebound+1","floor":38.0},{"not_picked":["Reinforced Body+1","Static Discharge+1","Chill+1"],"picked":"SKIP","floor":41.0},{"not_picked":["Infernal Blade+1","Weave+1"],"picked":"LikeWater+1","floor":42.0},{"not_picked":["Impervious+1","Crescendo+1"],"picked":"Evaluate+1","floor":44.0},{"not_picked":["Sword Boomerang","Predator"],"picked":"Impatience+1","floor":46.0},{"not_picked":["Uppercut","Dropkick"],"picked":"Backflip+1","floor":48.0},{"not_picked":["Discovery+1","Pommel Strike"],"picked":"Inflame+1","floor":54.0}],"player_experience":57363,"relics_obtained":[{"floor":6.0,"key":"Boot"},{"floor":8.0,"key":"HornCleat"},{"floor":9.0,"key":"The Courier"},{"floor":14.0,"key":"Juzu Bracelet"},{"floor":17.0,"key":"Orichalcum"},{"floor":17.0,"key":"Toxic Egg 2"},{"floor":17.0,"key":"Du-Vu Doll"},{"floor":24.0,"key":"Vajra"},{"floor":26.0,"key":"Mercury Hourglass"},{"floor":30.0,"key":"Strawberry"},{"floor":41.0,"key":"Blood Vial"},{"floor":43.0,"key":"Darkstone Periapt"},{"floor":44.0,"key":"Potion Belt"},{"floor":48.0,"key":"Gambling Chip"},{"floor":54.0,"key":"Sundial"}],"event_choices":[{"damage_healed":0.0,"max_hp_gain":0.0,"max_hp_loss":0.0,"gold_gain":0.0,"event_name":"Scrap Ooze","player_choice":"Success","floor":4.0,"gold_loss":0.0,"damage_taken":3.0,"relics_obtained":["Frozen Egg 2"]},{"damage_healed":0.0,"max_hp_gain":0.0,"max_hp_loss":0.0,"gold_gain":180.0,"event_name":"Knowing Skull","player_choice":"GOLD CARD GOLD ","floor":19.0,"potions_obtained":[],"gold_loss":0.0,"damage_taken":25.0,"cards_obtained":["Panacea"]},{"damage_healed":0.0,"max_hp_gain":0.0,"max_hp_loss":0.0,"gold_gain":0.0,"event_name":"Tomb of Lord Red Mask","player_choice":"Ignored","floor":36.0,"gold_loss":0.0,"damage_taken":0.0},{"cards_removed":["Defend_P"],"damage_healed":0.0,"max_hp_gain":0.0,"max_hp_loss":0.0,"gold_gain":0.0,"event_name":"Falling","player_choice":"Removed Skill","floor":45.0,"gold_loss":0.0,"damage_taken":0.0},{"cards_removed":["Defend_P"],"damage_healed":0.0,"max_hp_gain":0.0,"max_hp_loss":0.0,"gold_gain":0.0,"event_name":"Designer","player_choice":"Upgrade and Remove","floor":47.0,"gold_loss":90.0,"damage_taken":0.0,"cards_upgraded":["Strike_P"]},{"damage_healed":0.0,"max_hp_gain":0.0,"max_hp_loss":0.0,"gold_gain":0.0,"event_name":"Mysterious Sphere","player_choice":"Fight","floor":48.0,"gold_loss":0.0,"damage_taken":0.0}],"is_beta":false,"boss_relics":[{"not_picked":["Velvet Choker","Pandora\u0027s Box"],"picked":"Calling Bell"},{"not_picked":["Fusion Hammer","Runic Dome"],"picked":"Sozu"}],"items_purged_floors":[37],"is_endless":false,"potions_floor_spawned":[5,6,8,12,20,21,22,29,31,38,41,54],"killed_by":"The Heart","ascension_level":0}}