{"host":"61r95uy0hn86b9iu","time":1614213892,"event":{"mods":["AchievementEnabler","BaseMod","Better Vampires","BetterRewards","Colored Powertips","Hubris","Minty Spire (QoL Compilation)","Shop Mod","StSLib"],"gold_per_floor":[109,3,153,171,185,185,203,203,251,251,301,317,317,349,349,420,420,433,39,39,89,4,4,34,34,80,80,97,111,128,128,128,128,128],"floor_reached":33,"language":"ENG","playtime":756,"items_purged":[],"score":757,"play_id":"0b7af8a4-147b-4b5d-a913-b484830f875f","local_time":"20210224184452","is_ascension_mode":true,"campfire_choices":[{"floor":6.0,"key":"REST"},{"data":"Tempest","floor":8.0,"key":"SMITH"},{"floor":13.0,"key":"REST"},{"data":"Dramatic Entrance","floor":15.0,"key":"SMITH"},{"floor":23.0,"key":"REST"},{"floor":27.0,"key":"REST"},{"floor":32,"key":"REST"}],"circlet_count":0,"master_deck":["AscendersBane","Strike_B","Strike_B","Strike_B","Strike_B","Defend_B","Defend_B+1","Defend_B","Defend_B","Zap","Dualcast+1","Capacitor","Tempest+1","Dramatic Entrance+1","FTL","Doom and Gloom","Loop","Creative AI","Static Discharge","BootSequence","Conserve Battery","Barrage","Rainbow","Glacier"],"relics":["Cracked Core","Runic Capacitor","PreservedInsect","Mercury Hourglass","Akabeko","hubris:BallOfYels","Bottled Flame","SacredBark","Bottled Tornado","War Paint","Vajra","Strawberry"],"acts_visited":["Exordium","TheCity"],"potions_floor_usage":[30],"damage_taken":[{"damage":7.0,"enemies":"Jaw Worm","floor":1.0,"turns":3.0},{"damage":0.0,"enemies":"2 Louse","floor":4.0,"turns":1.0},{"damage":0.0,"enemies":"Cultist","floor":5.0,"turns":2.0},{"damage":1.0,"enemies":"Looter","floor":7.0,"turns":2.0},{"damage":0.0,"enemies":"Exordium Thugs","floor":12.0,"turns":2.0},{"damage":0.0,"enemies":"3 Sentries","floor":14.0,"turns":2.0},{"damage":22.0,"enemies":"The Guardian","floor":16.0,"turns":8.0},{"damage":33.0,"enemies":"Chosen","floor":18.0,"turns":4.0},{"damage":59.0,"enemies":"Book of Stabbing","floor":24.0,"turns":5.0},{"damage":12.0,"enemies":"3 Byrds","floor":28.0,"turns":3.0},{"damage":0.0,"enemies":"3 Cultists","floor":29.0,"turns":3.0},{"damage":28,"enemies":"Cultist and Chosen","floor":30,"turns":5},{"damage":58,"enemies":"Champ","floor":33,"turns":12}],"seed_played":"2135504321270759739","potions_obtained":[{"floor":1.0,"key":"LiquidMemories"},{"floor":5.0,"key":"Weak Potion"},{"floor":7.0,"key":"Regen Potion"},{"floor":29.0,"key":"CultistPotion"}],"is_trial":false,"path_per_floor":["M","$","?","M","M","R","M","R","T","?","?","M","R","E","R","B",null,"M","$","$","T","$","R","E","?","T","R","M","M","M","$","R","B"],"character_chosen":"DEFECT","items_purchased":["Runic Capacitor","PreservedInsect","Mercury Hourglass","Tempest","Dramatic Entrance","Static Discharge","Bottled Tornado","BootSequence","Conserve Battery","Barrage"],"campfire_rested":5,"item_purchase_floors":[0,0,0,0,2,19,19,19,22,22],"current_hp_per_floor":[43,43,43,43,43,64,63,63,63,56,56,56,71,71,71,49,66,33,33,33,33,33,54,29,29,36,59,47,47,19,19,42,0,0],"gold":128,"neow_bonus":"","is_daily":false,"chose_seed":false,"campfire_upgraded":2,"win_rate":0.0,"timestamp":1614213892,"path_taken":["M","$","?","M","M","R","M","R","T","?","?","M","R","E","R","BOSS","M","?","$","?","?","R","E","?","T","R","M","M","?","$","R","BOSS"],"items_purchased_type":["Relic","Relic","Relic","Card","Card","Card","Relic","Card","Card","Card"],"build_version":"2020-12-22","purchased_purges":0,"victory":false,"max_hp_per_floor":[71,71,71,71,71,71,71,71,71,71,71,71,71,71,71,71,71,71,71,71,71,71,71,71,71,78,78,78,78,78,78,78,78,78],"card_choices":[{"not_picked":["Beam Cell","Stack","Cold Snap"],"picked":"SKIP","floor":1.0},{"not_picked":["Skim","BootSequence"],"picked":"FTL","floor":4.0},{"not_picked":["Stack","Streamline"],"picked":"Doom and Gloom","floor":5.0},{"not_picked":["Hologram","Redo","Gash"],"picked":"SKIP","floor":7.0},{"not_picked":["Cold Snap","Heatsinks"],"picked":"Loop","floor":12.0},{"not_picked":["Compile Driver","Ball Lightning","Cold Snap"],"picked":"SKIP","floor":14.0},{"not_picked":["Seek","Meteor Strike"],"picked":"Creative AI","floor":16.0},{"not_picked":["Stack","Doom and Gloom","Hologram"],"picked":"SKIP","floor":18.0},{"not_picked":["Stack","Go for the Eyes+1","All For One"],"picked":"SKIP","floor":24.0},{"not_picked":["Gash","Redo","Doom and Gloom"],"picked":"SKIP","floor":28.0},{"not_picked":["Turbo","Reprogram"],"picked":"Glacier","floor":29.0},{"not_picked":["BootSequence+1","Barrage+1","Streamline+1"],"picked":"SKIP","floor":30}],"player_experience":3398209,"relics_obtained":[{"floor":9.0,"key":"hubris:BallOfYels"},{"floor":14.0,"key":"Bottled Flame"},{"floor":21.0,"key":"War Paint"},{"floor":24.0,"key":"Vajra"},{"floor":26.0,"key":"Strawberry"}],"event_choices":[{"damage_healed":0.0,"max_hp_gain":0.0,"max_hp_loss":0.0,"gold_gain":150.0,"event_name":"Liars Game","player_choice":"AGREE","floor":3.0,"gold_loss":0.0,"damage_taken":0.0,"cards_obtained":["Doubt"]},{"cards_removed":["Doubt"],"damage_healed":0.0,"max_hp_gain":0.0,"max_hp_loss":0.0,"gold_gain":0.0,"event_name":"Golden Wing","player_choice":"Card Removal","floor":10.0,"gold_loss":0.0,"damage_taken":7.0},{"damage_healed":0.0,"max_hp_gain":0.0,"max_hp_loss":0.0,"gold_gain":50.0,"event_name":"Golden Shrine","player_choice":"Pray","floor":11.0,"gold_loss":0.0,"damage_taken":0.0},{"damage_healed":0.0,"max_hp_gain":0.0,"max_hp_loss":0.0,"gold_gain":0.0,"event_name":"Match and Keep!","player_choice":"1 cards matched","floor":25.0,"gold_loss":0.0,"damage_taken":0.0,"cards_obtained":["Rainbow"]}],"is_beta":false,"boss_relics":[{"not_picked":["Velvet Choker","Ectoplasm"],"picked":"SacredBark"}],"items_purged_floors":[],"is_endless":false,"potions_floor_spawned":[1,5,7,12,29],"killed_by":"Champ","ascension_level":19}}