{"host":"5jyeqch4fosnsiz2","time":1614295170,"event":{"mods":["BaseMod","Bestiary","Colored Map","Colored Powertips","Filter the Spire","Minty Spire (QoL Compilation)","Relic Stats","StSLib","Waifu the Spire","Yuri Mod","ojb\u0027s Better Paths Mod","ojb\u0027s Info Mod"],"gold_per_floor":[112,127,146,146,157,183,183,11,85,85,85],"floor_reached":10,"language":"ENG","playtime":437,"items_purged":[],"score":68,"play_id":"eb7127e0-e987-4f0f-bfe5-5c8ea8805642","local_time":"20210225181930","is_ascension_mode":false,"campfire_choices":[{"data":"yuri:yuriDefend","floor":7,"key":"SMITH"}],"circlet_count":0,"master_deck":["yuri:yuriStrike","yuri:yuriStrike","yuri:yuriStrike","yuri:yuriStrike","yuri:yuriStrike","yuri:yuriDefend","yuri:yuriDefend+1","yuri:yuriDefend","yuri:yuriDefend","yuri:yuriDefend","yuri:Oolong","yuri:yuriStab","yuri:GlitchRemove","yuri:CorruptHitbox","yuri:InduceGlitch","yuri:TeaSet","yuri:ChibiInvasion","yuri:yuriQuickStrike"],"relics":["yuri:yuriKnife","FaceOfCleric","Peace Pipe","yuri:GlassOfWine","White Beast Statue"],"acts_visited":["Exordium"],"potions_floor_usage":[],"damage_taken":[{"damage":2,"enemies":"Small Slimes","floor":1,"turns":3},{"damage":12,"enemies":"Cultist","floor":2,"turns":7},{"damage":11,"enemies":"Jaw Worm","floor":3,"turns":4},{"damage":32,"enemies":"Large Slime","floor":5,"turns":8},{"damage":19,"enemies":"Gremlin Nob","floor":6,"turns":5},{"damage":26,"enemies":"Lagavulin","floor":10,"turns":7}],"seed_played":"-7042753091396057374","potions_obtained":[{"floor":3,"key":"Ancient Potion"},{"floor":5,"key":"SpeedPotion"}],"is_trial":false,"path_per_floor":["M","M","M","?","M","E","R","$","T","E"],"character_chosen":"YURI","items_purchased":["yuri:GlassOfWine","yuri:yuriQuickStrike"],"campfire_rested":0,"item_purchase_floors":[8,8],"current_hp_per_floor":[78,70,63,63,36,22,22,22,22,0,0],"gold":85,"neow_bonus":"ONE_RANDOM_RARE_CARD","is_daily":false,"chose_seed":false,"campfire_upgraded":1,"win_rate":0.0,"timestamp":1614295170,"path_taken":["M","M","M","?","?","E","R","$","T","E"],"items_purchased_type":["Relic","Card"],"build_version":"2020-12-22","purchased_purges":0,"victory":false,"max_hp_per_floor":[80,80,80,80,81,82,82,82,82,82,82],"relic_stats":{"Peace Pipe":0,"FaceOfCleric":2,"counters":[6,33],"obtain_stats":[{"Peace Pipe":6,"FaceOfCleric":4,"yuri:yuriKnife":0,"White Beast Statue":9,"yuri:GlassOfWine":8},{"Peace Pipe":5,"FaceOfCleric":3,"yuri:yuriKnife":0,"White Beast Statue":5,"yuri:GlassOfWine":5},{"Peace Pipe":27,"FaceOfCleric":14,"yuri:yuriKnife":0,"White Beast Statue":27,"yuri:GlassOfWine":27}]},"card_choices":[{"not_picked":["yuri:yuriHeavyStrike","yuri:TeaSet"],"picked":"yuri:CorruptHitbox","floor":1},{"not_picked":["yuri:CalmingAura","yuri:yuriQuickStrike"],"picked":"yuri:InduceGlitch","floor":2},{"not_picked":["yuri:Stare","yuri:MPose"],"picked":"yuri:TeaSet","floor":3},{"not_picked":["yuri:yuriQuickStrike","yuri:RecklessStrike","yuri:UnstableStrike"],"picked":"SKIP","floor":5},{"not_picked":["yuri:Stalk","yuri:RecklessStrike"],"picked":"yuri:ChibiInvasion","floor":6}],"player_experience":427297,"relics_obtained":[{"floor":6,"key":"Peace Pipe"},{"floor":9,"key":"White Beast Statue"}],"event_choices":[{"damage_healed":0,"gold_gain":0,"player_choice":"Trade","damage_taken":0,"relics_obtained":["FaceOfCleric"],"max_hp_gain":0,"max_hp_loss":0,"event_name":"FaceTrader","floor":4,"gold_loss":0}],"is_beta":false,"boss_relics":[],"items_purged_floors":[],"is_endless":false,"potions_floor_spawned":[3,5],"killed_by":"Lagavulin","ascension_level":0}}