{"host":"f7jml7vkwn3tj7tu","time":1614225984,"event":{"mods":["BaseMod","Block Reminder","Minty Spire (QoL Compilation)","Relic Stats","Slay-I"],"gold_per_floor":[362,380,393,81,81,81,256,256,305,332,359,374,374,410,410,515,515,525,450,450,499,96,96,96,136,136,136,161,196,212,312,312,425,425,448,382,399,35,51,83,83,183,183,213,140,140,175,194,194,194,194,194,40,65,65,65],"floor_reached":55,"language":"ENG","playtime":37839,"items_purged":["Strike_B","Strike_B"],"score":992,"play_id":"a58635a8-a74a-489f-a231-8982ba086866","local_time":"20210224230624","is_ascension_mode":true,"campfire_choices":[{"data":"Dramatic Entrance","floor":6.0,"key":"SMITH"},{"floor":8.0,"key":"REST"},{"data":"White Noise","floor":13.0,"key":"SMITH"},{"floor":15.0,"key":"REST"},{"data":"Conserve Battery","floor":23.0,"key":"SMITH"},{"floor":27.0,"key":"REST"},{"data":"BootSequence","floor":32.0,"key":"SMITH"},{"data":"Blizzard","floor":41.0,"key":"SMITH"},{"floor":46.0,"key":"RECALL"},{"floor":49,"key":"REST"},{"data":"Echo Form","floor":52,"key":"SMITH"}],"circlet_count":0,"master_deck":["Strike_B","Strike_B","Defend_B+1","Defend_B","Defend_B","Zap+1","Dualcast","Chill","Ball Lightning","BootSequence+1","Dramatic Entrance+1","Doubt","White Noise+1","Ball Lightning","Conserve Battery+1","Echo Form+1","Coolheaded+1","Self Repair+1","Glacier+1","Thunder Strike","Chill+1","Capacitor","Blizzard+1","Defragment+1","Buffer"],"relics":["Cracked Core","Medical Kit","Vajra","Blood Vial","Pen Nib","CeramicFish","Velvet Choker","Pocketwatch","Bronze Scales","Oddly Smooth Stone","TheAbacus","Toxic Egg 2","Orichalcum","Letter Opener","TungstenRod","Thread and Needle","Question Card","SlaversCollar","Unceasing Top","Lantern","Shuriken","PreservedInsect","Kunai","War Paint","Nunchaku"],"acts_visited":["Exordium","TheCity","TheBeyond","TheEnding"],"potions_floor_usage":[47,47,47],"damage_taken":[{"damage":7.0,"enemies":"2 Louse","floor":1.0,"turns":2.0},{"damage":5.0,"enemies":"Jaw Worm","floor":2.0,"turns":4.0},{"damage":8.0,"enemies":"Small Slimes","floor":3.0,"turns":3.0},{"damage":10.0,"enemies":"3 Sentries","floor":11.0,"turns":6.0},{"damage":0.0,"enemies":"2 Fungi Beasts","floor":12.0,"turns":1.0},{"damage":16.0,"enemies":"Lagavulin","floor":14.0,"turns":7.0},{"damage":29.0,"enemies":"Hexaghost","floor":16.0,"turns":9.0},{"damage":19.0,"enemies":"Spheric Guardian","floor":18.0,"turns":4.0},{"damage":27.0,"enemies":"Gremlin Leader","floor":25.0,"turns":6.0},{"damage":11.0,"enemies":"2 Thieves","floor":28.0,"turns":3.0},{"damage":41.0,"enemies":"Book of Stabbing","floor":29.0,"turns":6.0},{"damage":9.0,"enemies":"Centurion and Healer","floor":30.0,"turns":7.0},{"damage":0.0,"enemies":"Colosseum Slavers","floor":31.0,"turns":4.0},{"damage":20.0,"enemies":"Colosseum Nobs","floor":31.0,"turns":4.0},{"damage":17.0,"enemies":"Champ","floor":33.0,"turns":19.0},{"damage":21.0,"enemies":"3 Darklings","floor":35.0,"turns":3.0},{"damage":0.0,"enemies":"3 Shapes","floor":37.0,"turns":3.0},{"damage":10.0,"enemies":"Transient","floor":39.0,"turns":5.0},{"damage":41.0,"enemies":"Reptomancer","floor":40.0,"turns":8.0},{"damage":16.0,"enemies":"Giant Head","floor":44.0,"turns":10.0},{"damage":26,"enemies":"Nemesis","floor":47,"turns":5},{"damage":18,"enemies":"3 Darklings","floor":48,"turns":3},{"damage":0,"enemies":"Donu and Deca","floor":50,"turns":8},{"damage":59,"enemies":"Shield and Spear","floor":54,"turns":6},{"damage":31,"enemies":"The Heart","floor":55,"turns":2}],"seed_played":"-1490966805848512213","potions_obtained":[{"floor":2.0,"key":"Swift Potion"},{"floor":3.0,"key":"CultistPotion"},{"floor":18.0,"key":"FocusPotion"},{"floor":30.0,"key":"Fire Potion"},{"floor":33.0,"key":"Energy Potion"},{"floor":35.0,"key":"EntropicBrew"},{"floor":44.0,"key":"Explosive Potion"}],"is_trial":false,"path_per_floor":["M","M","M","$","?","R","?","R","T","T","E","M","R","E","R","B",null,"M","?","?","T","$","R","T","E","T","R","M","E","M","?","R","B",null,"M","$","M","$","M","E","R","?","T","E","$","R","E","M","R","B",null,"R","$","E","B"],"character_chosen":"DEFECT","items_purchased":["Medical Kit","Dramatic Entrance","Oddly Smooth Stone","TheAbacus","Capacitor","Blizzard","Unceasing Top","DuplicationPotion","War Paint"],"campfire_rested":4,"item_purchase_floors":[4,4,22,22,36,38,38,45,53],"current_hp_per_floor":[47,42,34,34,22,22,22,44,44,44,36,38,38,24,46,19,75,56,56,56,56,56,56,56,31,31,53,44,25,28,52,52,47,75,64,64,75,75,75,44,44,44,44,40,40,40,26,10,32,34,75,75,75,26,0,0],"gold":65,"neow_bonus":"TWO_FIFTY_GOLD","is_daily":false,"chose_seed":false,"campfire_upgraded":6,"win_rate":0.0,"timestamp":1614225984,"path_taken":["M","M","M","$","?","R","?","R","T","?","E","M","R","E","R","BOSS","M","?","?","?","$","R","?","E","T","R","M","E","M","?","R","BOSS","M","$","M","$","M","E","R","?","T","E","?","R","E","M","R","BOSS","R","$","E","BOSS"],"items_purchased_type":["Relic","Card","Relic","Relic","Card","Card","Relic","Potion","Relic"],"build_version":"2020-12-22","purchased_purges":2,"victory":false,"max_hp_per_floor":[75,75,75,75,75,75,75,75,75,75,75,75,75,75,75,75,75,75,75,75,75,75,75,75,75,75,75,75,75,75,75,75,75,75,75,75,75,75,75,75,75,75,75,75,75,75,75,75,75,75,75,75,75,75,75,75],"relic_stats":{"counters":[25,138],"CeramicFish":99,"Pen Nib":[17],"PreservedInsect":115,"Letter Opener":[253],"Orichalcum":[42],"War Paint":["Defend_B","Zap"],"Medical Kit":[24],"Question Card":9,"Blood Vial":34,"Nunchaku":[0],"TheAbacus":[168],"Shuriken":[3],"Bronze Scales":[308],"Kunai":[1],"obtain_stats":[{"Lantern":40,"CeramicFish":14,"Vajra":5,"Blood Vial":10,"Nunchaku":54,"TheAbacus":22,"Kunai":47,"Toxic Egg 2":24,"Cracked Core":0,"Velvet Choker":17,"Oddly Smooth Stone":22,"Thread and Needle":31,"Pen Nib":11,"PreservedInsect":44,"Letter Opener":26,"Orichalcum":25,"War Paint":53,"Medical Kit":4,"Question Card":31,"SlaversCollar":34,"Shuriken":43,"Bronze Scales":21,"TungstenRod":29,"Unceasing Top":38,"Pocketwatch":20},{"Lantern":19,"CeramicFish":6,"Vajra":3,"Blood Vial":3,"Nunchaku":24,"TheAbacus":8,"Kunai":21,"Toxic Egg 2":8,"Cracked Core":0,"Velvet Choker":7,"Oddly Smooth Stone":8,"Thread and Needle":14,"Pen Nib":4,"PreservedInsect":20,"Letter Opener":9,"Orichalcum":9,"War Paint":23,"Medical Kit":3,"Question Card":14,"SlaversCollar":15,"Shuriken":19,"Bronze Scales":8,"TungstenRod":11,"Unceasing Top":17,"Pocketwatch":8},{"Lantern":104,"CeramicFish":23,"Vajra":9,"Blood Vial":9,"Nunchaku":136,"TheAbacus":36,"Kunai":119,"Toxic Egg 2":36,"Cracked Core":0,"Velvet Choker":32,"Oddly Smooth Stone":36,"Thread and Needle":66,"Pen Nib":15,"PreservedInsect":114,"Letter Opener":42,"Orichalcum":42,"War Paint":130,"Medical Kit":9,"Question Card":66,"SlaversCollar":85,"Shuriken":104,"Bronze Scales":36,"TungstenRod":51,"Unceasing Top":91,"Pocketwatch":36}],"TungstenRod":31,"Unceasing Top":[19],"Pocketwatch":[27]},"card_choices":[{"not_picked":["Cold Snap","Stack"],"picked":"Chill","floor":1.0},{"not_picked":["Steam","Rebound"],"picked":"Ball Lightning","floor":2.0},{"not_picked":["Stack","Leap"],"picked":"BootSequence","floor":3.0},{"not_picked":["Beam Cell","Creative AI"],"picked":"White Noise","floor":11.0},{"not_picked":["Turbo","Barrage"],"picked":"Ball Lightning","floor":12.0},{"not_picked":["Chaos","Barrage"],"picked":"Conserve Battery","floor":14.0},{"not_picked":["Thunder Strike","Creative AI"],"picked":"Echo Form","floor":16.0},{"not_picked":["Cold Snap","Sweeping Beam","Beam Cell+1"],"picked":"SKIP","floor":18.0},{"not_picked":["Sweeping Beam","Aggregate+1"],"picked":"Coolheaded+1","floor":25.0},{"not_picked":["Doom and Gloom","Cold Snap"],"picked":"Self Repair+1","floor":28.0},{"not_picked":["Static Discharge","Melter"],"picked":"Glacier+1","floor":29.0},{"not_picked":["Rebound+1","Compile Driver+1","Loop"],"picked":"SKIP","floor":30.0},{"not_picked":["Echo Form","Core Surge","Hyperbeam"],"picked":"Thunder Strike","floor":33.0},{"not_picked":["Steam+1","Hello World+1","Genetic Algorithm+1"],"picked":"Chill+1","floor":35.0},{"not_picked":["Hologram+1","Fusion+1","Turbo+1","Conserve Battery+1"],"picked":"SKIP","floor":37.0},{"not_picked":["Sweeping Beam+1","Coolheaded+1","Stack+1","Rebound"],"picked":"SKIP","floor":39.0},{"not_picked":["Genetic Algorithm+1","Leap+1","Coolheaded+1","Compile Driver+1"],"picked":"SKIP","floor":40.0},{"not_picked":["Hologram+1","FTL","Conserve Battery+1","Chaos+1"],"picked":"SKIP","floor":44.0},{"not_picked":["Barrage","Blizzard","Rebound"],"picked":"Defragment+1","floor":47},{"not_picked":["Conserve Battery+1","Storm+1","Ball Lightning+1"],"picked":"Buffer","floor":48},{"not_picked":["Melter","Compile Driver","Recycle+1","Fusion+1"],"picked":"SKIP","floor":54}],"player_experience":631040,"relics_obtained":[{"floor":10.0,"key":"Blood Vial"},{"floor":11.0,"key":"Pen Nib"},{"floor":14.0,"key":"CeramicFish"},{"floor":21.0,"key":"Bronze Scales"},{"floor":24.0,"key":"Toxic Egg 2"},{"floor":25.0,"key":"Orichalcum"},{"floor":26.0,"key":"Letter Opener"},{"floor":29.0,"key":"TungstenRod"},{"floor":31.0,"key":"Thread and Needle"},{"floor":31.0,"key":"Question Card"},{"floor":40.0,"key":"Lantern"},{"floor":43.0,"key":"Shuriken"},{"floor":44.0,"key":"PreservedInsect"},{"floor":47,"key":"Kunai"},{"floor":54,"key":"Nunchaku"}],"event_choices":[{"damage_healed":0.0,"max_hp_gain":0.0,"max_hp_loss":0.0,"gold_gain":0.0,"event_name":"Scrap Ooze","player_choice":"Success","floor":5.0,"gold_loss":0.0,"damage_taken":12.0,"relics_obtained":["Vajra"]},{"damage_healed":0.0,"max_hp_gain":0.0,"max_hp_loss":0.0,"gold_gain":175.0,"event_name":"Liars Game","player_choice":"AGREE","floor":7.0,"gold_loss":0.0,"damage_taken":0.0,"cards_obtained":["Doubt"]},{"cards_removed":["Defend_B"],"damage_healed":0.0,"max_hp_gain":0.0,"max_hp_loss":0.0,"gold_gain":0.0,"event_name":"Beggar","player_choice":"Gave Gold","floor":19.0,"gold_loss":75.0,"damage_taken":0.0},{"damage_healed":0.0,"max_hp_gain":0.0,"max_hp_loss":0.0,"gold_gain":0.0,"event_name":"The Mausoleum","player_choice":"Opened","floor":20.0,"gold_loss":0.0,"damage_taken":0.0,"relics_obtained":["Pocketwatch"]},{"damage_healed":0.0,"max_hp_gain":0.0,"max_hp_loss":0.0,"gold_gain":0.0,"event_name":"Colosseum","player_choice":"Fight","floor":31.0,"gold_loss":0.0,"damage_taken":0.0},{"damage_healed":0.0,"max_hp_gain":0.0,"max_hp_loss":0.0,"gold_gain":0.0,"event_name":"Colosseum","player_choice":"Fought Nobs","floor":31.0,"gold_loss":0.0,"damage_taken":0.0},{"damage_healed":0.0,"max_hp_gain":0.0,"max_hp_loss":0.0,"gold_gain":100.0,"event_name":"Golden Shrine","player_choice":"Pray","floor":42.0,"gold_loss":0.0,"damage_taken":0.0}],"is_beta":false,"boss_relics":[{"not_picked":["Sozu","Runic Pyramid"],"picked":"Velvet Choker"},{"not_picked":["Pandora\u0027s Box","Busted Crown"],"picked":"SlaversCollar"}],"items_purged_floors":[4,22],"is_endless":false,"potions_floor_spawned":[2,3,18,30,33,35,44],"killed_by":"The Heart","ascension_level":3}}