{"host":"dkr0dog13pegamnp","time":1614239470,"event":{"mods":["AchievementEnabler","BaseMod","Minty Spire (QoL Compilation)","Rare Cards Sparkle","StSLib","SuperFastMode","everything is the same but u backflip on backflip"],"gold_per_floor":[110,120,132,144,69,69,103,115,115,115,140,152,180,23,23,98,98,118,134,151,162,93,93,127,127,127,144,161,161,211,230,230,305,305,318,338,350,363,363,392,156,168,241,258,258,91,91,91],"floor_reached":47,"language":"KOR","playtime":1387,"items_purged":["Strike_G","Strike_G","Strike_G","Strike_G"],"score":898,"play_id":"25f73d86-8761-4154-a61a-89aa9624ece4","local_time":"20210225165110","is_ascension_mode":true,"campfire_choices":[{"data":"Crippling Poison","floor":6.0,"key":"SMITH"},{"data":"Bouncing Flask","floor":10.0,"key":"SMITH"},{"floor":15.0,"key":"REST"},{"data":"Catalyst","floor":23.0,"key":"SMITH"},{"data":"Noxious Fumes","floor":25.0,"key":"SMITH"},{"data":"Malaise","floor":29.0,"key":"SMITH"},{"data":"After Image","floor":32.0,"key":"SMITH"},{"data":"Footwork","floor":45,"key":"SMITH"}],"circlet_count":0,"master_deck":["AscendersBane","Strike_G","Defend_G","Defend_G","Defend_G","Defend_G","Defend_G","Survivor","Neutralize","Crippling Poison+1","Outmaneuver","Bouncing Flask+1","Escape Plan","Catalyst+1","PiercingWail","Malaise+1","Acrobatics","Noxious Fumes+1","After Image+1","Escape Plan","Burst","Footwork+1","Backflip","Crippling Poison+1","Blur"],"relics":["Ring of the Snake","Snake Skull","Bronze Scales","Bottled Lightning","TungstenRod","Letter Opener","Membership Card","Runic Pyramid","Unceasing Top","Gremlin Horn","Toy Ornithopter","Coffee Dripper","Kunai","Gambling Chip","OrangePellets"],"acts_visited":["Exordium","TheCity","TheBeyond"],"potions_floor_usage":[44,47],"damage_taken":[{"damage":5.0,"enemies":"Cultist","floor":1.0,"turns":6.0},{"damage":1.0,"enemies":"Jaw Worm","floor":2.0,"turns":4.0},{"damage":0.0,"enemies":"2 Louse","floor":3.0,"turns":4.0},{"damage":4.0,"enemies":"Exordium Wildlife","floor":4.0,"turns":4.0},{"damage":10.0,"enemies":"Lagavulin","floor":7.0,"turns":6.0},{"damage":5.0,"enemies":"Gremlin Gang","floor":8.0,"turns":2.0},{"damage":4.0,"enemies":"Gremlin Nob","floor":11.0,"turns":3.0},{"damage":0.0,"enemies":"Blue Slaver","floor":12.0,"turns":3.0},{"damage":27.0,"enemies":"3 Sentries","floor":13.0,"turns":7.0},{"damage":18.0,"enemies":"The Guardian","floor":16.0,"turns":7.0},{"damage":0.0,"enemies":"3 Byrds","floor":18.0,"turns":3.0},{"damage":0.0,"enemies":"Chosen","floor":19.0,"turns":4.0},{"damage":0.0,"enemies":"Sentry and Sphere","floor":20.0,"turns":4.0},{"damage":8.0,"enemies":"Centurion and Healer","floor":21.0,"turns":6.0},{"damage":1.0,"enemies":"Gremlin Leader","floor":24.0,"turns":4.0},{"damage":0.0,"enemies":"Snake Plant","floor":27.0,"turns":3.0},{"damage":5.0,"enemies":"Shelled Parasite and Fungi","floor":28.0,"turns":4.0},{"damage":3.0,"enemies":"Snecko","floor":31.0,"turns":3.0},{"damage":21.0,"enemies":"Collector","floor":33.0,"turns":8.0},{"damage":1.0,"enemies":"3 Darklings","floor":35.0,"turns":4.0},{"damage":0.0,"enemies":"3 Shapes","floor":36.0,"turns":3.0},{"damage":17.0,"enemies":"Transient","floor":37.0,"turns":5.0},{"damage":0.0,"enemies":"Sphere and 2 Shapes","floor":38.0,"turns":4.0},{"damage":7.0,"enemies":"Giant Head","floor":40.0,"turns":8.0},{"damage":19,"enemies":"Jaw Worm Horde","floor":42,"turns":5},{"damage":7,"enemies":"4 Shapes","floor":44,"turns":3},{"damage":24,"enemies":"Writhing Mass","floor":47,"turns":2}],"seed_played":"3046351985912647568","potions_obtained":[{"floor":2.0,"key":"Poison Potion"},{"floor":7.0,"key":"SteroidPotion"},{"floor":12.0,"key":"SteroidPotion"},{"floor":13.0,"key":"LiquidMemories"},{"floor":18.0,"key":"Poison Potion"},{"floor":19.0,"key":"Block Potion"},{"floor":31.0,"key":"SpeedPotion"},{"floor":35.0,"key":"EssenceOfSteel"},{"floor":38.0,"key":"FearPotion"},{"floor":40.0,"key":"Poison Potion"},{"floor":42,"key":"PowerPotion"}],"is_trial":false,"path_per_floor":["M","M","M","M","$","R","E","M","T","R","E","M","E","$","R","B",null,"M","M","M","M","$","R","E","R","T","M","M","R","T","M","R","B",null,"M","M","M","M","?","E","$","M","T","M","R","$","M"],"character_chosen":"THE_SILENT","items_purchased":["Membership Card","Noxious Fumes","Gambling Chip","Backflip","OrangePellets","Blur"],"campfire_rested":1,"item_purchase_floors":[14,22,41,41,46,46],"current_hp_per_floor":[54,53,53,49,49,49,39,34,34,34,30,30,3,3,22,4,51,51,51,51,43,43,43,42,42,42,42,37,37,37,34,34,18,54,53,53,36,36,36,34,34,15,15,13,13,13,0,0],"gold":91,"neow_bonus":"RANDOM_COMMON_RELIC","is_daily":false,"chose_seed":false,"campfire_upgraded":7,"win_rate":0.0,"timestamp":1614239470,"path_taken":["M","M","M","M","$","R","E","?","T","R","E","M","E","$","R","BOSS","M","M","M","M","$","R","E","R","T","M","M","R","?","M","R","BOSS","M","M","?","?","?","E","?","M","T","M","R","$","M"],"items_purchased_type":["Relic","Card","Relic","Card","Relic","Card"],"build_version":"2020-12-22","purchased_purges":4,"victory":false,"max_hp_per_floor":[66,66,66,66,66,66,66,66,66,66,66,66,66,66,66,66,66,66,66,66,66,66,66,66,66,66,66,66,66,66,66,66,66,66,66,66,66,66,66,66,66,66,66,66,66,66,66,66],"card_choices":[{"not_picked":["Blade Dance","Bouncing Flask"],"picked":"Crippling Poison","floor":1.0},{"not_picked":["Bane","Deflect"],"picked":"Outmaneuver","floor":2.0},{"not_picked":["Leg Sweep","Dagger Throw"],"picked":"Bouncing Flask","floor":3.0},{"not_picked":["Bane","Poisoned Stab"],"picked":"Escape Plan","floor":4.0},{"not_picked":["Deflect","Flying Knee","Dodge and Roll"],"picked":"SKIP","floor":7.0},{"not_picked":["Dagger Spray","Flechettes","Skewer"],"picked":"SKIP","floor":8.0},{"not_picked":["Accuracy","Bane","Flechettes"],"picked":"SKIP","floor":11.0},{"not_picked":["Cloak And Dagger","Masterful Stab"],"picked":"Catalyst","floor":12.0},{"not_picked":["Tools of the Trade","Accuracy"],"picked":"PiercingWail","floor":13.0},{"not_picked":["Die Die Die","Bullet Time"],"picked":"Malaise","floor":16.0},{"not_picked":["Dagger Throw","Bouncing Flask","PiercingWail"],"picked":"SKIP","floor":18.0},{"not_picked":["Infinite Blades","Deflect+1","Caltrops"],"picked":"SKIP","floor":19.0},{"not_picked":["Sucker Punch","Dagger Throw","Skewer"],"picked":"SKIP","floor":20.0},{"not_picked":["Bane","Quick Slash"],"picked":"Acrobatics","floor":21.0},{"not_picked":["Terror","Crippling Poison","Bane"],"picked":"SKIP","floor":24.0},{"not_picked":["Endless Agony+1","Poisoned Stab"],"picked":"After Image","floor":27.0},{"not_picked":["Flying Knee","Underhanded Strike","Acrobatics"],"picked":"SKIP","floor":28.0},{"not_picked":["Flying Knee","Underhanded Strike","Acrobatics"],"picked":"SKIP","floor":28.0},{"not_picked":["Blade Dance","Reflex"],"picked":"Escape Plan","floor":31.0},{"not_picked":["Night Terror","After Image"],"picked":"Burst","floor":33.0},{"not_picked":["Backstab","Blade Dance+1","PiercingWail+1"],"picked":"SKIP","floor":35.0},{"not_picked":["All Out Attack","Reflex"],"picked":"Footwork","floor":36.0},{"not_picked":["Reflex","Prepared","Dodge and Roll"],"picked":"SKIP","floor":37.0},{"not_picked":["Eviscerate+1","Bouncing Flask","Setup"],"picked":"SKIP","floor":38.0},{"not_picked":["PiercingWail","Blade Dance+1","Slice+1"],"picked":"SKIP","floor":40.0},{"not_picked":["Backflip","Choke"],"picked":"Crippling Poison+1","floor":42},{"not_picked":["Deadly Poison","Noxious Fumes","Poisoned Stab"],"picked":"SKIP","floor":44}],"player_experience":109576,"relics_obtained":[{"floor":7.0,"key":"Bronze Scales"},{"floor":9.0,"key":"Bottled Lightning"},{"floor":11.0,"key":"TungstenRod"},{"floor":13.0,"key":"Letter Opener"},{"floor":24.0,"key":"Unceasing Top"},{"floor":26.0,"key":"Gremlin Horn"},{"floor":30.0,"key":"Toy Ornithopter"},{"floor":40.0,"key":"Kunai"}],"event_choices":[{"damage_healed":0.0,"max_hp_gain":0.0,"max_hp_loss":0.0,"gold_gain":0.0,"event_name":"The Woman in Blue","player_choice":"Bought 0 Potions","floor":39.0,"gold_loss":0.0,"damage_taken":0.0}],"is_beta":false,"boss_relics":[{"not_picked":["Ectoplasm","Pandora\u0027s Box"],"picked":"Runic Pyramid"},{"not_picked":["Cursed Key","Snecko Eye"],"picked":"Coffee Dripper"}],"items_purged_floors":[5,22,41,46],"is_endless":false,"potions_floor_spawned":[2,7,12,13,18,19,31,35,38,40,42],"killed_by":"Writhing Mass","ascension_level":14}}