{"host":"l8lm1goh5xm9tkuw","time":1614251651,"event":{"mods":["Act Like it!","Alarm Clock","Astrologer","BaseMod","Colored Map","Colored Powertips","Hermit","KomeijiMod","Library of Ruina","Library of Ruina Extra","Lobotomy","LobotomyExtend","Marisa£®ÏF”Í°°ƒß¿Ì…≥£©","Minty Spire (QoL Compilation)","MostiFishMod","Quick Restart","Replay The Spire","Ruina","StSLib","TestMod","The Bug Knight","The Hierophant","UnlockEverythingMod","°æ“≈ŒÔø®≈∆°øREMEMod"],"gold_per_floor":[116,128,278,75,91,120,120,155,179,197,222,222,232,249,249,328,328,341,139,156,50,50,50,81,91,91,108,133,149,169,203,203,277,277,288,304,62,78,16,68,68,68,114,159,159,71,71,100,100,122,137,156,156,156,36,84,21],"floor_reached":58,"language":"ZHS","playtime":2548,"items_purged":["Doubt","LightAttack","LightAttack","FocusedStrikes","PreparedMind"],"score":3234,"play_id":"9b894a94-862e-4319-99e4-2dcc8337a825","local_time":"20210225191411","is_ascension_mode":true,"campfire_choices":[{"data":"ExtractFuel","floor":7.0,"key":"SMITH"},{"floor":15.0,"key":"REST"},{"data":"BattleCommand","floor":23.0,"key":"SMITH"},{"floor":32,"key":"REST"},{"floor":42,"key":"RECALL"},{"data":"GrazeTheGrass","floor":45,"key":"SMITH"},{"data":"GrazeTheGrass","floor":49,"key":"SMITH"},{"data":"DriedUp","floor":54,"key":"SMITH"}],"circlet_count":0,"master_deck":["AscendersBane","AbsorbImpact","GrazeTheGrass","ExtractFuel+1","BattleCommand+1","DevastatingThrash","Fence","CrackOfDawn","CoordinatedAssault+1","ruina:Lumber+1","QuickSuppression","DriedUp+1","EnergyConversion","Unlock1","SuanNi","Disposal","MostiFishMod:StoryBook","MostiFishMod:StoryBook","GrazeTheGrass+1","BladeWhirl","GrazeTheGrass+1","Multislash+1","UnforgettableMelody"],"relics":["PageOfLibrarian","DaveBox","testmod-TestBox","REME_ComplimentaryCards","testmod-D®¶j®§vu","Membership Card","SynthV:TestCard","testmod-Brilliant","Pen Nib","Blood Vial","Blue Doll","Oddly Smooth Stone","testmod-Temperance","PageOfSnowWhitesApple","ShirouKen","Blue Candle","PageOfJudgementBird","testmod-InjuryResistance","testmod-DeterminationOfClimber","PageOfGalaxyChild","Toxic Egg 2","PageOfBloodbath","REME_LimitBreaker","testmod-LifeArmor","PageOfSingingMachine","testmod-OneHitWonder"],"acts_visited":["Exordium","ruina:Briah","TheBeyond","TheEnding"],"potions_floor_usage":[],"damage_taken":[{"damage":0.0,"enemies":"Jaw Worm","floor":1.0,"turns":3.0},{"damage":9.0,"enemies":"Small Slimes","floor":2.0,"turns":3.0},{"damage":6.0,"enemies":"Cultist","floor":5.0,"turns":3.0},{"damage":25.0,"enemies":"Gremlin Nob","floor":6.0,"turns":4.0},{"damage":8.0,"enemies":"Lagavulin","floor":8.0,"turns":5.0},{"damage":0.0,"enemies":"Gremlin Gang","floor":10.0,"turns":1.0},{"damage":10.0,"enemies":"3 Sentries","floor":11.0,"turns":3.0},{"damage":0.0,"enemies":"Blue Slaver","floor":13.0,"turns":3.0},{"damage":0.0,"enemies":"Looter","floor":14.0,"turns":3.0},{"damage":12.0,"enemies":"Hexaghost","floor":16.0,"turns":10.0},{"damage":0.0,"enemies":"ruina:2_Scarecrows","floor":18.0,"turns":2.0},{"damage":0.0,"enemies":"ruina:3_Bats","floor":20.0,"turns":2.0},{"damage":26.0,"enemies":"ruina:Mountain","floor":24.0,"turns":7.0},{"damage":0.0,"enemies":"ruina:Woodsman","floor":25.0,"turns":3.0},{"damage":0.0,"enemies":"ruina:KnightOfDespair","floor":27.0,"turns":3.0},{"damage":23.0,"enemies":"ruina:RoadHome","floor":28.0,"turns":4.0},{"damage":0.0,"enemies":"ruina:KingOfGreed","floor":29.0,"turns":3.0},{"damage":0.0,"enemies":"ruina:QueenOfHate","floor":30.0,"turns":3.0},{"damage":21,"enemies":"ruina:Mountain","floor":31,"turns":6},{"damage":18,"enemies":"ruina:Red_and_Wolf","floor":33,"turns":6},{"damage":0,"enemies":"3 Shapes","floor":35,"turns":1},{"damage":3,"enemies":"Orb Walker","floor":36,"turns":2},{"damage":0,"enemies":"4 Shapes","floor":38,"turns":1},{"damage":7,"enemies":"R_Hoarder","floor":40,"turns":3},{"damage":11,"enemies":"Nemesis","floor":44,"turns":3},{"damage":7,"enemies":"3 Darklings","floor":48,"turns":1},{"damage":11,"enemies":"Awakened One","floor":50,"turns":3},{"damage":13,"enemies":"Time Eater","floor":51,"turns":2},{"damage":17,"enemies":"Time Eater","floor":52,"turns":1},{"damage":26,"enemies":"Shield and Spear","floor":56,"turns":1},{"damage":43,"enemies":"The Heart","floor":57,"turns":5}],"seed_played":"-5109872797005559124","potions_obtained":[{"floor":1.0,"key":"Ancient Potion"},{"floor":10.0,"key":"Languid Potion"},{"floor":11.0,"key":"BlessingOfTheForge"},{"floor":14.0,"key":"DistilledChaos"},{"floor":24.0,"key":"AttackPotion"},{"floor":33,"key":"ColorlessPotion"}],"is_trial":false,"path_per_floor":["M","M","?","$","M","E","R","E","T","M","E","?","M","M","R","B",null,"M","$","M","$","?","R","E","M","T","M","E","M","M","E","R","B",null,"M","M","$","M","$","E","?","R","T","E","R","$","T","M","R","B","B",null,null,"R","$","E","B",null],"character_chosen":"Librarian","items_purchased":["testmod-Brilliant","PageOfSnowWhitesApple","ruina:Lumber+1","DriedUp","PageOfGalaxyChild","MostiFishMod:StoryBook","PageOfSingingMachine","UnforgettableMelody"],"campfire_rested":2,"item_purchase_floors":[4,19,19,21,37,39,55,55],"current_hp_per_floor":[54,45,45,45,39,16,16,10,10,12,6,6,10,14,35,60,68,70,70,71,71,71,71,47,51,51,55,36,38,40,25,47,33,65,70,76,76,76,76,76,76,76,76,76,76,76,76,83,83,83,82,82,83,83,83,77,67],"gold":21,"neow_bonus":"TRANSFORM_TWO_CARDS","is_daily":false,"chose_seed":false,"campfire_upgraded":5,"win_rate":0.0,"timestamp":1614251651,"path_taken":["M","M","?","$","M","E","R","E","T","M","E","?","?","M","R","BOSS","M","$","?","$","?","R","E","M","T","M","E","M","M","E","R","BOSS","M","?","$","M","$","E","?","R","T","E","R","?","?","M","R","BOSS","BOSS","R","$","E","BOSS"],"items_purchased_type":["Relic","Relic","Card","Card","Relic","Card","Relic","Card"],"build_version":"2020-12-22","purchased_purges":5,"victory":true,"max_hp_per_floor":[65,65,65,65,65,65,65,73,73,71,71,71,71,71,71,71,71,71,71,71,71,71,71,71,71,71,76,76,76,76,76,76,76,76,76,76,76,76,76,76,76,76,76,83,83,83,83,83,83,83,83,83,83,83,83,83,83],"card_choices":[{"not_picked":["TrashDisposal","LossOfSenses","DefenseOrder","Reload","AbsorbImpact","Parry","StructuralAnalysis","WaitUp"],"picked":"GrazeTheGrass","floor":1.0},{"not_picked":["StrongStrike","UpbeatPerformance","SharpSwipe","GreatSerpentsImpact","Parry","BackAttack","Thrust","ChargeUp","Diversion","InhaleSmoke","FlowOfTheSword"],"picked":"SKIP","floor":2.0},{"not_picked":["QuickSuppression","Reload","Cruelty","StrikeDown","TendonChords","HighKick","Unlock1","SnakeSlit","UpbeatPerformance","SunsetBlade"],"picked":"ExtractFuel","floor":5.0},{"not_picked":["AbsorbImpact","Punishment","SnakeSlit","DesperateStruggle","Execute_lor","Wallop_lor","FlowOfTheSword","ExtractFuel","StrikeDown","HeavyPeaks","RatsGuideToSurvival"],"picked":"SKIP","floor":6.0},{"not_picked":["Reload","HiddenBlade","ShrineToMusic","Thrust","IllEndYou","ToWhereThePrescriptPoints","Parry","QuickSuppression","DesperateStruggle","Fence"],"picked":"BattleCommand","floor":8.0},{"not_picked":["FleetFootsteps","PreemptiveStrike","HighKick","Quickness","Parry","ForcefulGesture","UnavoidableGaze","SummaryJudgment","ShockRound","SerpentSwordTechnique","LeRegole"],"picked":"SKIP","floor":10.0},{"not_picked":["SkyClearingCut","Quickness","SnakeSlit","EnergyStrike","DeepDrag","WillOfThePrescript","DesperateStruggle","MindPrepared","ToOvercomeCrisis","BurningFlash"],"picked":"DevastatingThrash","floor":11.0},{"not_picked":["ViolentFlame","SparkingSpear","NightInTheBackstreets","SerpentSwordTechnique","Parry","StrongStrike","EnergyShield","SuppressingShot","HighKick","BackAttack"],"picked":"Fence","floor":13.0},{"not_picked":["HighSpeedStabbing","SerpentSwordTechnique","GuidanceOfTheGears","SunsetBlade","Castigation","BizarreAttack","Pound","EnergyCycle","HandleRequest","BackAttack","BiAn"],"picked":"SKIP","floor":14.0},{"not_picked":["BlazingStrike","MindCrush","ChargeUp","EmotionalTurbulence"],"picked":"CrackOfDawn","floor":16.0},{"not_picked":["Tailoring","TraceOfFumes","Diversion","FlyingSword","SharpSwipe","Marionette","AutonomousRush+1","Leap_lor","FrontalAssault","LossOfSenses+1"],"picked":"CoordinatedAssault+1","floor":18.0},{"not_picked":["SnakesPrey+1","BiteOff","LossOfSenses","InkOver","BackAttack","SpearedSweep","SharpSwipe","StructuralAnalysis","ShockingBlow+1","FlashOfSunup"],"picked":"QuickSuppression","floor":20.0},{"not_picked":["QuickSuppression","SharpSwipe","WrathOfTorment","EnergyStrike","ToWhereThePrescriptPoints","GreatSerpentsImpact","PinpointShot","BiAn","HandleRequest","FleetEdge"],"picked":"EnergyConversion","floor":24.0},{"not_picked":["DarkCloud","HiddenBlade","Diversion","ButterflySlash+1","ChargeUp","ViolentFlame","GatherIntel","WildCard","FlashOfSunup","SunsetBlade"],"picked":"Unlock1","floor":25.0},{"not_picked":["UpbeatPerformance","HighKick","Pound","SnakesPrey+1","Wallop_lor","EndlessBattle","FleetFootsteps","Reload","Faith","GuardingStance","Unlock1"],"picked":"SKIP","floor":27.0},{"not_picked":["NightInTheBackstreets","DesperateStruggle","ElectricShock","Concentration","GuardingStance","Ripple","MultiHit","SharpSwipe","Rewind","InnerArdor"],"picked":"SuanNi","floor":28.0},{"not_picked":["Unlock1","PuppetBlockade","Diversion","HighKick","PinpointShot+1","FendThisOffIfYouCan","SuppressingShot","Wallop_lor","Parry2","UpbeatPerformance"],"picked":"Disposal","floor":29.0},{"not_picked":["FleetFootsteps","GrazeTheGrass","PreemptiveStrike","Parry2+1","YoureAHindrance","FlashingStrike","DefenseOrder","UnavoidableGaze","FendThisOffIfYouCan","OpportunitySpotted","EnergyCycle"],"picked":"SKIP","floor":30.0},{"not_picked":["OpportunitySpotted","ChopItOff","ForTheFamily","MultiHit","Parry+1","Rewind","IngredientHunt","Quickness","Faith","FlamingDragonFist","FervidEmotions"],"picked":"SKIP","floor":31},{"not_picked":["Standoff","GrazeTheGrass+1","Pound","HandleRequest","DarkCloud+1","Unlock1","RatsGuideToSurvival+1","IngredientHunt","Thrust","GuidanceOfTheGears","Feast+1"],"picked":"SKIP","floor":35},{"not_picked":["DarkCloud","EnergyShield","EnergyStrike","PreparedMind","StructuralAnalysis","HiddenBlade","Track","EndlessBattle+1","MultiBlock","TheArtOfRapidSteps","WillOfThePrescript"],"picked":"SKIP","floor":36},{"not_picked":["Preparation","StrongStrike","RapidGashes","ShockingBlow+1","Wallop_lor","ClassAndRespect","DarkCloud","Track","TendonChords","LossOfSenses","SinglePointStab"],"picked":"SKIP","floor":38},{"not_picked":["FierceCharge+1","NightInTheBackstreets","DesperateStruggle+1","Diversion+1","SnakesPrey","DeepDrag+1","BlowItUp","ProselytesBlade","FleetEdge","UnavoidableGaze+1"],"picked":"GrazeTheGrass","floor":40},{"not_picked":["Observe+1","QuickAttack","LossOfSenses","CombatPreparation+1","Overcharge+1","Thrust+1","FormingStorm","Ripple","TrashDisposal","AsThePrescriptOrders+1"],"picked":"GrazeTheGrass","floor":44},{"not_picked":["SearingSword","Thirst","DeepDrag+1","HiddenBlade","PinpointShot","EnergyStrike","MultiHit+1","WillOfThePrescript+1","Punishment","Parry+1"],"picked":"Multislash+1","floor":48},{"not_picked":["Decapitation","Riposte+1","FieryDragonSlash","SweepTheBackstreets","SunsetBlade","SmokingPipe+1","SuppressingShot","YouOnlyLiveOnce","GreatSerpentsImpact","Parry2","Leap_lor+1"],"picked":"SKIP","floor":56}],"player_experience":362451,"relics_obtained":[{"floor":1.0,"key":"SynthV:TestCard"},{"floor":6.0,"key":"Pen Nib"},{"floor":8.0,"key":"Blood Vial"},{"floor":11.0,"key":"Blue Doll"},{"floor":12.0,"key":"Oddly Smooth Stone"},{"floor":24.0,"key":"ShirouKen"},{"floor":26.0,"key":"Blue Candle"},{"floor":28.0,"key":"PageOfJudgementBird"},{"floor":31,"key":"testmod-InjuryResistance"},{"floor":40,"key":"Toxic Egg 2"},{"floor":43,"key":"PageOfBloodbath"},{"floor":44,"key":"REME_LimitBreaker"},{"floor":47,"key":"testmod-LifeArmor"},{"floor":56,"key":"testmod-OneHitWonder"}],"event_choices":[{"damage_healed":0.0,"max_hp_gain":0.0,"max_hp_loss":0.0,"gold_gain":150.0,"event_name":"Liars Game","player_choice":"AGREE","floor":3.0,"gold_loss":0.0,"damage_taken":0.0,"cards_obtained":["Doubt"]},{"damage_healed":0.0,"max_hp_gain":0.0,"max_hp_loss":0.0,"gold_gain":0.0,"event_name":"Wheel of Change","player_choice":"Relic","floor":12.0,"gold_loss":0.0,"damage_taken":0.0},{"damage_healed":0,"gold_gain":0,"player_choice":"1 cards matched","damage_taken":0,"max_hp_gain":0,"max_hp_loss":0,"event_name":"Match and Keep!","floor":41,"gold_loss":0,"cards_obtained":["BladeWhirl"]}],"is_beta":false,"boss_relics":[{"not_picked":["testmod-Recursion","Calling Bell"],"picked":"testmod-Temperance"},{"not_picked":["Busted Crown","GreenFoldingFan"],"picked":"testmod-DeterminationOfClimber"}],"items_purged_floors":[4,19,21,37,46],"is_endless":false,"potions_floor_spawned":[1,10,11,14,16,24,29,33,40,44],"ascension_level":20}}