{"host":"ibckqdmmf9y74ymf","time":1614289597,"event":{"mods":["2.2 Compatiblity","Ascension Unlocker","BaseMod","Colored Map","Curses Come First","Highlight Path","Minty Spire (QoL Compilation)","Quick Restart","Rare Cards Sparkle","Relic Stats","StSLib"],"gold_per_floor":[116,116,126,126,49,49,76,76,76,86,98,115,134,168,180,267,279,302,334,346,283,295,335,347,385,397,409,441,453,465,516,528,613,625,683,695,141,190,245,280,280,293,363,19,19,19,48,48,48,48,48,48,48,48,74,74],"floor_reached":57,"language":"ENG","playtime":2946,"items_purged":["Defend_P"],"score":2937,"play_id":"774a3a72-eec2-4bb7-bd0d-55b3ea02b2c0","local_time":"20210225224637","is_ascension_mode":true,"campfire_choices":[{"data":"Tantrum","floor":6.0,"key":"SMITH"},{"data":"SandsOfTime","floor":8.0,"key":"SMITH"},{"data":"BowlingBash","floor":15.0,"key":"SMITH"},{"data":"Meditate","floor":24.0,"key":"SMITH"},{"floor":27,"key":"REST"},{"floor":30,"key":"REST"},{"data":"Wish","floor":32,"key":"SMITH"},{"data":"Ragnarok","floor":41,"key":"SMITH"},{"floor":45,"key":"REST"},{"floor":49,"key":"RECALL"},{"data":"Wallop","floor":53,"key":"SMITH"}],"circlet_count":0,"master_deck":["AscendersBane","Strike_P","Strike_P","Defend_P","Defend_P","Eruption","Vigilance","Tantrum+1","Meditate+1","SandsOfTime+1","FearNoEvil","BowlingBash+1","CutThroughFate","TalkToTheHand","WheelKick","DeceiveReality","Wish+1","ThirdEye","Worship+1","LikeWater","Halt","Wireheading","Halt","Blasphemy","Vault","Wallop+1","Ragnarok+1","Protect"],"relics":["PureWater","NeowsBlessing","FaceOfCleric","Bronze Scales","MawBank","SlaversCollar","Pocketwatch","Kunai","Gremlin Horn","Snecko Eye","Bag of Marbles","Pen Nib","Melange","Lizard Tail","Yang","Pantograph","Ice Cream","Nunchaku","Art of War"],"acts_visited":["Exordium","TheCity","TheBeyond","TheEnding"],"potions_floor_usage":[33,40,56],"damage_taken":[{"damage":0.0,"enemies":"Jaw Worm","floor":1.0,"turns":1.0},{"damage":0.0,"enemies":"Cultist","floor":3.0,"turns":1.0},{"damage":0.0,"enemies":"Gremlin Nob","floor":7.0,"turns":1.0},{"damage":0.0,"enemies":"Small Slimes","floor":10.0,"turns":2.0},{"damage":1.0,"enemies":"Exordium Thugs","floor":11.0,"turns":3.0},{"damage":9.0,"enemies":"2 Fungi Beasts","floor":12.0,"turns":1.0},{"damage":3.0,"enemies":"3 Louse","floor":13.0,"turns":2.0},{"damage":10.0,"enemies":"3 Sentries","floor":14.0,"turns":4.0},{"damage":0.0,"enemies":"Slime Boss","floor":16.0,"turns":5.0},{"damage":0.0,"enemies":"Chosen","floor":18.0,"turns":3.0},{"damage":11.0,"enemies":"2 Thieves","floor":19.0,"turns":4.0},{"damage":16.0,"enemies":"Slavers","floor":23.0,"turns":4.0},{"damage":25,"enemies":"Gremlin Leader","floor":25,"turns":5},{"damage":22,"enemies":"Sentry and Sphere","floor":28,"turns":3},{"damage":7,"enemies":"Centurion and Healer","floor":31,"turns":5},{"damage":5,"enemies":"Champ","floor":33,"turns":8},{"damage":0,"enemies":"3 Darklings","floor":35,"turns":3},{"damage":2,"enemies":"3 Shapes","floor":38,"turns":4},{"damage":1,"enemies":"Mind Bloom Boss Battle","floor":39,"turns":3},{"damage":41,"enemies":"Nemesis","floor":40,"turns":6},{"damage":5,"enemies":"Sphere and 2 Shapes","floor":42,"turns":3},{"damage":0,"enemies":"Giant Head","floor":47,"turns":2},{"damage":30,"enemies":"Time Eater","floor":50,"turns":5},{"damage":23,"enemies":"Awakened One","floor":51,"turns":8},{"damage":13,"enemies":"Shield and Spear","floor":55,"turns":4},{"damage":93,"enemies":"The Heart","floor":56,"turns":9}],"seed_played":"7370872587724404823","potions_obtained":[{"floor":1.0,"key":"SmokeBomb"},{"floor":2.0,"key":"AttackPotion"},{"floor":2.0,"key":"Ancient Potion"},{"floor":3.0,"key":"Fire Potion"},{"floor":11.0,"key":"PowerPotion"},{"floor":31,"key":"BottledMiracle"},{"floor":33,"key":"Block Potion"},{"floor":38,"key":"PowerPotion"},{"floor":47,"key":"Block Potion"}],"is_trial":false,"path_per_floor":["M","?","M","?","$","R","E","R","T","M","M","M","M","E","R","B",null,"M","M","?","?","?","E","R","E","T","R","M","?","R","M","R","B",null,"M","?","$","M","?","E","R","M","T","$","R","?","E","?","R","B","B",null,"R","$","E","B",null],"character_chosen":"WATCHER","items_purchased":["SandsOfTime","Bag of Marbles","Pen Nib","Melange","Ice Cream"],"campfire_rested":3,"item_purchase_floors":[5,37,37,37,44],"current_hp_per_floor":[61,61,61,61,61,61,62,62,62,63,63,55,53,44,44,45,68,69,59,59,59,59,44,44,20,20,43,22,22,46,40,40,36,71,72,72,72,71,71,31,31,27,27,27,53,53,54,54,54,50,53,78,78,78,66,38],"gold":74,"neow_bonus":"THREE_ENEMY_KILL","is_daily":false,"chose_seed":false,"campfire_upgraded":7,"win_rate":0.0,"timestamp":1614289597,"path_taken":["M","?","?","?","$","R","E","R","T","M","M","M","M","E","R","BOSS","M","M","?","?","?","E","R","E","T","R","?","?","R","M","R","BOSS","M","?","$","M","?","E","R","M","T","?","R","?","E","?","R","BOSS","BOSS","R","$","E","BOSS"],"items_purchased_type":["Card","Relic","Relic","Relic","Relic"],"build_version":"2020-12-22","purchased_purges":1,"victory":true,"max_hp_per_floor":[68,68,68,68,68,68,69,69,69,70,71,72,73,74,74,75,75,76,77,77,77,77,78,78,79,79,79,80,80,80,81,81,82,82,83,83,83,84,85,86,86,87,87,87,87,83,84,84,84,85,86,86,86,86,87,88],"relic_stats":{"Gremlin Horn":[11,11],"counters":[26,99],"Melange":[33],"Yang":[81],"Pen Nib":[10],"MawBank":276,"Lizard Tail":43,"Nunchaku":[6],"FaceOfCleric":24,"Bronze Scales":[272],"Pantograph":71,"Snecko Eye":[90,85,82,95],"Art of War":[2],"Kunai":[28],"obtain_stats":[{"Ice Cream":44,"NeowsBlessing":0,"Gremlin Horn":26,"Melange":37,"Yang":40,"Pen Nib":37,"MawBank":14,"SlaversCollar":17,"Lizard Tail":39,"Nunchaku":47,"FaceOfCleric":4,"Bronze Scales":7,"Pantograph":43,"Snecko Eye":34,"Bag of Marbles":37,"Art of War":55,"Kunai":25,"PureWater":0,"Pocketwatch":23},{"Ice Cream":21,"NeowsBlessing":0,"Gremlin Horn":13,"Melange":17,"Yang":20,"Pen Nib":17,"MawBank":8,"SlaversCollar":9,"Lizard Tail":19,"Nunchaku":22,"FaceOfCleric":2,"Bronze Scales":3,"Pantograph":21,"Snecko Eye":16,"Bag of Marbles":17,"Art of War":25,"Kunai":13,"PureWater":0,"Pocketwatch":12},{"Ice Cream":71,"NeowsBlessing":0,"Gremlin Horn":36,"Melange":55,"Yang":68,"Pen Nib":55,"MawBank":15,"SlaversCollar":20,"Lizard Tail":62,"Nunchaku":73,"FaceOfCleric":2,"Bronze Scales":3,"Pantograph":71,"Snecko Eye":52,"Bag of Marbles":55,"Art of War":90,"Kunai":36,"PureWater":0,"Pocketwatch":31}],"Pocketwatch":[26]},"card_choices":[{"not_picked":["FlurryOfBlows","FlyingSleeves"],"picked":"Tantrum","floor":1.0},{"not_picked":["Nirvana","Protect"],"picked":"Meditate","floor":3.0},{"not_picked":["Consecrate","WindmillStrike"],"picked":"FearNoEvil","floor":7.0},{"not_picked":["Crescendo","CrushJoints"],"picked":"BowlingBash","floor":10.0},{"not_picked":["Crescendo","ClearTheMind"],"picked":"CutThroughFate","floor":11.0},{"not_picked":["Weave","EmptyFist"],"picked":"TalkToTheHand","floor":12.0},{"not_picked":["Protect","EmptyMind"],"picked":"WheelKick","floor":13.0},{"not_picked":["FlyingSleeves","ForeignInfluence"],"picked":"DeceiveReality","floor":14.0},{"not_picked":["LessonLearned","Ragnarok"],"picked":"Wish","floor":16.0},{"not_picked":["InnerPeace","PathToVictory"],"picked":"ThirdEye","floor":18.0},{"not_picked":["Meditate","CutThroughFate"],"picked":"Worship+1","floor":19.0},{"not_picked":["Study","CrushJoints","FollowUp"],"picked":"SKIP","floor":23.0},{"not_picked":["Crescendo","ThirdEye"],"picked":"Wireheading","floor":25},{"not_picked":["BowlingBash","Worship+1"],"picked":"Halt","floor":28},{"not_picked":["LikeWater","Consecrate"],"picked":"Blasphemy","floor":31},{"not_picked":["Blasphemy","SpiritShield"],"picked":"Vault","floor":33},{"not_picked":["Consecrate","SashWhip+1","Meditate"],"picked":"SKIP","floor":35},{"not_picked":["Evaluate","Conclude+1"],"picked":"Wallop","floor":38},{"not_picked":["FlyingSleeves","ThirdEye"],"picked":"Ragnarok","floor":40},{"not_picked":["PathToVictory","CutThroughFate"],"picked":"Protect","floor":42},{"not_picked":["PathToVictory","Tantrum","CrushJoints"],"picked":"SKIP","floor":47},{"not_picked":["JustLucky","Study+1","Crescendo"],"picked":"SKIP","floor":55}],"player_experience":565835,"relics_obtained":[{"floor":7.0,"key":"Bronze Scales"},{"floor":14.0,"key":"MawBank"},{"floor":23.0,"key":"Pocketwatch"},{"floor":25,"key":"Kunai"},{"floor":26,"key":"Gremlin Horn"},{"floor":39,"key":"Lizard Tail"},{"floor":40,"key":"Yang"},{"floor":43,"key":"Pantograph"},{"floor":47,"key":"Nunchaku"},{"floor":55,"key":"Art of War"}],"event_choices":[{"damage_healed":0.0,"max_hp_gain":0.0,"max_hp_loss":0.0,"gold_gain":0.0,"event_name":"Lab","player_choice":"Got Potions","floor":2.0,"gold_loss":0.0,"damage_taken":0.0},{"damage_healed":0.0,"max_hp_gain":0.0,"max_hp_loss":0.0,"gold_gain":0.0,"event_name":"FaceTrader","player_choice":"Trade","floor":4.0,"gold_loss":0.0,"damage_taken":0.0,"relics_obtained":["FaceOfCleric"]},{"damage_healed":0.0,"max_hp_gain":0.0,"max_hp_loss":0.0,"gold_gain":0.0,"event_name":"The Library","player_choice":"Read","floor":20.0,"gold_loss":0.0,"damage_taken":0.0,"cards_obtained":["LikeWater"]},{"cards_removed":["Strike_P"],"damage_healed":0.0,"max_hp_gain":0.0,"max_hp_loss":0.0,"gold_gain":0.0,"event_name":"Beggar","player_choice":"Gave Gold","floor":21.0,"gold_loss":75.0,"damage_taken":0.0},{"damage_healed":0.0,"max_hp_gain":0.0,"max_hp_loss":0.0,"gold_gain":0.0,"cards_transformed":["Defend_P"],"event_name":"Transmorgrifier","player_choice":"Transformed","floor":22.0,"gold_loss":0.0,"damage_taken":0.0,"cards_obtained":["Halt"]},{"damage_healed":0,"gold_gain":0,"player_choice":"Ignored","damage_taken":0,"max_hp_gain":0,"max_hp_loss":0,"event_name":"The Mausoleum","floor":29,"gold_loss":0},{"cards_removed":["Strike_P"],"damage_healed":0,"gold_gain":0,"player_choice":"Removed Attack","damage_taken":0,"max_hp_gain":0,"max_hp_loss":0,"event_name":"Falling","floor":36,"gold_loss":0},{"damage_healed":0,"gold_gain":0,"player_choice":"Fight","damage_taken":0,"max_hp_gain":0,"max_hp_loss":0,"event_name":"MindBloom","floor":39,"gold_loss":0},{"damage_healed":0,"gold_gain":0,"player_choice":"Max HP","damage_taken":0,"max_hp_gain":0,"max_hp_loss":4,"event_name":"Winding Halls","floor":46,"gold_loss":0},{"damage_healed":0,"gold_gain":0,"player_choice":"Memory 1","damage_taken":0,"max_hp_gain":0,"max_hp_loss":0,"event_name":"SensoryStone","floor":48,"gold_loss":0}],"is_beta":false,"boss_relics":[{"not_picked":["Calling Bell","Runic Pyramid"],"picked":"SlaversCollar"},{"not_picked":["Runic Dome","SacredBark"],"picked":"Snecko Eye"}],"items_purged_floors":[37],"is_endless":false,"potions_floor_spawned":[1,3,11,12,16,31,33,35,38,47],"ascension_level":20}}