{"host":"d6l8e539agfqi5o9","time":1614217677,"event":{"mods":["AchievementEnabler","BaseMod","Colored Map","Highlight Path","Minty Spire (QoL Compilation)","StSLib"],"gold_per_floor":[112,128,128,78,94,128,128,160,198,242,95,124,124,141,141,141,141],"floor_reached":16,"language":"ENG","playtime":1798,"items_purged":[],"score":141,"play_id":"82cca3bd-5cc7-43cf-b1e6-a79f8b8bebd3","local_time":"20210224204757","is_ascension_mode":true,"campfire_choices":[{"data":"Armaments","floor":7.0,"key":"SMITH"},{"floor":15.0,"key":"REST"}],"circlet_count":0,"master_deck":["Strike_R","Strike_R","Strike_R","Strike_R","Defend_R","Defend_R","Defend_R","Defend_R","Bash","Iron Wave","True Grit","Rage","Armaments+1","Shrug It Off","Power Through","Feed","Metallicize+1","Spot Weakness"],"relics":["Burning Blood","Nunchaku","MawBank","Juzu Bracelet","Oddly Smooth Stone"],"acts_visited":[],"potions_floor_usage":[16],"damage_taken":[{"damage":4.0,"enemies":"Cultist","floor":1.0,"turns":5.0},{"damage":0.0,"enemies":"Small Slimes","floor":2.0,"turns":3.0},{"damage":0.0,"enemies":"2 Louse","floor":5.0,"turns":4.0},{"damage":34.0,"enemies":"Gremlin Nob","floor":6.0,"turns":6.0},{"damage":11.0,"enemies":"3 Sentries","floor":8.0,"turns":10.0},{"damage":33.0,"enemies":"Lagavulin","floor":10.0,"turns":12.0},{"damage":36.0,"enemies":"3 Sentries","floor":12.0,"turns":17.0},{"damage":16.0,"enemies":"Large Slime","floor":14.0,"turns":20.0},{"damage":62,"enemies":"Slime Boss","floor":16,"turns":11}],"seed_played":"-8675270281948298423","potions_obtained":[{"floor":6.0,"key":"FairyPotion"},{"floor":8.0,"key":"BlessingOfTheForge"},{"floor":10.0,"key":"SpeedPotion"}],"is_trial":false,"path_per_floor":["M","M","?","?","M","E","R","E","T","E","$","E","?","M","R","B"],"character_chosen":"IRONCLAD","items_purchased":["Feed"],"campfire_rested":1,"item_purchase_floors":[11],"current_hp_per_floor":[80,80,85,85,85,57,57,52,52,25,25,31,31,25,52,0,0],"gold":141,"neow_bonus":"TRANSFORM_CARD","is_daily":false,"chose_seed":false,"campfire_upgraded":1,"win_rate":0.0,"timestamp":1614217677,"path_taken":["M","?","?","?","M","E","R","E","T","E","$","E","?","M","R","BOSS"],"items_purchased_type":["Card"],"build_version":"2020-12-22","purchased_purges":0,"victory":false,"max_hp_per_floor":[80,80,85,85,85,85,85,85,85,85,85,88,88,92,92,92,92],"card_choices":[{"not_picked":["Havoc","Warcry"],"picked":"Iron Wave","floor":1.0},{"not_picked":["Body Slam","Reckless Charge"],"picked":"True Grit","floor":2.0},{"not_picked":["Dropkick","Anger"],"picked":"Rage","floor":5.0},{"not_picked":["Blood for Blood","Exhume"],"picked":"Armaments","floor":6.0},{"not_picked":["Infernal Blade","Body Slam"],"picked":"Shrug It Off","floor":8.0},{"not_picked":["Twin Strike","Havoc"],"picked":"Power Through","floor":10.0},{"not_picked":["Twin Strike","Fire Breathing"],"picked":"Metallicize","floor":12.0},{"not_picked":["True Grit","Havoc"],"picked":"Spot Weakness","floor":14.0}],"player_experience":180358,"relics_obtained":[{"floor":6.0,"key":"Nunchaku"},{"floor":8.0,"key":"MawBank"},{"floor":10.0,"key":"Juzu Bracelet"},{"floor":12.0,"key":"Oddly Smooth Stone"}],"event_choices":[{"damage_healed":0.0,"max_hp_gain":5.0,"max_hp_loss":0.0,"gold_gain":0.0,"event_name":"Big Fish","player_choice":"Donut","floor":3.0,"gold_loss":0.0,"damage_taken":0.0},{"cards_removed":["Entrench"],"damage_healed":0.0,"max_hp_gain":0.0,"max_hp_loss":0.0,"gold_gain":0.0,"event_name":"The Cleric","player_choice":"Card Removal","floor":4.0,"gold_loss":50.0,"damage_taken":0.0},{"damage_healed":0.0,"max_hp_gain":0.0,"max_hp_loss":0.0,"gold_gain":0.0,"event_name":"Living Wall","player_choice":"Grow","floor":13.0,"gold_loss":0.0,"damage_taken":0.0,"cards_upgraded":["Metallicize"]}],"is_beta":false,"boss_relics":[],"items_purged_floors":[],"is_endless":false,"potions_floor_spawned":[6,8,10],"killed_by":"Slime Boss","ascension_level":2}}