{"host":"c5j8t0wyh2hvx9ju","time":1614255493,"event":{"mods":["Act Like it!","Astrologer","BaseMod","BetterRewards","Gensokyo","Lobotomy","LobotomyExtend","Minty Spire (QoL Compilation)","Prisma Mod","StSLib"],"gold_per_floor":[113,190,204,222,222,222,242,256,280,297,144,178,178,193,193,296,296,313,333,348,359,359,359,359],"floor_reached":23,"language":"JPN","playtime":1286,"items_purged":["Strike_P"],"score":371,"play_id":"34132b04-8f40-44e6-8d80-e5511c5eb1fb","local_time":"20210225211813","is_ascension_mode":true,"campfire_choices":[{"data":"Eruption","floor":6.0,"key":"SMITH"},{"data":"Adaptation","floor":13,"key":"SMITH"},{"data":"Adaptation","floor":15,"key":"SMITH"}],"circlet_count":0,"master_deck":["Eruption+1","Vigilance","FearNoEvil","SandsOfTime","Indignation","Worship","Evaluate","Adaptation+1","Adaptation+1","CarveReality","DevaForm","DeceiveReality","Pray","Protect","Brilliance","Indignation","DeusExMachina","Meditate","FlurryOfBlows","TalkToTheHand+1"],"relics":["PureWater","Regal Pillow","LetterFromLob","Singing Bowl","Juzu Bracelet","Bag of Preparation","Pandora\u0027s Box"],"acts_visited":["Exordium","TheCity"],"potions_floor_usage":[16,16,23],"damage_taken":[{"damage":0.0,"enemies":"Cultist","floor":1.0,"turns":4.0},{"damage":0.0,"enemies":"Small Slimes","floor":3.0,"turns":2.0},{"damage":5.0,"enemies":"2 Louse","floor":4.0,"turns":3.0},{"damage":10.0,"enemies":"Red Slaver","floor":7.0,"turns":3.0},{"damage":16.0,"enemies":"Looter","floor":8.0,"turns":5.0},{"damage":10.0,"enemies":"Large Slime","floor":10.0,"turns":5.0},{"damage":15,"enemies":"Lagavulin","floor":12,"turns":5},{"damage":1,"enemies":"Red Slaver","floor":14,"turns":3},{"damage":16,"enemies":"The Guardian","floor":16,"turns":10},{"damage":0,"enemies":"Chosen","floor":18,"turns":3},{"damage":11,"enemies":"Shell Parasite","floor":19,"turns":4},{"damage":20,"enemies":"Chosen and Byrds","floor":20,"turns":6},{"damage":21,"enemies":"Snake Plant","floor":21,"turns":4},{"damage":12,"enemies":"Slavers","floor":23,"turns":4}],"seed_played":"-6396935404947238835","potions_obtained":[{"floor":1.0,"key":"SteroidPotion"},{"floor":3.0,"key":"FearPotion"},{"floor":4.0,"key":"StancePotion"},{"floor":10,"key":"Swift Potion"},{"floor":18,"key":"SteroidPotion"},{"floor":21,"key":"SneckoOil"}],"is_trial":false,"path_per_floor":["M","T","M","M","?","R","M","M","T","M","$","E","R","M","R","B",null,"M","M","M","M","?","E"],"character_chosen":"WATCHER","items_purchased":["Regal Pillow","Adaptation"],"campfire_rested":0,"item_purchase_floors":[0,11],"current_hp_per_floor":[72,72,72,67,67,67,59,45,45,35,35,20,20,19,19,3,58,60,49,31,10,10,0,0],"gold":359,"neow_bonus":"","is_daily":false,"chose_seed":false,"campfire_upgraded":3,"win_rate":0.0,"timestamp":1614255493,"path_taken":["M","?","M","M","?","R","M","M","T","M","?","E","R","M","R","BOSS","M","M","M","M","?","E"],"items_purchased_type":["Relic","Card"],"build_version":"2020-12-22","purchased_purges":1,"victory":false,"max_hp_per_floor":[72,72,72,72,72,72,74,76,76,76,76,76,76,76,76,76,76,78,78,80,80,80,80,80],"card_choices":[{"not_picked":["Sanctity","InnerPeace"],"picked":"FearNoEvil","floor":1.0},{"not_picked":["Halt","Prostrate"],"picked":"SandsOfTime","floor":3.0},{"not_picked":["Swivel","WindmillStrike"],"picked":"Indignation","floor":4.0},{"not_picked":["SashWhip","BowlingBash","Wireheading"],"picked":"Singing Bowl","floor":7.0},{"not_picked":["EmptyFist","PathToVictory","DeceiveReality"],"picked":"Singing Bowl","floor":8.0},{"not_picked":["ForeignInfluence","Pray"],"picked":"Evaluate","floor":10},{"not_picked":["Devotion","FlyingSleeves"],"picked":"Adaptation","floor":12},{"not_picked":["SashWhip","EmptyFist"],"picked":"CarveReality","floor":14},{"not_picked":["Blasphemy","MasterReality"],"picked":"DevaForm","floor":16},{"not_picked":["JustLucky","Halt","DeceiveReality"],"picked":"Singing Bowl","floor":18},{"not_picked":["Halt","BowlingBash+1"],"picked":"FlurryOfBlows","floor":19},{"not_picked":["Halt","Crescendo","ConjureBlade"],"picked":"Singing Bowl","floor":20},{"not_picked":["FollowUp","Prostrate+1"],"picked":"TalkToTheHand","floor":21}],"player_experience":901941,"relics_obtained":[{"floor":1.0,"key":"LetterFromLob"},{"floor":2.0,"key":"Singing Bowl"},{"floor":9.0,"key":"Juzu Bracelet"},{"floor":12,"key":"Bag of Preparation"}],"event_choices":[{"damage_healed":0.0,"max_hp_gain":0.0,"max_hp_loss":0.0,"gold_gain":0.0,"event_name":"Match and Keep!","player_choice":"1 cards matched","floor":5.0,"gold_loss":0.0,"damage_taken":0.0,"cards_obtained":["Worship"]},{"damage_healed":0,"gold_gain":0,"player_choice":"Upgraded","damage_taken":0,"max_hp_gain":0,"max_hp_loss":0,"event_name":"Upgrade Shrine","floor":22,"gold_loss":0,"cards_upgraded":["TalkToTheHand"]}],"is_beta":false,"boss_relics":[{"not_picked":["SacredBark","Runic Pyramid"],"picked":"Pandora\u0027s Box"}],"items_purged_floors":[11],"is_endless":false,"potions_floor_spawned":[1,3,4,10,18,21],"killed_by":"Slavers","ascension_level":5}}