{"host":"ndpbn7fqb3wjbd7p","time":1614292821,"event":{"mods":["AchievementEnabler","Act Like it!","AlwaysNeverKeys","BaseMod","Better Vampires","Block Reminder","Colored Powertips","DeckTracker","Defuse TimeMaze Blight","Friendly Minions","Highlight Path","MarisaÅiñ∂âJÅ@ñÇóùçπÅj","Minty Spire (QoL Compilation)","Permanent Neow","StSLib","SuperFastMode","Synergy Search","Unceasing Turn Reminder","Wandering Minibosses"],"gold_per_floor":[115,133,58,58,78,78,110,10,10,29,29,29,40,40,40,144,144,156,31,45,63,63,63,94,94,94,108,108,19,53,53,53,154,154,167,167,167,186,286,316,316,331,331,331,349,365,384,85,85,85],"floor_reached":51,"language":"ENG","playtime":2562,"items_purged":["Strike_MRS","Strike_MRS","Strike_MRS","MasterSpark"],"score":901,"play_id":"17a44ee5-e69f-4e81-b102-b409e1313aed","local_time":"20210225234021","is_ascension_mode":true,"campfire_choices":[{"data":"StarBarrage","floor":6,"key":"SMITH"},{"data":"GalacticHalo","floor":12,"key":"SMITH"},{"data":"GalacticHalo","floor":15,"key":"SMITH"},{"data":"BlazeAway","floor":23,"key":"SMITH"},{"data":"UltimateShortwave","floor":28,"key":"SMITH"},{"floor":32,"key":"REST"},{"data":"Impatience","floor":41,"key":"SMITH"},{"data":"UltimateShortwave","floor":44,"key":"SMITH"},{"data":"BlazeAway","floor":49,"key":"SMITH"}],"circlet_count":0,"master_deck":["Defend_MRS","Defend_MRS","Defend_MRS","Defend_MRS","UpSweep","ShootingEcho","StarBarrage+1","GalacticHalo+1","GalacticHalo+1","UltimateShortwave+1","BlazeAway+1","Impatience+1","UltimateShortwave+1","Acceleration+1","ChargeUpSpray","SprinkleStarSeal","BlazeAway+1","StarBarrage"],"relics":["MiniHakkero","Lizard Tail","Shovel","Gremlin Horn","Mummified Hand","Sozu","Nunchaku","InkBottle","Blue Candle","Busted Crown","Bottled Flame","Singing Bowl"],"acts_visited":["Exordium","TheCity","TheBeyond"],"potions_floor_usage":[13,16,24],"damage_taken":[{"damage":1,"enemies":"Cultist","floor":1,"turns":3},{"damage":0,"enemies":"2 Louse","floor":2,"turns":3},{"damage":9,"enemies":"Small Slimes","floor":5,"turns":5},{"damage":20,"enemies":"Lagavulin","floor":7,"turns":5},{"damage":0,"enemies":"3 Louse","floor":10,"turns":4},{"damage":0,"enemies":"2 Fungi Beasts","floor":13,"turns":2},{"damage":30,"enemies":"Hexaghost","floor":16,"turns":10},{"damage":7,"enemies":"Spheric Guardian","floor":18,"turns":4},{"damage":12,"enemies":"2 Thieves","floor":20,"turns":4},{"damage":24,"enemies":"Centurion and Healer","floor":21,"turns":6},{"damage":3,"enemies":"Gremlin Leader","floor":24,"turns":3},{"damage":0,"enemies":"Snecko","floor":27,"turns":5},{"damage":15,"enemies":"Slavers","floor":30,"turns":6},{"damage":26,"enemies":"Champ","floor":33,"turns":6},{"damage":22,"enemies":"Orb Walker","floor":35,"turns":5},{"damage":0,"enemies":"3 Shapes","floor":38,"turns":5},{"damage":0,"enemies":"Giant Head","floor":40,"turns":5},{"damage":0,"enemies":"Sphere and 2 Shapes","floor":42,"turns":2},{"damage":0,"enemies":"Spire Growth","floor":45,"turns":2},{"damage":3,"enemies":"3 Darklings","floor":46,"turns":3},{"damage":0,"enemies":"Transient","floor":47,"turns":5},{"damage":41,"enemies":"Donu and Deca","floor":50,"turns":4}],"seed_played":"-7941880463986222539","potions_obtained":[{"floor":2,"key":"Ancient Potion"},{"floor":5,"key":"EssenceOfSteel"},{"floor":10,"key":"AttackPotion"},{"floor":16,"key":"Dexterity Potion"}],"is_trial":false,"path_per_floor":["M","M","$","?","M","R","E","$","T","M","?","R","M","?","R","B",null,"M","$","M","M","?","R","E","?","T","M","R","$","E","$","R","B",null,"M","?","?","M","?","E","R","M","T","R","M","M","M","$","R","B",null],"character_chosen":"MARISA","items_purchased":["Impatience","BlazeAway","StarBarrage"],"campfire_rested":1,"item_purchase_floors":[29,48,48],"current_hp_per_floor":[53,53,53,53,44,44,24,24,24,24,49,49,49,49,49,19,75,68,68,56,32,32,32,29,29,29,29,29,29,14,14,36,10,75,53,53,53,53,53,53,53,53,53,53,55,54,56,56,56,15],"gold":85,"neow_bonus":"ONE_RARE_RELIC","is_daily":false,"chose_seed":false,"campfire_upgraded":8,"win_rate":0.0,"timestamp":1614292821,"path_taken":["M","?","$","?","?","R","E","$","T","M","?","R","M","?","R","BOSS","M","$","M","M","?","R","E","?","T","M","R","?","E","$","R","BOSS","M","?","?","M","?","E","R","M","T","R","M","M","M","$","R","BOSS"],"items_purchased_type":["Card","Card","Card"],"build_version":"2020-12-22","purchased_purges":4,"victory":true,"max_hp_per_floor":[75,75,75,75,75,75,75,75,75,75,75,75,75,75,75,75,75,75,75,75,75,75,75,75,75,75,75,75,75,75,75,75,75,75,75,75,75,75,75,75,75,75,75,75,77,79,81,81,81,81],"card_choices":[{"not_picked":["IllusionStar","SprinkleStarSeal"],"picked":"ShootingEcho","floor":1},{"not_picked":["GalacticHalo","SprinkleStarSeal"],"picked":"StarBarrage","floor":2},{"not_picked":["ChargeUpSpray","Occultation","LuminesStrike"],"picked":"SKIP","floor":5},{"not_picked":["LuminesStrike","6A","DoubleSpark"],"picked":"SKIP","floor":7},{"not_picked":["WitchOfGreed","LuminesStrike"],"picked":"GalacticHalo","floor":10},{"not_picked":["NonDirectionalLaser","MachineGunSpark"],"picked":"GalacticHalo","floor":13},{"not_picked":["SuperNova","SatelliteIllusion"],"picked":"UltimateShortwave","floor":16},{"not_picked":["PowerUp","PropBag","OpenUniverse"],"picked":"SKIP","floor":18},{"not_picked":["MachineGunSpark","GrandCross+1"],"picked":"BlazeAway","floor":20},{"not_picked":["ShootingEcho+1","DarkSpark","RefractionSpark"],"picked":"SKIP","floor":21},{"not_picked":["SuperPerseids","SporeBomb+1","PowerUp"],"picked":"SKIP","floor":24},{"not_picked":["AsteroidBelt+1","DC","MysteriousBeam"],"picked":"SKIP","floor":27},{"not_picked":["AsteroidBelt","ShootTheMoon+1"],"picked":"EventHorizon","floor":30},{"not_picked":["FinalSpark","CasketOfStar"],"picked":"UltimateShortwave","floor":33},{"not_picked":["GalacticHalo"],"picked":"SKIP","floor":35},{"not_picked":[],"picked":"Acceleration+1","floor":38},{"not_picked":[],"picked":"ChargeUpSpray","floor":40},{"not_picked":[],"picked":"SprinkleStarSeal","floor":42},{"not_picked":["SuperPerseids"],"picked":"Singing Bowl","floor":45},{"not_picked":["GrandCross+1"],"picked":"Singing Bowl","floor":46},{"not_picked":["MeteoricShower+1"],"picked":"Singing Bowl","floor":47}],"player_experience":1224253,"relics_obtained":[{"floor":7,"key":"Gremlin Horn"},{"floor":9,"key":"Mummified Hand"},{"floor":24,"key":"Nunchaku"},{"floor":26,"key":"InkBottle"},{"floor":30,"key":"Blue Candle"},{"floor":40,"key":"Bottled Flame"},{"floor":43,"key":"Singing Bowl"}],"event_choices":[{"damage_healed":0,"gold_gain":0,"player_choice":"Gave Potion","damage_taken":0,"relics_obtained":["Shovel"],"max_hp_gain":0,"max_hp_loss":0,"event_name":"WeMeetAgain","floor":4,"gold_loss":0},{"damage_healed":25,"gold_gain":0,"player_choice":"Banana","damage_taken":0,"max_hp_gain":0,"max_hp_loss":0,"event_name":"Big Fish","floor":11,"gold_loss":0},{"damage_healed":0,"gold_gain":0,"player_choice":"Ignored","damage_taken":0,"max_hp_gain":0,"max_hp_loss":0,"event_name":"Liars Game","floor":14,"gold_loss":0},{"cards_removed":["Strike_MRS"],"damage_healed":0,"gold_gain":0,"player_choice":"Elegance","damage_taken":0,"max_hp_gain":0,"max_hp_loss":0,"event_name":"Back to Basics","floor":22,"gold_loss":0},{"damage_healed":0,"gold_gain":0,"player_choice":"Ignored","damage_taken":0,"max_hp_gain":0,"max_hp_loss":0,"event_name":"Cursed Tome","floor":25,"gold_loss":0},{"damage_healed":0,"gold_gain":0,"player_choice":"Ignored","damage_taken":0,"max_hp_gain":0,"max_hp_loss":0,"event_name":"Tomb of Lord Red Mask","floor":36,"gold_loss":0},{"cards_removed":["EventHorizon"],"damage_healed":0,"gold_gain":0,"player_choice":"Removed Power","damage_taken":0,"max_hp_gain":0,"max_hp_loss":0,"event_name":"Falling","floor":37,"gold_loss":0},{"damage_healed":0,"gold_gain":100,"player_choice":"Pray","damage_taken":0,"max_hp_gain":0,"max_hp_loss":0,"event_name":"Golden Shrine","floor":39,"gold_loss":0}],"is_beta":false,"boss_relics":[{"not_picked":["Coffee Dripper","Snecko Eye"],"picked":"Sozu"},{"not_picked":["SacredBark","Fusion Hammer"],"picked":"Busted Crown"}],"items_purged_floors":[3,8,19,48],"is_endless":false,"potions_floor_spawned":[2,5,10,16,20,24,27,38,45],"ascension_level":3}}