{"host":"2e5gbsni44p3458r","time":1614248945,"event":{"mods":["BaseMod","Colored Map","Downfall","Hermit","Minty Spire (QoL Compilation)","Replay The Spire","StSLib","The Cursed"],"gold_per_floor":[99,115,115,115,115,132,132,132,42,42,62,74,32,49,59,159,159,59,71,81,281,16,48,73,73,110,141,175,209,209,256,277,385,385,185,217,254,260,314,314,341,389,389,452,518,553,594,349,375,383,383,440,25,25,25,25,25],"floor_reached":55,"language":"ENG","playtime":5247,"items_purged":["downfall:Malfunctioning","downfall:Haunted","hexamod:Strike+1","hexamod:Strike+1"],"score":983,"play_id":"9ef31a97-80bf-4701-ad3f-35bc7ff4ad73","local_time":"20210225192905","is_ascension_mode":true,"campfire_choices":[{"data":"hexamod:Float","floor":1,"key":"SMITH"},{"floor":8,"key":"RECALL"},{"data":"hexamod:ParanormalForm","floor":10,"key":"SMITH"},{"data":"hexamod:ForkedFlame","floor":18,"key":"SMITH"},{"floor":35,"key":"DIG"},{"floor":40,"key":"REST"},{"floor":54,"key":"REST"}],"circlet_count":0,"master_deck":["hexamod:Strike+1","hexamod:Defend+1","hexamod:Defend+1","hexamod:Defend+1","hexamod:Defend+1","hexamod:Sear+1","hexamod:Float+1","hexamod:ParanormalForm+1","hexamod:ThirdSeal","hexamod:ParanormalForm+1","hexamod:RecurringNightmare+1","hexamod:FourthSeal","hexamod:Hexaguard+1","hexamod:Haunt+1","hexamod:FastForward+1","hexamod:SixthSeal","hexamod:Hexaguard+1","hexamod:TimeWarp+1","hexamod:FirstSeal","hexamod:ExtraCrispy+1","hexamod:ForkedFlame+1","hexamod:UnleashSpirits+1","hexamod:AdvancingGuard+1","hexamod:SecondSeal","hexamod:PhantomCloak+1","hexamod:AdvancingGuard+1","hexamod:GhostShield+1","hexamod:GhostOfSpireFuture+1","hexamod:ForkedFlame+1","hexamod:WildfireWeapon+1","hexamod:RecurringNightmare+1","hexamod:GhostShield+1","hexamod:WildfireWeapon+1","hexamod:HexaLevel+1","hexamod:EmpoweredFlame+1","hexamod:Hexaguard+1","hexamod:UnleashSpirits+1","hexamod:Haunt+1","hexamod:GhostOfSpireFuture+1","expansioncontent:Chronoboost+1","hexamod:EtherealExpedition+1"],"relics":["hexamod:SpiritBrand","downfall:ShatteredFragment","Replay:Ringing Soul","hexamod:IceCube","downfall:HeartBlessingRed","Omamori","Replay:Bandana","Bag of Preparation","Fusion Hammer","downfall:HeartBlessingGreen","downfall:HeartBlessingBlue","Garlic","Pet Ghost","Centennial Puzzle","Juzu Bracelet","Kunai","Ring of Searing","Pen Nib","Durian","sneckomod:BlankCard","hexamod:RecyclingMachine","Divine Protection"],"acts_visited":["Exordium","TheCity","TheBeyond","TheEnding"],"potions_floor_usage":[13,14,20,22,26,28,28,32,33,37,55],"damage_taken":[{"damage":2,"enemies":"Jaw Worm","floor":2,"turns":3},{"damage":3,"enemies":"2 Louse","floor":6,"turns":3},{"damage":0,"enemies":"downfall:FleeingMerchant","floor":9,"turns":4},{"damage":0,"enemies":"Cultist","floor":11,"turns":3},{"damage":3,"enemies":"Gremlin Gang","floor":12,"turns":4},{"damage":6,"enemies":"downfall:FleeingMerchant","floor":13,"turns":4},{"damage":4,"enemies":"Exordium Thugs","floor":14,"turns":3},{"damage":6,"enemies":"Lots of Slimes","floor":15,"turns":3},{"damage":5,"enemies":"SI_SHIV_ARCHETYPE","floor":16,"turns":6},{"damage":9,"enemies":"3 Byrds","floor":19,"turns":5},{"damage":2,"enemies":"Shell Parasite","floor":20,"turns":4},{"damage":0,"enemies":"downfall:FleeingMerchant","floor":22,"turns":4},{"damage":54,"enemies":"Gremlin Leader","floor":23,"turns":6},{"damage":0,"enemies":"Chosen and Byrds","floor":26,"turns":7},{"damage":15,"enemies":"Snake Plant","floor":27,"turns":4},{"damage":17,"enemies":"Sentry and Sphere","floor":28,"turns":4},{"damage":0,"enemies":"Snecko","floor":29,"turns":4},{"damage":3,"enemies":"Replay:Snechameleon","floor":31,"turns":5},{"damage":0,"enemies":"Chosen and Byrds","floor":32,"turns":6},{"damage":26,"enemies":"DF_ARCHETYPE_CLAW","floor":33,"turns":8},{"damage":0,"enemies":"Orb Walker","floor":36,"turns":4},{"damage":32,"enemies":"3 Darklings","floor":37,"turns":4},{"damage":0,"enemies":"downfall:FleeingMerchant","floor":38,"turns":4},{"damage":6,"enemies":"Giant Head","floor":42,"turns":5},{"damage":28,"enemies":"Reptomancer","floor":44,"turns":5},{"damage":15,"enemies":"2 Orb Walkers","floor":45,"turns":4},{"damage":10,"enemies":"Spire Growth","floor":46,"turns":4},{"damage":5,"enemies":"Writhing Mass","floor":47,"turns":4},{"damage":8,"enemies":"Maw","floor":49,"turns":5},{"damage":8,"enemies":"WA_ARCHETYPE_DIVINITY","floor":50,"turns":6},{"damage":14,"enemies":"downfall:CharBossMerchant","floor":52,"turns":5},{"damage":0,"enemies":"downfall:NeowBoss","floor":55,"turns":1}],"seed_played":"-8710288604286761784","potions_obtained":[{"floor":2,"key":"SteroidPotion"},{"floor":11,"key":"Ancient Potion"},{"floor":11,"key":"Block Potion"},{"floor":12,"key":"DistilledChaos"},{"floor":12,"key":"hexamod:EctoCoolerPotion"},{"floor":13,"key":"Swift Potion"},{"floor":14,"key":"Explosive Potion"},{"floor":15,"key":"FairyPotion"},{"floor":20,"key":"sneckomod:MuddlingPotion"},{"floor":22,"key":"Reflective Coating"},{"floor":23,"key":"Explosive Potion"},{"floor":23,"key":"Block Potion"},{"floor":26,"key":"champ:CounterPotion"},{"floor":28,"key":"sneckomod:MuddlingPotion"},{"floor":28,"key":"Cursed Concoction"},{"floor":29,"key":"Fire Potion"},{"floor":31,"key":"Dexterity Potion"},{"floor":32,"key":"Cursed Concoction"},{"floor":33,"key":"GamblersBrew"},{"floor":36,"key":"Ancient Potion"},{"floor":37,"key":"LiquidBronze"},{"floor":38,"key":"SpeedPotion"},{"floor":47,"key":"Elixir"},{"floor":52,"key":"hexamod:DoubleChargePotion"}],"is_trial":false,"path_per_floor":["R","M","?","?","?","M","T","R","$","R","M","M","$","M","M","B",null,"R","M","M","?","$","E","T","?","M","M","M","M","?","E","M","B",null,"R_BF","M","M","$","?","R","T","E","?","E","?","M","M","$","M","B",null,"E","$","R","B"],"character_chosen":"THE_SPIRIT","items_purchased":["hexamod:Hexaguard","Omamori","hexamod:HexaLevel","Pet Ghost","expansioncontent:Chronoboost","hexamod:RecyclingMachine","Divine Protection"],"campfire_rested":2,"item_purchase_floors":[13,22,38,38,48,53,53],"current_hp_per_floor":[70,68,47,47,47,44,44,44,47,47,50,50,47,46,50,48,91,91,92,94,97,100,56,56,56,66,58,48,55,55,55,62,39,112,122,122,93,96,96,128,128,131,131,110,110,110,115,118,117,116,148,137,137,151,151,151,151],"gold":25,"neow_bonus":"ONE_RANDOM_RARE_CARD","is_daily":false,"chose_seed":false,"campfire_upgraded":3,"win_rate":0.0,"timestamp":1614248945,"path_taken":["R","M","?","?","?","?","T","R","$","R","M","?","?","?","M","BOSS","R","M","M","?","$","E","T","?","M","?","M","M","?","E","M","BOSS","R_BF","M","M","$","?","R","T","E","?","E","?","M","M","$","M","BOSS","E","$","R","BOSS"],"items_purchased_type":["Card","Relic","Card","Relic","Card","Relic","Relic"],"build_version":"2020-12-22","purchased_purges":4,"victory":false,"max_hp_per_floor":[70,70,70,70,70,70,70,70,73,73,76,79,82,85,88,91,91,91,94,94,97,100,103,103,103,106,106,106,106,106,109,109,112,112,122,122,125,128,128,128,128,131,131,131,139,142,145,148,148,148,148,151,151,151,151,151,151],"card_choices":[{"not_picked":["hexamod:EmpoweredFlame","hexamod:HeatCrush"],"picked":"hexamod:ThirdSeal","floor":2},{"not_picked":["hexamod:SuperheatedStrike","hexamod:ShieldOfDarkness"],"picked":"hexamod:RecurringNightmare","floor":6},{"not_picked":["hexamod:FlamesFromBeyond","hexamod:NightmareStrike","hexamod:ChargedBarrage"],"picked":"SKIP","floor":6},{"not_picked":["hexamod:GhostOfSpirePast","hexamod:ThermalTransfer"],"picked":"hexamod:FourthSeal","floor":9},{"not_picked":["hexamod:ThermalTransfer","hexamod:FlamesFromBeyond"],"picked":"hexamod:Hexaguard","floor":9},{"not_picked":["hexamod:NecessarySacrifice","hexamod:HeatShield"],"picked":"hexamod:Haunt","floor":11},{"not_picked":["hexamod:CatchUp","hexamod:BurningTouch"],"picked":"hexamod:FastForward","floor":11},{"not_picked":["hexamod:InspiringFlames","hexamod:HeatMetal"],"picked":"hexamod:SixthSeal","floor":12},{"not_picked":["hexamod:HauntingEcho","hexamod:ThermalTransfer","hexamod:InspiringFlames"],"picked":"SKIP","floor":12},{"not_picked":["hexamod:SuperheatedStrike","hexamod:NightmareGuise","hexamod:SpectersWail"],"picked":"SKIP","floor":13},{"not_picked":["hexamod:Firestarter","hexamod:RainOfEmbers","hexamod:SpectralAdrenaline"],"picked":"SKIP","floor":13},{"not_picked":["hexamod:FlamesFromBeyond","hexamod:GhostShield"],"picked":"hexamod:TimeWarp","floor":14},{"not_picked":["hexamod:Firestarter","hexamod:SuperheatedStrike"],"picked":"hexamod:FirstSeal","floor":14},{"not_picked":["hexamod:BurningTouch","hexamod:ThermalTransfer"],"picked":"hexamod:ExtraCrispy","floor":15},{"not_picked":["hexamod:HeatShield","hexamod:Hexaguard","hexamod:SuperheatedStrike"],"picked":"SKIP","floor":15},{"not_picked":["hexamod:GiftsFromTheDead","hexamod:TimeWarp"],"picked":"hexamod:ForkedFlame","floor":16},{"not_picked":["hexamod:TimeOfNeed","hexamod:ForkedFlame"],"picked":"hexamod:UnleashSpirits","floor":16},{"not_picked":["hexamod:NightmareGuise","hexamod:SpectersWail"],"picked":"hexamod:AdvancingGuard","floor":19},{"not_picked":["hexamod:SpectersWail","hexamod:FlamesFromBeyond","hexamod:BacktrackSmack+1"],"picked":"SKIP","floor":19},{"not_picked":["hexamod:ThermalTransfer","hexamod:NightmareStrike","hexamod:GhostLash"],"picked":"SKIP","floor":20},{"not_picked":["hexamod:AdvancingGuard","hexamod:SoulSteal","hexamod:GhostflameBarrier"],"picked":"SKIP","floor":20},{"not_picked":["hexamod:PowerFromBeyond","hexamod:Rewind"],"picked":"hexamod:SecondSeal","floor":22},{"not_picked":["hexamod:UnleashSpirits","hexamod:Again+1","hexamod:RecurringNightmare"],"picked":"SKIP","floor":22},{"not_picked":["hexamod:EtherealExpedition","hexamod:NightmareGuise"],"picked":"hexamod:PhantomCloak+1","floor":23},{"not_picked":["hexamod:RainOfEmbers","hexamod:FlamesFromBeyond","hexamod:NightmareStrike"],"picked":"SKIP","floor":23},{"not_picked":["hexamod:ShieldOfDarkness","hexamod:GhostLash+1"],"picked":"hexamod:AdvancingGuard+1","floor":26},{"not_picked":["hexamod:AdvancingGuard+1","hexamod:SuperheatedStrike","hexamod:EtherealExpedition"],"picked":"SKIP","floor":26},{"not_picked":["hexamod:SwordOfDarkness","hexamod:SecondSeal","hexamod:GhostLash"],"picked":"SKIP","floor":27},{"not_picked":["hexamod:FlamesFromBeyond","hexamod:NightmareGuise+1","hexamod:Hexaguard"],"picked":"SKIP","floor":28},{"not_picked":["hexamod:GhostflameInferno","hexamod:SpectralSpark+1","hexamod:FirstSeal"],"picked":"SKIP","floor":28},{"not_picked":["hexamod:PhantomCloak","hexamod:FourthSeal","hexamod:FlamesFromBeyond+1"],"picked":"SKIP","floor":29},{"not_picked":["hexamod:InspiringFlames","hexamod:Rewind+1","hexamod:ThermalTransfer"],"picked":"SKIP","floor":29},{"not_picked":["hexamod:ExtraCrispy","hexamod:HeatCrush"],"picked":"hexamod:GhostShield","floor":31},{"not_picked":["hexamod:SpectersWail+1","hexamod:Firestarter"],"picked":"hexamod:GhostOfSpireFuture+1","floor":31},{"not_picked":["hexamod:ShieldOfDarkness+1","hexamod:HeatMetal","hexamod:HeatShield+1"],"picked":"SKIP","floor":32},{"not_picked":["hexamod:SpectersWail","hexamod:FirstSeal","hexamod:InspiringFlames"],"picked":"SKIP","floor":32},{"not_picked":["hexamod:ParanormalForm","hexamod:GhostOfSpirePresent"],"picked":"hexamod:ForkedFlame","floor":33},{"not_picked":["hexamod:VolcanoVisage","hexamod:SixthSeal"],"picked":"hexamod:WildfireWeapon","floor":33},{"not_picked":["hexamod:GhostLash+1","hexamod:BurningTouch+1","hexamod:FourthSeal"],"picked":"SKIP","floor":36},{"not_picked":["hexamod:BacktrackSmack+1","hexamod:Again","hexamod:CatchUp"],"picked":"SKIP","floor":36},{"not_picked":["hexamod:SuperheatedStrike+1","hexamod:FourthSeal"],"picked":"hexamod:RecurringNightmare+1","floor":37},{"not_picked":["hexamod:FlamesFromBeyond+1","hexamod:RainOfEmbers+1"],"picked":"hexamod:GhostShield+1","floor":37},{"not_picked":["hexamod:GhostShield+1","hexamod:GiftsFromTheDead"],"picked":"hexamod:WildfireWeapon","floor":38},{"not_picked":["hexamod:BacktrackSmack","hexamod:ThermalTransfer","hexamod:ShieldOfDarkness"],"picked":"SKIP","floor":38},{"not_picked":["hexamod:GiftsFromTheDead","hexamod:Haunt"],"picked":"hexamod:EmpoweredFlame+1","floor":42},{"not_picked":["hexamod:BacktrackSmack","hexamod:NightmareGuise+1"],"picked":"hexamod:Hexaguard+1","floor":42},{"not_picked":["hexamod:SuperheatedStrike+1","hexamod:GhostLash","hexamod:GhostflameInferno"],"picked":"SKIP","floor":44},{"not_picked":["hexamod:BurningTouch+1","hexamod:ShieldOfDarkness+1","hexamod:GhostShield"],"picked":"SKIP","floor":44},{"not_picked":["hexamod:Rewind+1","hexamod:AdvancingGuard+1"],"picked":"hexamod:UnleashSpirits","floor":45},{"not_picked":["hexamod:AdvancingGuard+1","hexamod:InspiringFlames+1"],"picked":"hexamod:Haunt","floor":46},{"not_picked":["hexamod:FourthSeal","hexamod:BacktrackSmack","hexamod:SwordOfDarkness+1"],"picked":"SKIP","floor":46},{"not_picked":["hexamod:BurningTouch","hexamod:GhostflameBarrier"],"picked":"hexamod:GhostOfSpireFuture+1","floor":47},{"not_picked":["hexamod:ThirdSeal","hexamod:FlamesFromBeyond+1","hexamod:HeatCrush"],"picked":"SKIP","floor":49},{"not_picked":["hexamod:Hexaguard","hexamod:RadiantFlame","hexamod:FourthSeal"],"picked":"SKIP","floor":49},{"not_picked":["hexamod:Haunt","hexamod:SecondSeal"],"picked":"hexamod:EtherealExpedition+1","floor":52},{"not_picked":["hexamod:BacktrackSmack","hexamod:SwordOfDarkness","hexamod:Firestarter"],"picked":"SKIP","floor":52}],"player_experience":844525,"relics_obtained":[{"floor":7,"key":"Replay:Ringing Soul"},{"floor":23,"key":"Replay:Bandana"},{"floor":31,"key":"Bag of Preparation"},{"floor":35,"key":"Garlic"},{"floor":39,"key":"Centennial Puzzle"},{"floor":41,"key":"Juzu Bracelet"},{"floor":42,"key":"Kunai"},{"floor":43,"key":"Ring of Searing"},{"floor":44,"key":"Pen Nib"},{"floor":45,"key":"Durian"},{"floor":52,"key":"sneckomod:BlankCard"}],"event_choices":[{"damage_healed":0,"gold_gain":0,"player_choice":"Ignored","damage_taken":0,"max_hp_gain":0,"max_hp_loss":0,"event_name":"Vampires","floor":30,"gold_loss":0},{"damage_healed":0,"gold_gain":0,"player_choice":"Fight","damage_taken":0,"max_hp_gain":0,"max_hp_loss":0,"event_name":"Mysterious Sphere","floor":45,"gold_loss":0}],"is_beta":false,"boss_relics":[{"not_picked":["Velvet Choker","Honey Jar"],"picked":"hexamod:IceCube"},{"not_picked":["Empty Cage","SlaversCollar"],"picked":"Fusion Hammer"}],"items_purged_floors":[9,22,38,48],"is_endless":false,"potions_floor_spawned":[2,11,12,23,28,29,31,33,42,46,47,52],"killed_by":"downfall:NeowBoss","ascension_level":4}}