{"host":"wy4vwr4x0uqk666t","time":1614260980,"event":{"mods":["Aspiration","BaseMod","BetterRewards","Colored Map","Colored Powertips","Curses Come First","Defuse TimeMaze Blight","Downfall","Hubris","Infinite Spire","Lobotomy","Minty Spire (QoL Compilation)","Quick Restart","Replay The Spire","StSLib"],"gold_per_floor":[116,116,111,122,142,138,157,157,157,167,167,151,151],"floor_reached":12,"language":"ENG","playtime":540,"items_purged":[],"score":104,"play_id":"8cefbb94-615c-461f-8b1f-7dacf7e94aa6","local_time":"20210225144940","is_ascension_mode":true,"campfire_choices":[],"circlet_count":0,"master_deck":["Strike_R","Strike_R","Defend_R","Defend_R","Defend_R","Defend_R","Bash","Freischutz","Cleave","Dagger Throw","Dagger Spray","m_BronzeAgony","HeroicMonk","Thunderclap","WallGazer","Shockwave","Evolve","CrumblingArmor","Intimidate","CherryBlossoms","Flame Barrier","BlackSwan","True Grit","Murderer"],"relics":["Burning Blood","CogitoBucket","Bottled Tornado","AdjustmentMirror","hubris:PeanutButter","Blue Doll"],"acts_visited":["Exordium"],"potions_floor_usage":[10],"damage_taken":[{"damage":8,"enemies":"Small Slimes","floor":1,"turns":3},{"damage":6,"enemies":"Cultist","floor":3,"turns":3},{"damage":12,"enemies":"Jaw Worm","floor":4,"turns":2},{"damage":10,"enemies":"2 Fungi Beasts","floor":5,"turns":2},{"damage":20,"enemies":"3 Sentries","floor":6,"turns":5},{"damage":40,"enemies":"Large Slime","floor":7,"turns":4},{"damage":4,"enemies":"Gremlin Nob","floor":10,"turns":3},{"damage":47,"enemies":"Lagavulin","floor":12,"turns":6}],"seed_played":"8173756953231324832","potions_obtained":[{"floor":1,"key":"PowerPotion"},{"floor":7,"key":"Energy Potion"}],"is_trial":false,"path_per_floor":["M","?","M","M","M","E","M","?","T","E","?","E"],"character_chosen":"IRONCLAD","items_purchased":[],"campfire_rested":0,"item_purchase_floors":[],"current_hp_per_floor":[78,78,78,72,68,54,20,20,20,22,46,0,0],"gold":151,"neow_bonus":"","is_daily":false,"chose_seed":false,"campfire_upgraded":0,"win_rate":0.0,"timestamp":1614260980,"path_taken":["M","?","M","?","M","E","M","?","T","E","?","E"],"items_purchased_type":[],"build_version":"2020-12-22","purchased_purges":0,"victory":false,"max_hp_per_floor":[80,80,80,80,80,80,80,80,80,80,80,80,80],"card_choices":[{"not_picked":["Wellcheers","SpiderBud"],"picked":"Freischutz","floor":1},{"not_picked":["Spot Weakness","Run Through"],"picked":"Cleave","floor":1},{"not_picked":["MeltingLove","QueenBee"],"picked":"HeroicMonk","floor":3},{"not_picked":["Shrug It Off","Clash"],"picked":"Thunderclap","floor":3},{"not_picked":["FairyFestival","MHz"],"picked":"WallGazer","floor":4},{"not_picked":["Heavy Blade","Headbutt"],"picked":"Shockwave","floor":4},{"not_picked":["Cleave","Wild Strike"],"picked":"Evolve","floor":5},{"not_picked":["MeatLantern","BigBadWolf"],"picked":"CrumblingArmor","floor":5},{"not_picked":["hubris:SharpeningStone","Clothesline"],"picked":"Intimidate","floor":6},{"not_picked":["ShyLook","HappyTeddy"],"picked":"CherryBlossoms","floor":6},{"not_picked":["ReplayTheSpireMod:Stacked","Clash"],"picked":"Flame Barrier","floor":7},{"not_picked":["OldLady","PunishingBird"],"picked":"BlackSwan","floor":7},{"not_picked":["Feel No Pain","Perfected Strike"],"picked":"True Grit","floor":10},{"not_picked":["Bloodbath","LaLuna"],"picked":"Murderer","floor":10}],"player_experience":3755347,"relics_obtained":[{"floor":6,"key":"Bottled Tornado"},{"floor":9,"key":"hubris:PeanutButter"},{"floor":10,"key":"Blue Doll"}],"event_choices":[{"damage_healed":0,"gold_gain":0,"player_choice":"Fled","damage_taken":0,"max_hp_gain":0,"max_hp_loss":0,"event_name":"Scrap Ooze","floor":8,"gold_loss":0}],"is_beta":false,"boss_relics":[],"items_purged_floors":[],"is_endless":false,"potions_floor_spawned":[1,7],"killed_by":"Lagavulin","ascension_level":3}}