{"host":"xsuxkwaivmtd234a","time":1614267652,"event":{"mods":["BaseMod","Bestiary","Colored Map","Minty Spire (QoL Compilation)","Relic Stats","StSLib"],"gold_per_floor":[111,29,39,57,57,57,88,88,114,114,133,133,164,176,176,176,176],"floor_reached":16,"language":"ENG","playtime":720,"items_purged":[],"score":165,"play_id":"2cede656-2529-43df-9915-d8cd47ea6e18","local_time":"20210225104052","is_ascension_mode":true,"campfire_choices":[{"data":"Crippling Poison","floor":6,"key":"SMITH"},{"data":"Crippling Poison","floor":8,"key":"SMITH"},{"data":"Venomology","floor":10,"key":"SMITH"},{"floor":15,"key":"REST"}],"circlet_count":0,"master_deck":["AscendersBane","Strike_G","Strike_G","Strike_G","Strike_G","Strike_G","Defend_G+1","Defend_G+1","Defend_G","Defend_G","Defend_G","Survivor","Neutralize","Crippling Poison+1","Sucker Punch","Backstab","Dagger Throw","Venomology+1","Backstab","Crippling Poison+1","Bullet Time","Escape Plan","Doppelganger","Leg Sweep","Footwork"],"relics":["Ring of the Snake","Prayer Wheel","Juzu Bracelet","Snake Skull","War Paint","Boot"],"acts_visited":["Exordium"],"potions_floor_usage":[7,11,13,13,14,16,16,16],"damage_taken":[{"damage":0,"enemies":"2 Louse","floor":1,"turns":2},{"damage":3,"enemies":"Small Slimes","floor":3,"turns":5},{"damage":2,"enemies":"Jaw Worm","floor":4,"turns":4},{"damage":25,"enemies":"Lagavulin","floor":7,"turns":7},{"damage":0,"enemies":"Large Slime","floor":11,"turns":4},{"damage":5,"enemies":"3 Sentries","floor":13,"turns":6},{"damage":21,"enemies":"Exordium Thugs","floor":14,"turns":5},{"damage":36,"enemies":"Slime Boss","floor":16,"turns":10}],"seed_played":"7338788196401808580","potions_obtained":[{"floor":3,"key":"Block Potion"},{"floor":7,"key":"BlessingOfTheForge"},{"floor":14,"key":"Energy Potion"}],"is_trial":false,"path_per_floor":["M","$","M","M","?","R","E","R","T","R","M","?","E","M","R","B"],"character_chosen":"THE_SILENT","items_purchased":["Backstab"],"campfire_rested":1,"item_purchase_floors":[2],"current_hp_per_floor":[45,45,42,40,63,63,38,38,38,38,38,26,21,15,36,0,0],"gold":176,"neow_bonus":"ONE_RARE_RELIC","is_daily":false,"chose_seed":false,"campfire_upgraded":3,"win_rate":0.0,"timestamp":1614267652,"path_taken":["M","$","M","M","?","R","E","R","T","R","M","?","E","M","R","BOSS"],"items_purchased_type":["Card"],"build_version":"2020-12-22","purchased_purges":0,"victory":false,"max_hp_per_floor":[70,70,70,70,70,70,70,70,70,70,70,70,70,70,70,70,70],"relic_stats":{"counters":[8,43],"Prayer Wheel":5,"Snake Skull":[12],"Juzu Bracelet":0,"War Paint":["Defend_G","Defend_G"],"Boot":[10],"obtain_stats":[{"Prayer Wheel":0,"Snake Skull":9,"Juzu Bracelet":7,"War Paint":12,"Boot":13,"Ring of the Snake":0},{"Prayer Wheel":0,"Snake Skull":4,"Juzu Bracelet":4,"War Paint":5,"Boot":6,"Ring of the Snake":0},{"Prayer Wheel":0,"Snake Skull":18,"Juzu Bracelet":18,"War Paint":22,"Boot":28,"Ring of the Snake":0}],"Ring of the Snake":[16]},"card_choices":[{"not_picked":["Dagger Spray","Poisoned Stab"],"picked":"Crippling Poison","floor":1},{"not_picked":["Underhanded Strike","Prepared"],"picked":"Sucker Punch","floor":1},{"not_picked":["Underhanded Strike","Cloak And Dagger"],"picked":"Dagger Throw","floor":3},{"not_picked":["Outmaneuver","Dagger Throw"],"picked":"Venomology","floor":3},{"not_picked":["Deflect","Slice"],"picked":"Backstab","floor":4},{"not_picked":["Dodge and Roll","Infinite Blades","Underhanded Strike"],"picked":"SKIP","floor":4},{"not_picked":["Endless Agony","Backstab"],"picked":"Crippling Poison","floor":7},{"not_picked":["Masterful Stab","Poisoned Stab"],"picked":"Bullet Time","floor":11},{"not_picked":["Dagger Throw","Quick Slash"],"picked":"Escape Plan","floor":11},{"not_picked":["Choke","Terror"],"picked":"Doppelganger","floor":13},{"not_picked":["Backflip","Bane"],"picked":"Leg Sweep","floor":14},{"not_picked":["Concentrate","Bane"],"picked":"Footwork","floor":14}],"player_experience":1382046,"relics_obtained":[{"floor":7,"key":"Juzu Bracelet"},{"floor":9,"key":"Snake Skull"},{"floor":13,"key":"Boot"}],"event_choices":[{"damage_healed":23,"gold_gain":0,"player_choice":"Banana","damage_taken":0,"max_hp_gain":0,"max_hp_loss":0,"event_name":"Big Fish","floor":5,"gold_loss":0},{"damage_healed":0,"gold_gain":0,"player_choice":"Success","damage_taken":12,"relics_obtained":["War Paint"],"max_hp_gain":0,"max_hp_loss":0,"event_name":"Scrap Ooze","floor":12,"gold_loss":0}],"is_beta":false,"boss_relics":[],"items_purged_floors":[],"is_endless":false,"potions_floor_spawned":[3,7,14],"killed_by":"Slime Boss","ascension_level":10}}