{"host":"363rf8rl7gb9fsj6","time":1614278488,"event":{"mods":["BaseMod","Minty Spire (QoL Compilation)"],"gold_per_floor":[99,99,99,99,84,84,84,7,7,7,7,7,7,0,0,0,0,0,0,0,0,0],"floor_reached":21,"language":"DEU","playtime":931,"items_purged":[],"score":203,"play_id":"a882bb33-2dc1-46e2-9236-f196d65fed58","local_time":"20210225194128","is_ascension_mode":true,"campfire_choices":[{"floor":7,"key":"REST"},{"floor":15,"key":"REST"}],"circlet_count":0,"master_deck":["Strike_R","Strike_R","Strike_R","Defend_R","Defend_R","Defend_R","Defend_R","Bludgeon","Seeing Red","Disarm","Whirlwind","Battle Trance","Feed","Battle Trance","Anger","Anger"],"relics":["Ectoplasm","Old Coin","Dream Catcher","Boot","Empty Cage"],"acts_visited":["Exordium","TheCity"],"potions_floor_usage":[16,16,16,21],"damage_taken":[{"damage":1,"enemies":"Cultist","floor":1,"turns":3},{"damage":0,"enemies":"2 Louse","floor":2,"turns":2},{"damage":15,"enemies":"Jaw Worm","floor":3,"turns":4},{"damage":8,"enemies":"3 Louse","floor":4,"turns":3},{"damage":5,"enemies":"Looter","floor":5,"turns":2},{"damage":14,"enemies":"Gremlin Nob","floor":6,"turns":3},{"damage":0,"enemies":"Large Slime","floor":12,"turns":4},{"damage":17,"enemies":"3 Sentries","floor":13,"turns":5},{"damage":35,"enemies":"The Guardian","floor":16,"turns":10},{"damage":0,"enemies":"3 Byrds","floor":18,"turns":2},{"damage":15,"enemies":"Chosen","floor":19,"turns":5},{"damage":27,"enemies":"Sentry and Sphere","floor":20,"turns":4},{"damage":39,"enemies":"Shelled Parasite and Fungi","floor":21,"turns":4}],"seed_played":"-4243900534570887745","potions_obtained":[{"floor":2,"key":"LiquidMemories"},{"floor":3,"key":"Dexterity Potion"},{"floor":5,"key":"Dexterity Potion"},{"floor":20,"key":"SkillPotion"}],"is_trial":false,"path_per_floor":["M","M","M","M","M","E","R","$","T","?","?","M","E","?","R","B",null,"M","M","M","M"],"character_chosen":"IRONCLAD","items_purchased":["Whirlwind"],"campfire_rested":2,"item_purchase_floors":[8],"current_hp_per_floor":[79,79,64,56,51,37,61,61,61,61,61,61,44,44,68,33,80,80,65,38,0,0],"gold":0,"neow_bonus":"BOSS_RELIC","is_daily":false,"chose_seed":false,"campfire_upgraded":0,"win_rate":0.0,"timestamp":1614278488,"path_taken":["M","M","M","M","M","E","R","$","T","?","?","M","E","?","R","BOSS","M","M","M","M"],"items_purchased_type":["Card"],"build_version":"2020-12-22","purchased_purges":0,"victory":false,"max_hp_per_floor":[80,80,80,80,80,80,80,80,80,80,80,80,80,80,80,80,80,80,80,80,80,80],"card_choices":[{"not_picked":["Pommel Strike","Havoc","Reckless Charge"],"picked":"SKIP","floor":1},{"not_picked":["Metallicize","Ghostly Armor","Flame Barrier"],"picked":"SKIP","floor":2},{"not_picked":["Sword Boomerang","Burning Pact"],"picked":"Bludgeon","floor":3},{"not_picked":["Twin Strike","Clothesline"],"picked":"Seeing Red","floor":4},{"not_picked":["Spot Weakness","Pommel Strike","Power Through"],"picked":"SKIP","floor":5},{"not_picked":["Brutality","Metallicize"],"picked":"Disarm","floor":6},{"not_picked":["Iron Wave","Clash"],"picked":"Battle Trance","floor":12},{"not_picked":["Sever Soul","Fire Breathing","Wild Strike"],"picked":"SKIP","floor":13},{"not_picked":["Fiend Fire","Impervious"],"picked":"Feed","floor":16},{"not_picked":["Heavy Blade","Pommel Strike"],"picked":"Battle Trance","floor":18},{"not_picked":["Headbutt+1","Dual Wield+1"],"picked":"Anger","floor":19},{"not_picked":["Headbutt","Pommel Strike"],"picked":"Anger","floor":20}],"player_experience":58493,"relics_obtained":[{"floor":6,"key":"Old Coin"},{"floor":9,"key":"Dream Catcher"},{"floor":13,"key":"Boot"}],"event_choices":[{"cards_removed":["Bash"],"damage_healed":0,"gold_gain":0,"player_choice":"Forget","damage_taken":0,"max_hp_gain":0,"max_hp_loss":0,"event_name":"Living Wall","floor":10,"gold_loss":0},{"damage_healed":0,"gold_gain":0,"player_choice":"Ignored","damage_taken":0,"max_hp_gain":0,"max_hp_loss":0,"event_name":"Liars Game","floor":11,"gold_loss":0},{"damage_healed":0,"gold_gain":0,"player_choice":"Left Gold","damage_taken":0,"max_hp_gain":0,"max_hp_loss":0,"event_name":"World of Goop","floor":14,"gold_loss":7}],"is_beta":false,"boss_relics":[{"not_picked":["SacredBark","Sozu"],"picked":"Empty Cage"}],"items_purged_floors":[],"is_endless":false,"potions_floor_spawned":[2,3,5,6,20],"killed_by":"Shelled Parasite and Fungi","ascension_level":1}}