{"host":"0k7350af1t8odskw","time":1614236071,"event":{"mods":["AchievementEnabler","BaseMod","Better Vampires","BetterRewards","Colored Map","Downfall","Highlight Path","Hubris","Lobotomy","Marisa£®ÏF”Í°°ƒß¿Ì…≥£©","Minty Spire (QoL Compilation)","Quick Restart","Replay The Spire","Shop Mod","StSLib","The Administrix","The Death Knight","The Runesmith","Youmu£®ªÍ∆«—˝√Œ£©"],"gold_per_floor":[118,118,118,136,151,151,161,178,178,178,205,205,10,28,28,129,129,144,163,163,173,193,193,193,193,193,193,203,216,216,316,316,413,413,423,434,434,450,450,450,450,272,297,297,297,297,55,55,55,55],"floor_reached":51,"language":"ZHS","playtime":1590,"items_purged":[],"score":1014,"play_id":"499996d8-cc13-4dce-b4e3-94d4298f724e","local_time":"20210224225431","is_ascension_mode":true,"campfire_choices":[{"data":"Anger","floor":6,"key":"SMITH"},{"data":"Anger","floor":6,"key":"SMITH"},{"data":"Double Tap","floor":10,"key":"SMITH"},{"data":"Cleave","floor":10,"key":"SMITH"},{"data":"Clash","floor":12,"key":"SMITH"},{"data":"Pommel Strike","floor":12,"key":"SMITH"},{"data":"Inflame","floor":15,"key":"SMITH"},{"data":"Warcry","floor":15,"key":"SMITH"},{"data":"Rage","floor":23,"key":"SMITH"},{"data":"Immolate","floor":23,"key":"SMITH"},{"data":"Iron Wave","floor":25,"key":"SMITH"},{"data":"Bite","floor":25,"key":"SMITH"},{"data":"Clash","floor":30,"key":"SMITH"},{"data":"Bite","floor":30,"key":"SMITH"},{"data":"Bite","floor":32,"key":"SMITH"},{"data":"Bite","floor":32,"key":"SMITH"},{"data":"Inflame","floor":40,"key":"SMITH"},{"data":"Double Tap","floor":40,"key":"SMITH"},{"data":"Bite","floor":41,"key":"SMITH"},{"data":"Thunderclap","floor":41,"key":"SMITH"},{"data":"Dark Shackles","floor":46,"key":"SMITH"},{"data":"Warcry","floor":46,"key":"SMITH"},{"data":"Flex","floor":49,"key":"SMITH"},{"data":"Ghostly Armor","floor":49,"key":"SMITH"}],"circlet_count":0,"master_deck":["Defend_R","Defend_R","Defend_R","Anger+1","Pommel Strike+1","Rage+1","Warcry+1","Cleave+1","Iron Wave+1","Anger+1","Clash+1","Double Tap+1","Ghostly Armor+1","Thunderclap+1","Inflame+1","Immolate+1","Rage+1","Cleave+1","ReplayTheSpireMod:Strike From Hell+1","Flex+1","Bite+1","Bite+1","Bite+1","Bite+1","Bite+1","Clash+1","Clash+1","Double Tap+1","CurseOfTheBell","Inflame+1","Flex+1","Whirlwind+1","Warcry+1","Dark Shackles+1","Flex+1"],"relics":["Burning Blood","Replay:Arrowhead","Counterbalance","hubris:Reverence","hubris:OldNail","hubris:DeckOfHolding","Pen Nib","Honey Jar","Shuriken","Calling Bell","Ancient Tea Set","hubris:SphereOfDissonance","WingedGreaves","ClockworkSouvenir","Strawberry","hubris:HerbalPaste"],"acts_visited":["Exordium","TheCity","TheBeyond"],"potions_floor_usage":[11,28,33,33,50,50,50],"damage_taken":[{"damage":0,"enemies":"Small Slimes","floor":1,"turns":3},{"damage":6,"enemies":"Cultist","floor":4,"turns":4},{"damage":2,"enemies":"Jaw Worm","floor":5,"turns":3},{"damage":6,"enemies":"Looter","floor":7,"turns":3},{"damage":0,"enemies":"Gremlin Gang","floor":8,"turns":4},{"damage":5,"enemies":"Gremlin Nob","floor":11,"turns":4},{"damage":0,"enemies":"Blue Slaver","floor":14,"turns":1},{"damage":30,"enemies":"The Guardian","floor":16,"turns":6},{"damage":6,"enemies":"2 Thieves","floor":18,"turns":3},{"damage":0,"enemies":"Spheric Guardian","floor":19,"turns":3},{"damage":12,"enemies":"Snecko","floor":21,"turns":4},{"damage":14,"enemies":"Centurion and Healer","floor":22,"turns":5},{"damage":1,"enemies":"Sentry and Sphere","floor":28,"turns":3},{"damage":0,"enemies":"3 Cultists","floor":29,"turns":2},{"damage":26,"enemies":"Collector","floor":33,"turns":4},{"damage":19,"enemies":"3 Shapes","floor":35,"turns":2},{"damage":0,"enemies":"Orb Walker","floor":36,"turns":1},{"damage":20,"enemies":"Writhing Mass","floor":38,"turns":2},{"damage":52,"enemies":"Time Eater","floor":50,"turns":6}],"seed_played":"2924946084418613975","potions_obtained":[{"floor":4,"key":"PowerPotion"},{"floor":7,"key":"Weak Potion"},{"floor":11,"key":"FearPotion"},{"floor":14,"key":"Cursed Concoction"},{"floor":16,"key":"EntropicBrew"},{"floor":18,"key":"CultistPotion"},{"floor":28,"key":"SmokeBomb"},{"floor":29,"key":"Energy Potion"},{"floor":38,"key":"Reflective Coating"}],"is_trial":false,"path_per_floor":["M","?","?","M","M","R","M","M","T","R","E","R","$","M","R","B",null,"M","M","$","M","M","R","?","R","T","?","M","M","R","?","R","B",null,"M","M","?","M","$","R","R","$","T","?","?","R","$","?","R","B",null],"character_chosen":"IRONCLAD","items_purchased":["Anger","Pommel Strike","Thunderclap","Pen Nib","ClockworkSouvenir","Warcry","Flex","hubris:HerbalPaste","FearPotion"],"campfire_rested":0,"item_purchase_floors":[0,0,13,13,42,42,47,47,47],"current_hp_per_floor":[51,51,51,51,55,55,55,61,61,61,62,62,62,68,68,44,80,80,80,80,74,66,66,56,56,56,47,59,61,61,61,61,41,61,48,54,54,40,40,40,40,40,47,47,47,47,47,47,47,22],"gold":55,"neow_bonus":"","is_daily":false,"chose_seed":false,"campfire_upgraded":24,"win_rate":0.0,"timestamp":1614236071,"path_taken":["M","?","?","M","M","R","?","M","T","R","E","R","?","M","R","BOSS","M","M","$","M","M","R","?","R","T","?","M","M","R","?","R","BOSS","M","?","?","M","$","R","R","$","T","?","?","R","$","?","R","BOSS"],"items_purchased_type":["Card","Card","Card","Relic","Relic","Card","Card","Relic","Potion"],"build_version":"2020-12-22","purchased_purges":0,"victory":true,"max_hp_per_floor":[80,80,80,80,80,80,80,80,80,80,80,80,80,80,80,80,80,80,80,80,80,80,80,56,56,56,61,61,61,61,61,61,61,61,61,61,61,61,61,61,61,61,68,68,68,68,68,68,68,68],"card_choices":[{"not_picked":["Blood for Blood","Ghostly Armor"],"picked":"Warcry","floor":1},{"not_picked":["Body Slam","Feel No Pain"],"picked":"Iron Wave","floor":4},{"not_picked":["Cleave","Uppercut"],"picked":"Anger","floor":5},{"not_picked":["Feel No Pain","Abandon"],"picked":"Clash","floor":7},{"not_picked":["Wild Strike","Searing Blow"],"picked":"Double Tap","floor":8},{"not_picked":["Heavy Blade","Barricade"],"picked":"Ghostly Armor","floor":11},{"not_picked":["Replay:Undeath\u0027s Touch","Twin Strike"],"picked":"Inflame","floor":14},{"not_picked":["Offering","Juggernaut"],"picked":"Immolate","floor":16},{"not_picked":["Twin Strike","Sword Boomerang","hubris:ReadiedAction"],"picked":"Rage+1","floor":18},{"not_picked":["Spot Weakness","Wild Strike","Headbutt+1"],"picked":"Cleave+1","floor":19},{"not_picked":["Evolve","Wild Strike","Massacre"],"picked":"ReplayTheSpireMod:Strike From Hell+1","floor":21},{"not_picked":["Anger","Hemogenesis","Rage"],"picked":"Flex+1","floor":22},{"not_picked":["Abandon+1","True Grit","Shockwave"],"picked":"Clash+1","floor":28},{"not_picked":["Perfected Strike+1","Power Through+1","Armaments"],"picked":"Clash","floor":29},{"not_picked":["Hemogenesis","Corruption","Offering"],"picked":"Double Tap","floor":33},{"not_picked":["Havoc","Body Slam","hubris:StunningStrike"],"picked":"Inflame","floor":35},{"not_picked":["Twin Strike","Warcry","Cleave+1"],"picked":"Flex+1","floor":36},{"not_picked":["Combust","Abandon","Body Slam"],"picked":"Whirlwind+1","floor":38},{"not_picked":["Replay:Parry","Violence","Finesse"],"picked":"Dark Shackles","floor":45}],"player_experience":102520,"relics_obtained":[{"floor":9,"key":"hubris:OldNail"},{"floor":11,"key":"hubris:DeckOfHolding"},{"floor":26,"key":"Shuriken"},{"floor":34,"key":"Ancient Tea Set"},{"floor":34,"key":"hubris:SphereOfDissonance"},{"floor":34,"key":"WingedGreaves"},{"floor":43,"key":"Strawberry"}],"event_choices":[{"cards_removed":["Defend_R"],"damage_healed":0,"gold_gain":0,"player_choice":"Purged","damage_taken":0,"max_hp_gain":0,"max_hp_loss":0,"event_name":"Purifier","floor":3,"gold_loss":0},{"damage_healed":0,"gold_gain":0,"player_choice":"Became a vampire","damage_taken":0,"max_hp_gain":0,"max_hp_loss":24,"event_name":"Vampires","floor":24,"gold_loss":0,"cards_obtained":["Bite","Bite","Bite","Bite","Bite"]},{"damage_healed":0,"gold_gain":0,"player_choice":"Shed Blood","damage_taken":14,"max_hp_gain":5,"max_hp_loss":0,"event_name":"Forgotten Altar","floor":27,"gold_loss":0},{"damage_healed":0,"gold_gain":100,"player_choice":"Pray","damage_taken":0,"max_hp_gain":0,"max_hp_loss":0,"event_name":"Golden Shrine","floor":31,"gold_loss":0},{"cards_removed":["Thunderclap"],"damage_healed":0,"gold_gain":0,"player_choice":"Removed Attack","damage_taken":0,"max_hp_gain":0,"max_hp_loss":0,"event_name":"Falling","floor":37,"gold_loss":0},{"damage_healed":0,"gold_gain":0,"player_choice":"Memory 1","damage_taken":0,"max_hp_gain":0,"max_hp_loss":0,"event_name":"SensoryStone","floor":45,"gold_loss":0}],"is_beta":false,"boss_relics":[{"not_picked":["hubris:Backtick","Empty Cage"],"picked":"Honey Jar"},{"not_picked":["Black Blood","Replay:Wanted Poster"],"picked":"Calling Bell"}],"items_purged_floors":[],"is_endless":false,"potions_floor_spawned":[4,7,11,14,16,18,28,29,38],"ascension_level":3}}