{"host":"7jbuhzz8yy5cuou7","time":1614219159,"event":{"mods":["AchievementEnabler","Act Like it!","BaseMod","Better Third Choice","Bossed Relics","Colored Map","Colored Powertips","Dark Map","DeckTracker","Minty Spire (QoL Compilation)","Permanent Neow","Quick Restart","Ruina","StSLib","The Cursed","The Hierophant","Weighted Paths"],"gold_per_floor":[111,286,305,305,305,305,338,338,388,69,94,104,104,127,127,127,127],"floor_reached":16,"language":"ENG","playtime":452,"items_purged":["Strike_R"],"score":159,"play_id":"f794a35a-10c7-4613-83bf-ace58eac29bd","local_time":"20210224191239","is_ascension_mode":true,"campfire_choices":[{"data":"Combust","floor":6,"key":"SMITH"},{"floor":8,"key":"REST"},{"floor":15,"key":"REST"}],"circlet_count":0,"master_deck":["AscendersBane","Strike_R+1","Strike_R","Defend_R+1","Defend_R+1","Defend_R+1","Defend_R","Bash","True Grit","Combust+1","Flame Barrier","True Grit"],"relics":["Burning Blood","Ancient Tea Set","War Paint","Gremlin Horn","Bag of Preparation","Golden Idol"],"acts_visited":["Exordium"],"potions_floor_usage":[11,16],"damage_taken":[{"damage":16,"enemies":"Jaw Worm","floor":1,"turns":5},{"damage":4,"enemies":"Small Slimes","floor":3,"turns":5},{"damage":25,"enemies":"3 Sentries","floor":7,"turns":7},{"damage":26,"enemies":"Gremlin Nob","floor":11,"turns":4},{"damage":6,"enemies":"2 Louse","floor":12,"turns":2},{"damage":59,"enemies":"Hexaghost","floor":16,"turns":9}],"seed_played":"5023624133594243744","potions_obtained":[{"floor":7,"key":"PowerPotion"},{"floor":12,"key":"Regen Potion"}],"is_trial":false,"path_per_floor":["M","?","M","?","?","R","E","R","T","$","E","M","?","T","R","B"],"character_chosen":"IRONCLAD","items_purchased":["Gremlin Horn"],"campfire_rested":2,"item_purchase_floors":[10],"current_hp_per_floor":[62,62,64,57,43,43,24,45,45,45,25,25,25,25,45,1,1],"gold":127,"neow_bonus":"REMOVE_TWO","is_daily":false,"chose_seed":false,"campfire_upgraded":1,"win_rate":0.0,"timestamp":1614219159,"path_taken":["M","?","M","?","?","R","E","R","T","$","E","M","?","?","R","BOSS"],"items_purchased_type":["Relic"],"build_version":"2020-12-22","purchased_purges":1,"victory":false,"max_hp_per_floor":[72,72,72,72,72,72,72,72,72,72,72,72,67,67,67,67,67],"card_choices":[{"not_picked":["Rupture","Power Through"],"picked":"True Grit","floor":1},{"not_picked":["Headbutt","Whirlwind"],"picked":"Combust","floor":3},{"not_picked":["Pommel Strike","Dark Embrace"],"picked":"Flame Barrier","floor":7},{"not_picked":["Berserk","Perfected Strike"],"picked":"True Grit","floor":11},{"not_picked":["Second Wind","Pommel Strike","Wild Strike"],"picked":"SKIP","floor":12}],"player_experience":441776,"relics_obtained":[{"floor":7,"key":"Ancient Tea Set"},{"floor":9,"key":"War Paint"},{"floor":11,"key":"Bag of Preparation"}],"event_choices":[{"damage_healed":0,"gold_gain":175,"player_choice":"AGREE","damage_taken":111,"max_hp_gain":0,"max_hp_loss":0,"event_name":"betterThird:BetterSerpent","floor":2,"gold_loss":0},{"cards_removed":["Doubt"],"damage_healed":0,"gold_gain":0,"player_choice":"Card Removal","damage_taken":7,"max_hp_gain":0,"max_hp_loss":0,"event_name":"Golden Wing","floor":4,"gold_loss":0},{"damage_healed":57,"gold_gain":0,"player_choice":"Upgrade","damage_taken":14,"max_hp_gain":0,"max_hp_loss":72,"event_name":"betterThird:BetterShining","floor":5,"gold_loss":0,"cards_upgraded":["Strike_R","Defend_R"]},{"damage_healed":0,"gold_gain":0,"player_choice":"Lose Max HP","damage_taken":0,"relics_obtained":["Golden Idol"],"max_hp_gain":0,"max_hp_loss":5,"event_name":"Golden Idol","floor":13,"gold_loss":0}],"is_beta":false,"boss_relics":[],"items_purged_floors":[10],"is_endless":false,"potions_floor_spawned":[7,12],"killed_by":"Hexaghost","ascension_level":10}}