{"host":"coel31jtabpraq8l","time":1614217645,"event":{"mods":["BaseMod","Highlight Path","Minty Spire (QoL Compilation)","SuperFastMode"],"gold_per_floor":[110,122,87,87,87,87,115,115,141,196,208,240,252,264,276,418,430,367,108,308,331,345,345,260,260,260,276,276,276,293,193,193,296,296,306,306,306,10,0,50,68,68,68,86,102,102,121,136,136,136],"floor_reached":51,"language":"ENG","playtime":1518,"items_purged":["Strike_B","Strike_B","Strike_B"],"score":755,"play_id":"912906ad-efe3-43f0-a3da-fd51fc1d5e2d","local_time":"20210224204725","is_ascension_mode":true,"campfire_choices":[{"floor":6,"key":"REST"},{"floor":11,"key":"REST"},{"floor":13,"key":"REST"},{"data":"Defragment","floor":15,"key":"SMITH"},{"floor":23,"key":"REST"},{"data":"Fission","floor":25,"key":"SMITH"},{"floor":29,"key":"REST"},{"floor":32,"key":"REST"},{"data":"Electrodynamics","floor":46,"key":"SMITH"},{"floor":49,"key":"REST"}],"circlet_count":0,"master_deck":["Defend_B","Defend_B","Defend_B","Zap","Dualcast","Defragment+1","Leap","Conserve Battery","Glacier","Fission+1","Mayhem","Streamline","Chill","Ball Lightning","Electrodynamics+1","CurseOfTheBell","Ball Lightning+1","Parasite","Echo Form"],"relics":["Cracked Core","Bloody Idol","Letter Opener","Odd Mushroom","MawBank","Toy Ornithopter","NlothsMask","Black Star","PreservedInsect","Calling Bell","Bag of Preparation","The Courier","FossilizedHelix","Cables","Red Mask","CaptainsWheel","Ice Cream"],"acts_visited":["Exordium","TheCity","TheBeyond"],"potions_floor_usage":[22,30,33,33,44,50,50,50],"damage_taken":[{"damage":11,"enemies":"Jaw Worm","floor":1,"turns":4},{"damage":8,"enemies":"2 Louse","floor":2,"turns":3},{"damage":24,"enemies":"The Mushroom Lair","floor":7,"turns":5},{"damage":22,"enemies":"Gremlin Nob","floor":10,"turns":4},{"damage":7,"enemies":"Small Slimes","floor":12,"turns":3},{"damage":31,"enemies":"The Guardian","floor":16,"turns":14},{"damage":23,"enemies":"2 Thieves","floor":18,"turns":5},{"damage":16,"enemies":"Shell Parasite","floor":21,"turns":7},{"damage":0,"enemies":"Snecko","floor":22,"turns":6},{"damage":7,"enemies":"Cultist and Chosen","floor":27,"turns":9},{"damage":32,"enemies":"Shelled Parasite and Fungi","floor":30,"turns":7},{"damage":56,"enemies":"Collector","floor":33,"turns":15},{"damage":0,"enemies":"Orb Walker","floor":35,"turns":4},{"damage":13,"enemies":"Mind Bloom Boss Battle","floor":40,"turns":7},{"damage":9,"enemies":"3 Darklings","floor":41,"turns":4},{"damage":0,"enemies":"Jaw Worm Horde","floor":44,"turns":2},{"damage":0,"enemies":"4 Shapes","floor":45,"turns":2},{"damage":26,"enemies":"Writhing Mass","floor":47,"turns":5},{"damage":0,"enemies":"Sphere and 2 Shapes","floor":48,"turns":3},{"damage":63,"enemies":"Time Eater","floor":50,"turns":13}],"seed_played":"3048422974502719209","potions_obtained":[{"floor":1,"key":"SteroidPotion"},{"floor":10,"key":"Ancient Potion"},{"floor":21,"key":"Dexterity Potion"},{"floor":27,"key":"SteroidPotion"},{"floor":30,"key":"DistilledChaos"},{"floor":35,"key":"Fire Potion"},{"floor":40,"key":"PowerPotion"},{"floor":47,"key":"FearPotion"},{"floor":48,"key":"ColorlessPotion"}],"is_trial":false,"path_per_floor":["M","M","?","?","?","R","?","$","T","E","R","M","R","?","R","B",null,"M","$","?","M","M","R","?","R","T","M","?","R","M","$","R","B",null,"M","?","?","$","?","?","M","$","T","M","M","R","M","M","R","B",null],"character_chosen":"DEFECT","items_purchased":["Mayhem","Streamline","Cables"],"campfire_rested":7,"item_purchase_floors":[19,19,38],"current_hp_per_floor":[57,49,66,49,46,66,42,42,42,20,40,33,53,53,53,22,68,45,45,45,29,34,54,54,54,54,47,47,67,45,45,65,22,68,68,65,65,65,65,57,53,53,53,63,65,65,44,49,65,2],"gold":136,"neow_bonus":"REMOVE_TWO","is_daily":false,"chose_seed":false,"campfire_upgraded":3,"win_rate":0.0,"timestamp":1614217645,"path_taken":["M","M","?","?","?","R","?","$","T","E","R","M","R","?","R","BOSS","M","$","?","?","M","R","?","R","T","M","?","R","M","?","R","BOSS","M","?","?","$","?","?","M","$","T","?","M","R","M","M","R","BOSS"],"items_purchased_type":["Card","Card","Relic"],"build_version":"2020-12-22","purchased_purges":3,"victory":true,"max_hp_per_floor":[68,68,68,68,68,68,68,68,68,68,68,68,68,68,68,68,68,68,68,68,68,68,68,68,68,68,68,68,68,68,68,68,68,68,68,65,65,65,65,65,65,65,65,65,65,65,65,65,65,65],"card_choices":[{"not_picked":["Loop","Cold Snap"],"picked":"Defragment","floor":1},{"not_picked":["Barrage","Undo"],"picked":"Leap","floor":2},{"not_picked":["Cold Snap","Force Field"],"picked":"Conserve Battery","floor":10},{"not_picked":["Sweeping Beam","Undo"],"picked":"Glacier","floor":12},{"not_picked":["Meteor Strike","Rainbow"],"picked":"Fission","floor":16},{"not_picked":["Doom and Gloom+1","Leap","Go for the Eyes"],"picked":"SKIP","floor":18},{"not_picked":["Ball Lightning","Chaos"],"picked":"Chill","floor":21},{"not_picked":["Heatsinks","Rebound","Gash+1"],"picked":"SKIP","floor":22},{"not_picked":["Force Field+1","Cold Snap+1","Compile Driver"],"picked":"SKIP","floor":27},{"not_picked":["Compile Driver+1","Hologram+1"],"picked":"Ball Lightning","floor":30},{"not_picked":["Hyperbeam","Thunder Strike"],"picked":"Electrodynamics","floor":33},{"not_picked":["Turbo+1","Steam+1"],"picked":"Ball Lightning+1","floor":35},{"not_picked":["Barrage","Conserve Battery+1","Lockon"],"picked":"SKIP","floor":41},{"not_picked":["Leap","Biased Cognition","Sweeping Beam"],"picked":"SKIP","floor":44},{"not_picked":["Force Field+1","Sweeping Beam+1","Recycle"],"picked":"SKIP","floor":45},{"not_picked":["Rebound","Reinforced Body","Streamline+1"],"picked":"SKIP","floor":47},{"not_picked":["Hologram","Conserve Battery"],"picked":"Echo Form","floor":48}],"player_experience":637687,"relics_obtained":[{"floor":7,"key":"Odd Mushroom"},{"floor":9,"key":"MawBank"},{"floor":10,"key":"Toy Ornithopter"},{"floor":34,"key":"Bag of Preparation"},{"floor":34,"key":"The Courier"},{"floor":34,"key":"FossilizedHelix"},{"floor":40,"key":"CaptainsWheel"},{"floor":43,"key":"Ice Cream"}],"event_choices":[{"damage_healed":17,"gold_gain":0,"player_choice":"Healed","damage_taken":0,"max_hp_gain":0,"max_hp_loss":0,"event_name":"The Cleric","floor":3,"gold_loss":35},{"damage_healed":0,"gold_gain":0,"player_choice":"Take Damage","damage_taken":17,"relics_obtained":["Golden Idol"],"max_hp_gain":0,"max_hp_loss":0,"event_name":"Golden Idol","floor":4,"gold_loss":0},{"damage_healed":0,"gold_gain":0,"player_choice":"Success","damage_taken":3,"relics_obtained":["Letter Opener"],"max_hp_gain":0,"max_hp_loss":0,"event_name":"Scrap Ooze","floor":5,"gold_loss":0},{"damage_healed":0,"gold_gain":0,"player_choice":"Fought Mushrooms","damage_taken":0,"max_hp_gain":0,"max_hp_loss":0,"event_name":"Mushrooms","floor":7,"gold_loss":0},{"damage_healed":0,"gold_gain":0,"player_choice":"Trade","damage_taken":0,"relics_obtained":["NlothsMask"],"max_hp_gain":0,"max_hp_loss":0,"event_name":"FaceTrader","floor":14,"gold_loss":0},{"damage_healed":0,"gold_gain":250,"player_choice":"Bet on Owner","damage_taken":0,"max_hp_gain":0,"max_hp_loss":0,"event_name":"The Joust","floor":20,"gold_loss":50},{"damage_healed":0,"gold_gain":0,"player_choice":"Obtained Relic","damage_taken":0,"relics_obtained":["PreservedInsect"],"max_hp_gain":0,"max_hp_loss":0,"event_name":"Addict","floor":24,"gold_loss":85},{"damage_healed":0,"gold_gain":0,"player_choice":"Gave Idol","damage_taken":0,"relics_obtained":["Bloody Idol"],"max_hp_gain":0,"max_hp_loss":0,"event_name":"Forgotten Altar","floor":28,"relics_lost":["Golden Idol"],"gold_loss":0},{"damage_healed":0,"gold_gain":0,"player_choice":"Max HP","damage_taken":0,"max_hp_gain":0,"max_hp_loss":3,"event_name":"Winding Halls","floor":36,"gold_loss":0},{"damage_healed":0,"gold_gain":0,"player_choice":"Ignored","damage_taken":0,"max_hp_gain":0,"max_hp_loss":0,"event_name":"Mysterious Sphere","floor":37,"gold_loss":0},{"damage_healed":0,"gold_gain":0,"player_choice":"Paid","damage_taken":0,"relics_obtained":["Red Mask"],"max_hp_gain":0,"max_hp_loss":0,"event_name":"Tomb of Lord Red Mask","floor":39,"gold_loss":10},{"damage_healed":0,"gold_gain":0,"player_choice":"Fight","damage_taken":0,"max_hp_gain":0,"max_hp_loss":0,"event_name":"MindBloom","floor":40,"gold_loss":0}],"is_beta":false,"boss_relics":[{"not_picked":["Nuclear Battery","Runic Pyramid"],"picked":"Black Star"},{"not_picked":["Fusion Hammer","Velvet Choker"],"picked":"Calling Bell"}],"items_purged_floors":[19,31,38],"is_endless":false,"potions_floor_spawned":[1,10,21,27,30,35,40,47,48],"ascension_level":3}}