{"host":"nn0usk9aafse27ii","time":1614296543,"event":{"mods":["BaseMod","Colored Map","Downfall","Highlight Path","Minty Spire (QoL Compilation)","Shop Mod","StSLib"],"gold_per_floor":[99,119,119,29,49,34,34,54,70,89,124,135,35,46,60,159,159,59,77,90,104,204,204,204,104,114,114,114,129,229,229,240,345,345,345,363,363,374,4,15,15,39,51,63,85,97,67,100,120,120,120,145,26,26,26,26],"floor_reached":57,"language":"ENG","playtime":5149,"items_purged":["Slimebound:Strike_Slimebound"],"score":1190,"play_id":"437451ed-24dd-4b56-8482-4a0f23a79697","local_time":"20210225154223","is_ascension_mode":false,"campfire_choices":[{"data":"Slimebound:CorrosiveSpit","floor":1.0,"key":"SMITH"},{"floor":13,"key":"RECALL"},{"data":"Slimebound:SlimeBrawl","floor":18,"key":"SMITH"},{"floor":25,"key":"REST"},{"data":"Slimebound:Darklings","floor":27,"key":"SMITH"},{"data":"Slimebound:FirmFortitude","floor":35,"key":"SMITH"},{"data":"Slimebound:DuplicatedForm","floor":46,"key":"SMITH"},{"data":"Slimebound:PrepareCrush","floor":54,"key":"SMITH"}],"circlet_count":0,"master_deck":["Slimebound:Strike_Slimebound+1","Slimebound:Strike_Slimebound+1","Slimebound:Tackle+1","Slimebound:Defend_Slimebound+1","Slimebound:Defend_Slimebound+1","Slimebound:Defend_Slimebound+1","Slimebound:Defend_Slimebound+1","Slimebound:Split+1","Slimebound:CorrosiveSpit+1","Slimebound:SplitAcid+1","Slimebound:LevelUp+1","Slimebound:SplitMire+1","Slimebound:Schlurp+1","Slimebound:Overexert+1","Slimebound:SlimeBrawl+1","Slimebound:Recollect+1","Slimebound:LeechEnergy+1","Slimebound:Repurpose+1","Slimebound:ForwardTackle+1","Slimebound:Darklings+1","Slimebound:RejuvenatingLick+1","Slimebound:HauntingLick+1","Slimebound:ProtectTheBoss+1","Slimebound:HungryTackle+1","Slimebound:Prepare+1","Slimebound:LeadByExample+1","Slimebound:SlimeSpikes+1","Slimebound:FirmFortitude+1","Slimebound:DisruptingSlam","Slimebound:PrepareCrush+1","Sadistic Nature+1","Slimebound:Equalize","Slimebound:LeechingTouch+1","Slimebound:LeechEnergy+1","Slimebound:DuplicatedForm+1","Slimebound:Prepare","Slimebound:Prepare+1","Slimebound:SplitBruiser+1"],"relics":["Slimebound:AbsorbEndCombat","The Courier","Bag of Marbles","Philosopher\u0027s Stone","Lizard Tail","StrikeDummy","Juzu Bracelet","downfall:GremlinWheel","downfall:RedIOU","expansioncontent:StudyCardRelic","Bottled Tornado","Ice Cream","MawBank","Omamori","White Beast Statue"],"acts_visited":["Exordium","TheCity","TheBeyond","TheEnding"],"potions_floor_usage":[12,16,16,26,26,33,33,33,45,48,49,49,49,50,50,52,55,56,56],"damage_taken":[{"damage":3.0,"enemies":"2 Louse","floor":2.0,"turns":1.0},{"damage":0.0,"enemies":"downfall:FleeingMerchant","floor":4.0,"turns":4.0},{"damage":6.0,"enemies":"Cultist","floor":5.0,"turns":4.0},{"damage":3.0,"enemies":"downfall:FleeingMerchant","floor":6.0,"turns":4.0},{"damage":8.0,"enemies":"Jaw Worm","floor":8.0,"turns":3.0},{"damage":0.0,"enemies":"3 Louse","floor":9.0,"turns":2.0},{"damage":18.0,"enemies":"Exordium Wildlife","floor":10.0,"turns":4.0},{"damage":5.0,"enemies":"Lagavulin","floor":11.0,"turns":5.0},{"damage":4,"enemies":"Large Slime","floor":12,"turns":4},{"damage":0,"enemies":"3 Louse","floor":14,"turns":2},{"damage":3,"enemies":"Lots of Slimes","floor":15,"turns":3},{"damage":17,"enemies":"WA_ARCHETYPE_RETAIN","floor":16,"turns":7},{"damage":2,"enemies":"3 Byrds","floor":19,"turns":2},{"damage":6,"enemies":"Shell Parasite","floor":20,"turns":3},{"damage":11,"enemies":"Centurion and Healer","floor":21,"turns":4},{"damage":31,"enemies":"Colosseum Nobs","floor":22,"turns":4},{"damage":19,"enemies":"Snake Plant","floor":26,"turns":2},{"damage":28,"enemies":"Chosen and Byrds","floor":29,"turns":6},{"damage":5,"enemies":"Chosen and Byrds","floor":30,"turns":3},{"damage":16,"enemies":"Shelled Parasite and Fungi","floor":32,"turns":3},{"damage":38,"enemies":"DF_ARCHETYPE_CLAW","floor":33,"turns":8},{"damage":10,"enemies":"Orb Walker","floor":36,"turns":4},{"damage":6,"enemies":"3 Shapes","floor":38,"turns":2},{"damage":0,"enemies":"downfall:FleeingMerchant","floor":39,"turns":4},{"damage":10,"enemies":"Sphere and 2 Shapes","floor":40,"turns":2},{"damage":8,"enemies":"Maw","floor":42,"turns":5},{"damage":29,"enemies":"4 Shapes","floor":45,"turns":3},{"damage":29,"enemies":"Giant Head","floor":48,"turns":5},{"damage":2,"enemies":"3 Darklings","floor":49,"turns":3},{"damage":37,"enemies":"IC_BLOCK_ARCHETYPE","floor":50,"turns":6},{"damage":39,"enemies":"downfall:CharBossMerchant","floor":52,"turns":5},{"damage":24,"enemies":"downfall:NeowBoss","floor":55,"turns":8},{"damage":27,"enemies":"downfall:NeowBossFinal","floor":56,"turns":5}],"seed_played":"8273390949814454180","potions_obtained":[{"floor":3.0,"key":"Fruit Juice"},{"floor":3.0,"key":"Slimebound:SlimyTonguePotion"},{"floor":3.0,"key":"Swift Potion"},{"floor":8.0,"key":"Energy Potion"},{"floor":10.0,"key":"sneckomod:MuddlingPotion"},{"floor":12,"key":"AttackPotion"},{"floor":14,"key":"Fire Potion"},{"floor":15,"key":"AttackPotion"},{"floor":22,"key":"Weak Potion"},{"floor":26,"key":"sneckomod:MuddlingPotion"},{"floor":29,"key":"Dexterity Potion"},{"floor":30,"key":"Strength Potion"},{"floor":38,"key":"ColorlessPotion"},{"floor":40,"key":"Regen Potion"},{"floor":49,"key":"FearPotion"},{"floor":52,"key":"ColorlessPotion"}],"is_trial":false,"path_per_floor":["R","M","?","$","M","$","T","M","M","M","E","M","R","M","M","B",null,"R","M","M","M","?","?","T","R","M","R","?","M","?","?","M","B",null,"R","M","?","M","$","M","T","M","?","?","M","R","$","E","M","B",null,"E","$","R","B","B",null],"character_chosen":"SLIMEBOUND","items_purchased":["Sadistic Nature","Bottled Tornado","Ice Cream","EntropicBrew","Slimebound:Equalize","PowerPotion","DuplicationPotion","Ancient Potion"],"campfire_rested":1,"item_purchase_floors":[39,39,39,39,39,47,53,53],"current_hp_per_floor":[65,62,67,69,65,68,68,66,70,56,57,55,55,59,58,49,70,70,68,66,61,36,36,36,70,55,55,55,33,34,34,26,39,80,80,72,70,70,70,60,60,64,64,64,39,70,70,58,70,68,70,43,43,43,42,40],"gold":26,"neow_bonus":"RANDOM_COMMON_RELIC","is_daily":false,"chose_seed":false,"campfire_upgraded":6,"win_rate":0.0,"timestamp":1614296543,"path_taken":["R","M","?","?","M","$","T","M","M","M","E","?","R","M","M","BOSS","R","M","M","M","?","?","T","R","M","R","?","M","?","?","M","BOSS","R","M","?","M","$","M","T","M","?","?","M","R","$","E","M","BOSS","E","$","R","BOSS","BOSS"],"items_purchased_type":["Card","Relic","Relic","Potion","Card","Potion","Potion","Potion"],"build_version":"2020-12-22","purchased_purges":1,"victory":true,"max_hp_per_floor":[65,65,70,70,70,70,70,70,70,70,70,70,70,70,70,70,70,70,70,70,70,70,70,70,80,80,80,80,80,80,80,80,80,80,80,80,70,70,70,70,70,70,70,70,70,70,70,70,70,70,70,70,70,70,70,70],"card_choices":[{"not_picked":["Slimebound:SplitMire","Slimebound:SlimeSpikes"],"picked":"Slimebound:SplitAcid","floor":2.0},{"not_picked":["Slimebound:SplitMire","Slimebound:SplitAcid"],"picked":"Slimebound:LevelUp","floor":4.0},{"not_picked":["Slimebound:ItLooksTasty","Slimebound:FinishingTackle"],"picked":"Slimebound:SplitMire","floor":5.0},{"not_picked":["Slimebound:FlameTackle","Slimebound:LeadByExample"],"picked":"Slimebound:Schlurp","floor":6.0},{"not_picked":["Slimebound:RollThrough","Slimebound:PressTheAttack"],"picked":"Slimebound:Overexert","floor":8.0},{"not_picked":["Slimebound:FlameTackle","Slimebound:ComboTackle","Slimebound:GoopTackle"],"picked":"SKIP","floor":9.0},{"not_picked":["Slimebound:SplitMire","Slimebound:FinishingTackle"],"picked":"Slimebound:SlimeBrawl","floor":10.0},{"not_picked":["Slimebound:SamplingLick","Slimebound:LeechingTouch"],"picked":"Slimebound:Recollect","floor":11.0},{"not_picked":["Slimebound:SlimeSpikes","Slimebound:FinishingTackle"],"picked":"Slimebound:LeechEnergy","floor":12},{"not_picked":["Slimebound:AcidTongue","Slimebound:LivingWall"],"picked":"Slimebound:Repurpose","floor":14},{"not_picked":["Slimebound:RollThrough","Slimebound:TongueLash"],"picked":"Slimebound:ForwardTackle","floor":15},{"not_picked":["Slimebound:MassFeed","Slimebound:FirmFortitude"],"picked":"Slimebound:Darklings","floor":16},{"not_picked":["Slimebound:PressTheAttack+1","Slimebound:GoopTackle"],"picked":"Slimebound:RejuvenatingLick","floor":19},{"not_picked":["Slimebound:Grow","Slimebound:SlimeSpikes"],"picked":"Slimebound:HauntingLick+1","floor":20},{"not_picked":["Slimebound:GoopTackle","Slimebound:ForwardTackle"],"picked":"Slimebound:ProtectTheBoss+1","floor":21},{"not_picked":["Slimebound:GoopTackle+1","Slimebound:RollThrough+1"],"picked":"Slimebound:HungryTackle","floor":22},{"not_picked":["Slimebound:LevelUp","Slimebound:SplitMire+1"],"picked":"Slimebound:Prepare","floor":26},{"not_picked":["Slimebound:DouseInSlime","Slimebound:HauntingLick"],"picked":"Slimebound:LeadByExample","floor":29},{"not_picked":["Slimebound:GoopTackle","Slimebound:DisruptingSlam+1"],"picked":"Slimebound:SlimeSpikes","floor":32},{"not_picked":["Slimebound:MassFeed","Slimebound:OozeBath"],"picked":"Slimebound:FirmFortitude","floor":33},{"not_picked":["Slimebound:ComboTackle+1","Slimebound:FinishingTackle","Slimebound:GoopTackle+1"],"picked":"SKIP","floor":36},{"not_picked":["Slimebound:Dissolve","Slimebound:GoopTackle+1"],"picked":"Slimebound:DisruptingSlam","floor":38},{"not_picked":["Slimebound:SplitMire","Slimebound:Schlurp+1"],"picked":"Slimebound:PrepareCrush","floor":39},{"not_picked":["Slimebound:SamplingLick+1","Slimebound:GoopTackle+1"],"picked":"Slimebound:LeechingTouch+1","floor":40},{"not_picked":["Slimebound:LeechingTouch","Slimebound:ForwardTackle"],"picked":"Slimebound:LeechEnergy+1","floor":42},{"not_picked":["Slimebound:SplitSpecialist","Slimebound:MegaLick+1"],"picked":"Slimebound:DuplicatedForm","floor":45},{"not_picked":["Slimebound:LeechEnergy+1","Slimebound:Equalize"],"picked":"Slimebound:Prepare","floor":48},{"not_picked":["Slimebound:LivingWall+1","Slimebound:Chomp+1"],"picked":"Slimebound:Prepare+1","floor":49},{"not_picked":["Slimebound:RollThrough+1","Slimebound:FormOfPuddle"],"picked":"Slimebound:SplitBruiser+1","floor":52}],"player_experience":824252,"relics_obtained":[{"floor":7.0,"key":"The Courier"},{"floor":11.0,"key":"Bag of Marbles"},{"floor":22,"key":"Lizard Tail"},{"floor":22,"key":"StrikeDummy"},{"floor":30,"key":"downfall:GremlinWheel"},{"floor":41,"key":"MawBank"},{"floor":48,"key":"Omamori"},{"floor":52,"key":"White Beast Statue"}],"event_choices":[{"damage_healed":0.0,"max_hp_gain":0.0,"max_hp_loss":0.0,"gold_gain":0.0,"event_name":"Lab","player_choice":"Got Potions","floor":3.0,"gold_loss":0.0,"damage_taken":0.0},{"damage_healed":0,"gold_gain":0,"player_choice":"Forge","damage_taken":0,"max_hp_gain":0,"max_hp_loss":0,"event_name":"Accursed Blacksmith","floor":43,"gold_loss":0,"cards_upgraded":["Sadistic Nature"]},{"damage_healed":31,"gold_gain":0,"player_choice":"Full Heal","damage_taken":0,"max_hp_gain":0,"max_hp_loss":0,"event_name":"Wheel of Change","floor":46,"gold_loss":0}],"is_beta":false,"boss_relics":[{"not_picked":["Black Star","Runic Dome"],"picked":"Philosopher\u0027s Stone"},{"not_picked":["Velvet Choker","Empty Cage"],"picked":"expansioncontent:StudyCardRelic"}],"items_purged_floors":[4],"is_endless":false,"potions_floor_spawned":[8,10,12,14,15,22,26,29,30,38,40,42,49,52],"ascension_level":0}}