{"host":"zp8jvycvinn13jdb","time":1614277787,"event":{"mods":["BaseMod","Better Match","Colored Powertips","Downfall","Googly Eyes","Hermit","Minty Spire (QoL Compilation)","Rare Cards Sparkle","Relic Stats","StSLib","SuperFastMode","Synergy Search","The Bug Knight","The Cursed"],"gold_per_floor":[111,131,56,68,88,115,115,133,159,173,191,205,60,70,70,173,173,186,206,54,64,64,64],"floor_reached":22,"language":"ENG","playtime":1294,"items_purged":["Defend_R","Strike_R","Heavy Blade"],"score":194,"play_id":"db7eaf9e-794d-4cd8-a9d2-ad3f44896863","local_time":"20210225132947","is_ascension_mode":false,"campfire_choices":[{"data":"Armaments","floor":7,"key":"SMITH"},{"floor":15,"key":"REST"}],"circlet_count":0,"master_deck":["Strike_R","Strike_R","Strike_R","Strike_R","Defend_R","Defend_R","Defend_R","Bash","Armaments+1","Headbutt","Shrug It Off","Headbutt","Intimidate","Flex","CurseOfTheBell","Searing Blow","Shrug It Off","Flex"],"relics":["Burning Blood","MealTicket","HollowMod:PaleOreRelic","Calling Bell","Boot","Self Forming Clay","Turnip"],"acts_visited":["Exordium","TheCity"],"potions_floor_usage":[6,16,16,21],"damage_taken":[{"damage":6,"enemies":"Cultist","floor":1,"turns":3},{"damage":5,"enemies":"Jaw Worm","floor":2,"turns":5},{"damage":6,"enemies":"2 Louse","floor":4,"turns":3},{"damage":10,"enemies":"Blue Slaver","floor":5,"turns":6},{"damage":24,"enemies":"Gremlin Nob","floor":6,"turns":4},{"damage":11,"enemies":"Red Slaver","floor":8,"turns":3},{"damage":14,"enemies":"Exordium Thugs","floor":10,"turns":5},{"damage":13,"enemies":"3 Louse","floor":11,"turns":5},{"damage":13,"enemies":"Large Slime","floor":12,"turns":6},{"damage":0,"enemies":"Looter","floor":14,"turns":4},{"damage":22,"enemies":"The Guardian","floor":16,"turns":14},{"damage":28,"enemies":"Shell Parasite","floor":18,"turns":8},{"damage":22,"enemies":"Chosen","floor":19,"turns":7},{"damage":28,"enemies":"Snake Plant","floor":21,"turns":4},{"damage":44,"enemies":"Centurion and Healer","floor":22,"turns":8}],"seed_played":"-1990869740742214954","potions_obtained":[{"floor":4,"key":"DuplicationPotion"},{"floor":6,"key":"Explosive Potion"},{"floor":8,"key":"PowerPotion"},{"floor":10,"key":"DistilledChaos"},{"floor":16,"key":"sneckomod:MuddlingPotion"},{"floor":18,"key":"SteroidPotion"}],"is_trial":false,"path_per_floor":["M","M","$","M","M","E","R","M","T","M","M","M","$","M","R","B",null,"M","M","$","M","M"],"character_chosen":"IRONCLAD","items_purchased":["Flex","Flex"],"campfire_rested":1,"item_purchase_floors":[13,20],"current_hp_per_floor":[88,88,88,88,84,66,66,61,61,53,46,39,54,60,86,70,88,66,50,65,43,0,0],"gold":64,"neow_bonus":"TEN_PERCENT_HP_BONUS","is_daily":false,"chose_seed":false,"campfire_upgraded":1,"win_rate":0.0,"timestamp":1614277787,"path_taken":["M","M","$","M","M","E","R","M","T","M","M","M","$","M","R","BOSS","M","?","$","M","M"],"items_purchased_type":["Card","Card"],"build_version":"2020-12-22","purchased_purges":3,"victory":false,"max_hp_per_floor":[88,88,88,88,88,88,88,88,88,88,88,88,88,88,88,88,88,88,88,88,88,88,88],"relic_stats":{"counters":[15,85],"Self Forming Clay":[51],"MealTicket":30,"Turnip":[10],"Boot":[8],"obtain_stats":[{"Calling Bell":17,"Self Forming Clay":17,"MealTicket":6,"Turnip":17,"HollowMod:PaleOreRelic":9,"Boot":17,"Burning Blood":0},{"Calling Bell":11,"Self Forming Clay":11,"MealTicket":5,"Turnip":11,"HollowMod:PaleOreRelic":6,"Boot":11,"Burning Blood":0},{"Calling Bell":58,"Self Forming Clay":58,"MealTicket":21,"Turnip":58,"HollowMod:PaleOreRelic":24,"Boot":58,"Burning Blood":0}],"Burning Blood":83},"card_choices":[{"not_picked":["Warcry","Clothesline"],"picked":"Armaments","floor":1},{"not_picked":["Thunderclap","Metallicize"],"picked":"Headbutt","floor":2},{"not_picked":["Flame Barrier","Pummel","Rampage"],"picked":"SKIP","floor":4},{"not_picked":["Seeing Red","Reaper","Sword Boomerang"],"picked":"SKIP","floor":5},{"not_picked":["Headbutt","Sword Boomerang","Blood for Blood"],"picked":"SKIP","floor":6},{"not_picked":["Body Slam","Rupture","Thunderclap"],"picked":"SKIP","floor":8},{"not_picked":["Twin Strike","Cleave"],"picked":"Shrug It Off","floor":10},{"not_picked":["Combust","Flex"],"picked":"Headbutt","floor":11},{"not_picked":["Carnage","Clash"],"picked":"Intimidate","floor":12},{"not_picked":["Clothesline","Anger"],"picked":"Heavy Blade","floor":14},{"not_picked":["Dual Wield","Heavy Blade"],"picked":"Searing Blow","floor":18},{"not_picked":["Seeing Red","Headbutt"],"picked":"Shrug It Off","floor":19},{"not_picked":["Limit Break","Perfected Strike","Blood for Blood"],"picked":"SKIP","floor":21}],"player_experience":181031,"relics_obtained":[{"floor":6,"key":"MealTicket"},{"floor":9,"key":"HollowMod:PaleOreRelic"},{"floor":17,"key":"Boot"},{"floor":17,"key":"Self Forming Clay"},{"floor":17,"key":"Turnip"}],"event_choices":[],"is_beta":false,"boss_relics":[{"not_picked":["Snecko Eye","Sozu"],"picked":"Calling Bell"}],"items_purged_floors":[3,13,20],"is_endless":false,"potions_floor_spawned":[4,6,8,10,16,18,19],"killed_by":"Centurion and Healer","ascension_level":0}}