{"host":"jegehu1t82aiec5j","time":1614278800,"event":{"mods":["BaseMod","Colored Map","Minty Spire (QoL Compilation)","Relic Stats","StSLib"],"gold_per_floor":[117,117,137,137,137,164,164,164,188,204,49,66,76,104,104,181,181,196,96,276,291,341,371,371,399,448,459,472,472,472,489,489,563,563,581,581,592,608,633,664,664,678,702,736,736,155,183,201,201,201],"floor_reached":51,"language":"ENG","playtime":2194,"items_purged":["Strike_B","Dualcast"],"score":1455,"play_id":"4c6fe25a-e27e-44ba-bcc4-7ba725f23fae","local_time":"20210225134640","is_ascension_mode":true,"campfire_choices":[{"data":"Chaos","floor":7,"key":"SMITH"},{"data":"Tempest","floor":15,"key":"SMITH"},{"floor":24,"key":"REST"},{"data":"Barrage","floor":30,"key":"SMITH"},{"data":"Thunder Strike","floor":32,"key":"SMITH"},{"data":"Meteor Strike","floor":41,"key":"SMITH"},{"data":"Amplify","floor":45,"key":"SMITH"},{"data":"Thunder Strike","floor":49,"key":"SMITH"}],"circlet_count":0,"master_deck":["AscendersBane","Defend_B","Defend_B","Defend_B","Defend_B","Zap","Mayhem","Mayhem","Mayhem","Mayhem","Mayhem","Mayhem","Mayhem","Mayhem","Mayhem","Mayhem","Mayhem","Mayhem","Mayhem","Mayhem","Mayhem","Mayhem","Mayhem","Mayhem","Mayhem","Mayhem","Mayhem","Mayhem","Mayhem","Mayhem","Mayhem","White Noise","Chaos+1","Biased Cognition+1","Cold Snap","Ball Lightning","Tempest+1","Capacitor+1","Leap","Storm+1","Amplify+1","Thunder Strike+1","Aggregate","Barrage+1","Go for the Eyes","Reinforced Body","Consume+1","Creative AI+1","Coolheaded","Echo Form+1","Meteor Strike+1","Defragment+1","Panache+1","Loop+1","Thunder Strike+1","Heatsinks+1"],"relics":["Cracked Core","Bird Faced Urn","WarpedTongs","Frozen Egg 2","Boot","Anchor","Smiling Mask","Inserter","Vajra","Blood Vial","Dream Catcher","Coffee Dripper","Emotion Chip","Bronze Scales","Toy Ornithopter","Pantograph","Runic Capacitor","Blue Candle"],"acts_visited":["Exordium","TheCity","TheBeyond"],"potions_floor_usage":[23,35],"damage_taken":[{"damage":15,"enemies":"Cultist","floor":1,"turns":5},{"damage":25,"enemies":"Small Slimes","floor":3,"turns":5},{"damage":15,"enemies":"Lagavulin","floor":6,"turns":6},{"damage":4,"enemies":"2 Louse","floor":10,"turns":4},{"damage":8,"enemies":"2 Fungi Beasts","floor":12,"turns":4},{"damage":19,"enemies":"Blue Slaver","floor":13,"turns":4},{"damage":16,"enemies":"Gremlin Nob","floor":14,"turns":3},{"damage":13,"enemies":"The Guardian","floor":16,"turns":5},{"damage":21,"enemies":"Spheric Guardian","floor":18,"turns":4},{"damage":2,"enemies":"Chosen","floor":21,"turns":2},{"damage":46,"enemies":"Slavers","floor":23,"turns":5},{"damage":27,"enemies":"Book of Stabbing","floor":25,"turns":4},{"damage":12,"enemies":"Snake Plant","floor":27,"turns":3},{"damage":21,"enemies":"3 Cultists","floor":28,"turns":4},{"damage":14,"enemies":"Snecko","floor":31,"turns":5},{"damage":34,"enemies":"Champ","floor":33,"turns":6},{"damage":39,"enemies":"3 Darklings","floor":35,"turns":3},{"damage":18,"enemies":"Orb Walker","floor":37,"turns":4},{"damage":21,"enemies":"Sphere and 2 Shapes","floor":38,"turns":4},{"damage":36,"enemies":"Mind Bloom Boss Battle","floor":39,"turns":6},{"damage":9,"enemies":"Giant Head","floor":40,"turns":5},{"damage":20,"enemies":"4 Shapes","floor":42,"turns":4},{"damage":16,"enemies":"Nemesis","floor":44,"turns":7},{"damage":5,"enemies":"Giant Head","floor":47,"turns":5},{"damage":12,"enemies":"3 Darklings","floor":48,"turns":3},{"damage":66,"enemies":"Donu and Deca","floor":50,"turns":5}],"seed_played":"-5921784696489229715","potions_obtained":[{"floor":1,"key":"SneckoOil"},{"floor":6,"key":"PowerPotion"},{"floor":12,"key":"ColorlessPotion"},{"floor":25,"key":"ColorlessPotion"},{"floor":35,"key":"CultistPotion"}],"is_trial":false,"path_per_floor":["M","T","M","?","?","E","R","?","T","M","$","M","M","E","R","B",null,"M","$","?","M","?","E","R","E","T","M","M","?","R","M","R","B",null,"M","?","M","M","?","E","R","M","T","E","R","$","E","M","R","B",null],"character_chosen":"DEFECT","items_purchased":["Tempest","Capacitor+1","Barrage","Panache+1","Runic Capacitor","Loop+1","Thunder Strike"],"campfire_rested":1,"item_purchase_floors":[11,11,19,46,46,46,46],"current_hp_per_floor":[70,70,71,76,76,76,76,69,69,76,76,76,68,68,68,71,75,65,65,46,56,56,34,56,51,51,57,54,54,54,66,66,76,76,54,54,56,65,76,76,76,76,76,76,76,76,76,74,74,52],"gold":201,"neow_bonus":"TRANSFORM_CARD","is_daily":false,"chose_seed":false,"campfire_upgraded":7,"win_rate":0.0,"timestamp":1614278800,"path_taken":["M","?","M","?","?","E","R","?","T","M","$","M","?","E","R","BOSS","M","$","?","?","?","E","R","E","T","?","M","?","R","M","R","BOSS","M","?","M","M","?","E","R","M","T","E","R","$","E","M","R","BOSS"],"items_purchased_type":["Card","Card","Card","Card","Relic","Card","Card"],"build_version":"2020-12-22","purchased_purges":2,"victory":true,"max_hp_per_floor":[71,71,71,76,76,76,76,76,76,76,76,76,76,76,76,76,76,76,76,76,76,76,76,76,76,76,76,76,76,76,76,76,76,76,76,76,76,76,76,76,76,76,76,76,76,76,76,76,76,76],"relic_stats":{"Inserter":[39],"counters":[26,115],"Blue Candle":[0],"Boot":[24],"Smiling Mask":75,"WarpedTongs":[115],"Blood Vial":14,"Dream Catcher":0,"Emotion Chip":[56,52,1,1,2],"Bird Faced Urn":[501],"Bronze Scales":[64],"Pantograph":2,"obtain_stats":[{"Inserter":17,"Blue Candle":47,"Vajra":23,"Runic Capacitor":46,"Frozen Egg 2":2,"Boot":6,"Smiling Mask":14,"WarpedTongs":0,"Blood Vial":25,"Anchor":9,"Dream Catcher":26,"Emotion Chip":39,"Bird Faced Urn":0,"Bronze Scales":40,"Pantograph":44,"Coffee Dripper":34,"Cracked Core":0,"Toy Ornithopter":43},{"Inserter":8,"Blue Candle":24,"Vajra":11,"Runic Capacitor":23,"Frozen Egg 2":1,"Boot":3,"Smiling Mask":7,"WarpedTongs":0,"Blood Vial":12,"Anchor":3,"Dream Catcher":12,"Emotion Chip":20,"Bird Faced Urn":0,"Bronze Scales":21,"Pantograph":23,"Coffee Dripper":16,"Cracked Core":0,"Toy Ornithopter":22},{"Inserter":36,"Blue Candle":107,"Vajra":47,"Runic Capacitor":102,"Frozen Egg 2":5,"Boot":16,"Smiling Mask":31,"WarpedTongs":0,"Blood Vial":51,"Anchor":16,"Dream Catcher":51,"Emotion Chip":86,"Bird Faced Urn":0,"Bronze Scales":91,"Pantograph":102,"Coffee Dripper":69,"Cracked Core":0,"Toy Ornithopter":95}],"Toy Ornithopter":0},"card_choices":[{"not_picked":["Go for the Eyes","FTL"],"picked":"Chaos","floor":1},{"not_picked":["Compile Driver","Conserve Battery"],"picked":"Sweeping Beam","floor":3},{"not_picked":["Biased Cognition+1","Go for the Eyes"],"picked":"Cold Snap","floor":6},{"not_picked":["Beam Cell","Melter"],"picked":"Ball Lightning","floor":10},{"not_picked":["Rebound","Hyperbeam"],"picked":"Leap","floor":12},{"not_picked":["Hologram","Doom and Gloom"],"picked":"Storm+1","floor":13},{"not_picked":["Melter","Cold Snap"],"picked":"Amplify","floor":14},{"not_picked":["Fission","Seek"],"picked":"Thunder Strike","floor":16},{"not_picked":["Coolheaded+1","Streamline"],"picked":"Aggregate","floor":18},{"not_picked":["Streamline","FTL"],"picked":"Go for the Eyes","floor":21},{"not_picked":["Doom and Gloom","Skim","Ball Lightning"],"picked":"SKIP","floor":23},{"not_picked":["Storm+1","Melter"],"picked":"Reinforced Body","floor":25},{"not_picked":["Beam Cell","Chaos"],"picked":"Consume","floor":27},{"not_picked":["Conserve Battery","Turbo","Barrage+1"],"picked":"SKIP","floor":28},{"not_picked":["Go for the Eyes","Steam","Double Energy"],"picked":"SKIP","floor":31},{"not_picked":["Core Surge","Amplify"],"picked":"Creative AI+1","floor":33},{"not_picked":["Rebound","Streamline","Gash+1"],"picked":"SKIP","floor":35},{"not_picked":["Gash","Turbo"],"picked":"Coolheaded","floor":37},{"not_picked":["Undo","Steam"],"picked":"Echo Form+1","floor":38},{"not_picked":["Steam","Streamline"],"picked":"Meteor Strike","floor":40},{"not_picked":["Chaos","Ball Lightning+1","Fusion"],"picked":"SKIP","floor":42},{"not_picked":["Auto Shields+1","Streamline+1"],"picked":"Defragment+1","floor":44},{"not_picked":["Go for the Eyes","Sweeping Beam"],"picked":"Heatsinks+1","floor":47},{"not_picked":["Go for the Eyes+1","Streamline","Stack"],"picked":"SKIP","floor":48}],"player_experience":2652104,"relics_obtained":[{"floor":2,"key":"Frozen Egg 2"},{"floor":6,"key":"Boot"},{"floor":9,"key":"Anchor"},{"floor":14,"key":"Smiling Mask"},{"floor":23,"key":"Vajra"},{"floor":25,"key":"Blood Vial"},{"floor":26,"key":"Dream Catcher"},{"floor":39,"key":"Emotion Chip"},{"floor":40,"key":"Bronze Scales"},{"floor":43,"key":"Toy Ornithopter"},{"floor":44,"key":"Pantograph"},{"floor":47,"key":"Blue Candle"}],"event_choices":[{"damage_healed":0,"gold_gain":0,"player_choice":"Donut","damage_taken":0,"max_hp_gain":5,"max_hp_loss":0,"event_name":"Big Fish","floor":4,"gold_loss":0},{"damage_healed":0,"gold_gain":0,"cards_transformed":["Strike_B"],"player_choice":"Change","damage_taken":0,"max_hp_gain":0,"max_hp_loss":0,"event_name":"Living Wall","floor":5,"gold_loss":0,"cards_obtained":["Biased Cognition"]},{"cards_removed":["Strike_B"],"damage_healed":0,"gold_gain":0,"player_choice":"Card Removal","damage_taken":7,"max_hp_gain":0,"max_hp_loss":0,"event_name":"Golden Wing","floor":8,"gold_loss":0},{"damage_healed":0,"gold_gain":180,"player_choice":"GOLD GOLD ","damage_taken":19,"max_hp_gain":0,"max_hp_loss":0,"event_name":"Knowing Skull","floor":20,"potions_obtained":[],"gold_loss":0,"cards_obtained":[]},{"damage_healed":0,"gold_gain":100,"player_choice":"Bet on Murderer","damage_taken":0,"max_hp_gain":0,"max_hp_loss":0,"event_name":"The Joust","floor":22,"gold_loss":50},{"damage_healed":0,"gold_gain":0,"player_choice":"Upgraded","damage_taken":0,"max_hp_gain":0,"max_hp_loss":0,"event_name":"Upgrade Shrine","floor":29,"gold_loss":0,"cards_upgraded":["Consume"]},{"cards_removed":["Sweeping Beam"],"damage_healed":0,"gold_gain":0,"player_choice":"Removed Attack","damage_taken":0,"max_hp_gain":0,"max_hp_loss":0,"event_name":"Falling","floor":36,"gold_loss":0},{"damage_healed":0,"gold_gain":0,"player_choice":"Fight","damage_taken":0,"max_hp_gain":0,"max_hp_loss":0,"event_name":"MindBloom","floor":39,"gold_loss":0}],"is_beta":false,"boss_relics":[{"not_picked":["FrozenCore","Sozu"],"picked":"Inserter"},{"not_picked":["Calling Bell","SacredBark"],"picked":"Coffee Dripper"}],"items_purged_floors":[19,46],"is_endless":false,"potions_floor_spawned":[1,6,10,12,16,21,25,28,33,35,37,38,47],"ascension_level":15}}