{"host":"3y2rtlgteqp2nuo3","time":1614272990,"event":{"mods":["2.2 Compatiblity","AchievementEnabler","BaseMod","Colored Map","DeckTracker","Highlight Path","Keyboard Shortcuts","Minty Spire (QoL Compilation)","Permanent Neow","Quick Restart","StSLib","SuperFastMode","everything is the same but u backflip on backflip"],"gold_per_floor":[119,138,149,167,92,92,92,92,92,92,92],"floor_reached":10,"language":"KOR","playtime":209,"items_purged":["Strike_G"],"score":110,"play_id":"202286a1-2f9f-4c64-87ec-d3b363ed61d3","local_time":"20210226020950","is_ascension_mode":true,"campfire_choices":[{"data":"Deadly Poison","floor":6,"key":"SMITH"},{"data":"Poisoned Stab","floor":8,"key":"SMITH"}],"circlet_count":0,"master_deck":["AscendersBane","Strike_G","Strike_G","Strike_G","Strike_G","Defend_G","Defend_G","Defend_G","Defend_G","Defend_G","Survivor","Neutralize","Burst","Deadly Poison+1","Bane","Acrobatics","Poisoned Stab+1"],"relics":["Ring of the Snake","Mummified Hand"],"acts_visited":["Exordium"],"potions_floor_usage":[],"damage_taken":[{"damage":0.0,"enemies":"Cultist","floor":1.0,"turns":4.0},{"damage":5.0,"enemies":"2 Louse","floor":2.0,"turns":3.0},{"damage":4.0,"enemies":"Small Slimes","floor":3.0,"turns":5.0},{"damage":18,"enemies":"3 Louse","floor":4,"turns":5},{"damage":37,"enemies":"3 Sentries","floor":10,"turns":11}],"seed_played":"6206389971494512073","potions_obtained":[],"is_trial":false,"path_per_floor":["M","M","M","M","$","R","$","R","T","E"],"character_chosen":"THE_SILENT","items_purchased":[],"campfire_rested":0,"item_purchase_floors":[],"current_hp_per_floor":[59,54,50,32,32,32,32,32,32,0,0],"gold":92,"neow_bonus":"THREE_RARE_CARDS","is_daily":false,"chose_seed":false,"campfire_upgraded":2,"win_rate":0.0,"timestamp":1614272990,"path_taken":["M","M","M","M","?","R","$","R","T","E"],"items_purchased_type":[],"build_version":"2020-12-22","purchased_purges":1,"victory":false,"max_hp_per_floor":[60,60,60,60,60,60,60,60,60,60,60],"card_choices":[{"not_picked":["Bullet Time","Venomology"],"picked":"Burst","floor":0.0},{"not_picked":["Dagger Spray","Cloak And Dagger"],"picked":"Deadly Poison","floor":1.0},{"not_picked":["Quick Slash","Acrobatics"],"picked":"Bane","floor":2.0},{"not_picked":["Finisher","Grand Finale"],"picked":"Acrobatics","floor":3},{"not_picked":["Cloak And Dagger","Sucker Punch"],"picked":"Poisoned Stab","floor":4}],"player_experience":795949,"relics_obtained":[{"floor":9,"key":"Mummified Hand"}],"event_choices":[],"is_beta":false,"boss_relics":[],"items_purged_floors":[5],"is_endless":false,"potions_floor_spawned":[],"killed_by":"3 Sentries","ascension_level":18}}