{"host":"xumidyqji6pg2yy3","time":1614232302,"event":{"mods":["BaseMod","Colored Map","Minty Spire (QoL Compilation)","Quick Restart","StSLib"],"gold_per_floor":[115,131,131,145,21,49,49,76,122,122,140,140,158,221,221,325,325,335,335,5,5,23,23,56,56,56,56,75,100,114,128,128,128,128],"floor_reached":33,"language":"ZHS","playtime":1260,"items_purged":["Strike_R"],"score":339,"play_id":"e3067e2a-087b-4b31-9c6c-6f8961d13121","local_time":"20210225135142","is_ascension_mode":true,"campfire_choices":[{"data":"True Grit","floor":7.0,"key":"SMITH"},{"data":"Armaments","floor":10.0,"key":"SMITH"},{"data":"Immolate","floor":12.0,"key":"SMITH"},{"data":"Feel No Pain","floor":15.0,"key":"SMITH"},{"data":"Corruption","floor":23,"key":"SMITH"},{"data":"Dark Embrace","floor":25,"key":"SMITH"},{"data":"Barricade","floor":27,"key":"SMITH"},{"floor":32,"key":"REST"}],"circlet_count":0,"master_deck":["Bash","Immolate+1","Armaments+1","Shrug It Off","True Grit+1","Feel No Pain+1","Pommel Strike","Feed","Juggernaut","Cleave","Corruption+1","Juggernaut","Dark Embrace+1","Evolve","Barricade+1"],"relics":["Burning Blood","Mummified Hand","Art of War","Bronze Scales","The Courier","Pandora\u0027s Box","Lantern","Matryoshka","Boot","CeramicFish","Smiling Mask","Bag of Preparation"],"acts_visited":["Exordium","TheCity"],"potions_floor_usage":[31,33],"damage_taken":[{"damage":0.0,"enemies":"2 Louse","floor":1.0,"turns":1.0},{"damage":6.0,"enemies":"Cultist","floor":2.0,"turns":3.0},{"damage":7.0,"enemies":"Jaw Worm","floor":4.0,"turns":2.0},{"damage":34.0,"enemies":"Gremlin Nob","floor":6.0,"turns":5.0},{"damage":4.0,"enemies":"3 Sentries","floor":8.0,"turns":5.0},{"damage":1.0,"enemies":"Exordium Thugs","floor":11.0,"turns":4.0},{"damage":0.0,"enemies":"2 Fungi Beasts","floor":13.0,"turns":1.0},{"damage":6.0,"enemies":"3 Sentries","floor":14.0,"turns":4.0},{"damage":30.0,"enemies":"Slime Boss","floor":16.0,"turns":10.0},{"damage":0.0,"enemies":"Spheric Guardian","floor":18.0,"turns":3.0},{"damage":11,"enemies":"2 Thieves","floor":22,"turns":3},{"damage":30,"enemies":"Book of Stabbing","floor":24,"turns":5},{"damage":18,"enemies":"Centurion and Healer","floor":28,"turns":6},{"damage":29,"enemies":"Slavers","floor":29,"turns":3},{"damage":10,"enemies":"Snecko","floor":30,"turns":3},{"damage":6,"enemies":"3 Cultists","floor":31,"turns":3},{"damage":73,"enemies":"Champ","floor":33,"turns":6}],"seed_played":"-8806969992202843697","potions_obtained":[{"floor":6.0,"key":"SpeedPotion"},{"floor":11.0,"key":"SkillPotion"},{"floor":13.0,"key":"FearPotion"},{"floor":24,"key":"Swift Potion"},{"floor":29,"key":"CultistPotion"},{"floor":30,"key":"Regen Potion"}],"is_trial":false,"path_per_floor":["M","M","?","M","$","E","R","E","T","R","M","R","M","?","R","B",null,"M","?","$","?","M","R","E","R","T","R","M","E","M","M","R","B"],"character_chosen":"IRONCLAD","items_purchased":["True Grit","Lantern","Matryoshka"],"campfire_rested":1,"item_purchase_floors":[5,20,20],"current_hp_per_floor":[80,80,80,79,79,51,51,53,53,53,58,58,64,64,64,40,80,80,80,80,80,78,78,54,54,54,54,45,25,21,34,61,0,0],"gold":128,"neow_bonus":"ONE_RANDOM_RARE_CARD","is_daily":false,"chose_seed":false,"campfire_upgraded":7,"win_rate":0.0,"timestamp":1614232302,"path_taken":["M","M","?","M","?","E","R","E","T","R","M","R","M","?","R","BOSS","M","?","$","?","M","R","E","R","T","R","M","E","M","M","R","BOSS"],"items_purchased_type":["Card","Relic","Relic"],"build_version":"2020-12-22","purchased_purges":1,"victory":false,"max_hp_per_floor":[80,80,80,80,80,80,80,80,80,80,80,80,80,80,80,80,80,80,80,80,80,83,83,83,83,83,83,86,89,89,93,93,93,93],"card_choices":[{"not_picked":["Heavy Blade","Anger"],"picked":"Armaments","floor":1.0},{"not_picked":["Thunderclap","Clothesline","Bludgeon"],"picked":"SKIP","floor":2.0},{"not_picked":["Body Slam","Havoc"],"picked":"Shrug It Off","floor":4.0},{"not_picked":["Pummel","Clash"],"picked":"Feel No Pain","floor":6.0},{"not_picked":["Seeing Red","Combust","Clash"],"picked":"SKIP","floor":8.0},{"not_picked":["Whirlwind","Infernal Blade","Shrug It Off"],"picked":"SKIP","floor":11.0},{"not_picked":["Flex","Headbutt","Combust"],"picked":"SKIP","floor":13.0},{"not_picked":["Hemokinesis","Shrug It Off"],"picked":"Pommel Strike","floor":14.0},{"not_picked":["Barricade","Limit Break"],"picked":"Feed","floor":16.0},{"not_picked":["Dropkick","Sever Soul+1","Heavy Blade"],"picked":"SKIP","floor":18.0},{"not_picked":["Hemokinesis","Clash+1","Thunderclap+1"],"picked":"SKIP","floor":22},{"not_picked":["Disarm","Anger+1"],"picked":"Barricade","floor":24},{"not_picked":["True Grit+1","Clash","Sword Boomerang"],"picked":"SKIP","floor":28},{"not_picked":["Reckless Charge","Flame Barrier","Anger"],"picked":"SKIP","floor":29},{"not_picked":["Headbutt","Whirlwind","Disarm"],"picked":"SKIP","floor":30},{"not_picked":["Shrug It Off+1","Havoc","Warcry+1"],"picked":"SKIP","floor":31}],"player_experience":93057,"relics_obtained":[{"floor":6.0,"key":"Mummified Hand"},{"floor":8.0,"key":"Art of War"},{"floor":9.0,"key":"Bronze Scales"},{"floor":14.0,"key":"The Courier"},{"floor":24,"key":"Boot"},{"floor":26,"key":"CeramicFish"},{"floor":26,"key":"Smiling Mask"},{"floor":29,"key":"Bag of Preparation"}],"event_choices":[{"cards_removed":["Strike_R"],"damage_healed":0.0,"max_hp_gain":0.0,"max_hp_loss":0.0,"gold_gain":0.0,"event_name":"Bonfire Elementals","player_choice":"Offered Basic","floor":3.0,"gold_loss":0.0,"damage_taken":0.0},{"damage_healed":0.0,"max_hp_gain":0.0,"max_hp_loss":0.0,"gold_gain":0.0,"event_name":"Dead Adventurer","player_choice":"Searched \u00271\u0027 times","floor":14.0,"gold_loss":0.0,"damage_taken":0.0},{"damage_healed":0.0,"max_hp_gain":0.0,"max_hp_loss":0.0,"gold_gain":0.0,"cards_transformed":["Blood for Blood","Clothesline"],"event_name":"Drug Dealer","player_choice":"Became Test Subject","floor":19.0,"gold_loss":0.0,"damage_taken":0.0,"cards_obtained":["Dark Embrace","Evolve"]},{"cards_removed":["Spot Weakness"],"damage_healed":0.0,"max_hp_gain":0.0,"max_hp_loss":0.0,"gold_gain":0.0,"event_name":"Back to Basics","player_choice":"Elegance","floor":21.0,"gold_loss":0.0,"damage_taken":0.0}],"is_beta":false,"boss_relics":[{"not_picked":["Snecko Eye","Runic Dome"],"picked":"Pandora\u0027s Box"}],"items_purged_floors":[5],"is_endless":false,"potions_floor_spawned":[6,11,13,18,24,29,30],"killed_by":"Champ","ascension_level":3}}