{"host":"kh6fvhxn285ncg0o","time":1614297278,"event":{"mods":["Act Like it!","BaseMod","Colored Map","Friendly Minions","Keyboard Shortcuts","Minty Spire (QoL Compilation)","Quick Restart","Relic Stats","StSLib","SuperFastMode","UnlockEverythingMod"],"gold_per_floor":[109,123,135,135,154,154,173,201,224,224,149,149,149,164,164,238,238,252,262,262,177,196,196,230,230,230,242,242],"floor_reached":27,"language":"KOR","playtime":698,"items_purged":[],"score":466,"play_id":"a3ab4aef-3021-4d81-90c7-19d36823b1c7","local_time":"20210226085438","is_ascension_mode":true,"campfire_choices":[{"data":"Armaments","floor":6,"key":"SMITH"},{"data":"Battle Trance","floor":10,"key":"SMITH"},{"floor":15,"key":"RECALL"},{"data":"Entrench","floor":23,"key":"SMITH"}],"circlet_count":0,"master_deck":["AscendersBane","Strike_R","Strike_R","Strike_R","Strike_R+1","Defend_R","Defend_R","Defend_R","Defend_R","Bash","Second Wind","Battle Trance+1","Shockwave","Armaments+1","Juggernaut+1","Dropkick","Barricade","Entrench+1","Shrug It Off"],"relics":["Burning Blood","NeowsBlessing","Du-Vu Doll","Pen Nib","Bag of Marbles","Runic Dome","Art of War","Strawberry","MawBank"],"acts_visited":["Exordium","TheCity"],"potions_floor_usage":[8,16,16,24,24,27],"damage_taken":[{"damage":0,"enemies":"Cultist","floor":1,"turns":1},{"damage":0,"enemies":"Jaw Worm","floor":2,"turns":1},{"damage":0,"enemies":"Small Slimes","floor":3,"turns":1},{"damage":13,"enemies":"3 Louse","floor":5,"turns":4},{"damage":10,"enemies":"Large Slime","floor":7,"turns":6},{"damage":2,"enemies":"Lagavulin","floor":8,"turns":7},{"damage":0,"enemies":"Looter","floor":14,"turns":4},{"damage":5,"enemies":"Slime Boss","floor":16,"turns":7},{"damage":3,"enemies":"Chosen","floor":18,"turns":4},{"damage":0,"enemies":"3 Byrds","floor":19,"turns":6},{"damage":19,"enemies":"Cultist and Chosen","floor":22,"turns":6},{"damage":13,"enemies":"Gremlin Leader","floor":24,"turns":12},{"damage":95,"enemies":"Slavers","floor":27,"turns":5}],"seed_played":"8089685080461968045","potions_obtained":[{"floor":1,"key":"Swift Potion"},{"floor":5,"key":"SteroidPotion"},{"floor":14,"key":"BlessingOfTheForge"},{"floor":16,"key":"LiquidMemories"},{"floor":22,"key":"SteroidPotion"},{"floor":24,"key":"Regen Potion"}],"is_trial":false,"path_per_floor":["M","M","M","?","M","R","M","E","T","R","?","?","?","M","R","B",null,"M","M","?","?","M","R","E","?","T","E"],"character_chosen":"IRONCLAD","items_purchased":[],"campfire_rested":0,"item_purchase_floors":[],"current_hp_per_floor":[74,75,75,80,73,73,69,73,73,73,73,68,44,50,50,51,73,76,80,80,80,67,67,67,67,67,0,0],"gold":242,"neow_bonus":"THREE_ENEMY_KILL","is_daily":false,"chose_seed":false,"campfire_upgraded":3,"win_rate":0.0,"timestamp":1614297278,"path_taken":["M","?","M","?","M","R","M","E","T","R","?","?","?","M","R","BOSS","M","M","?","?","M","R","E","?","T","E"],"items_purchased_type":[],"build_version":"2020-12-22","purchased_purges":0,"victory":false,"max_hp_per_floor":[75,75,75,80,80,80,80,80,80,80,80,80,80,80,80,80,80,80,80,80,80,80,80,87,87,87,87,87],"relic_stats":{"counters":[13,64],"Pen Nib":[6],"Art of War":[7],"MawBank":12,"obtain_stats":[{"Du-Vu Doll":8,"Runic Dome":17,"NeowsBlessing":0,"Strawberry":24,"Pen Nib":9,"Bag of Marbles":12,"Art of War":21,"MawBank":26,"Burning Blood":0},{"Du-Vu Doll":6,"Runic Dome":8,"NeowsBlessing":0,"Strawberry":12,"Pen Nib":6,"Bag of Marbles":6,"Art of War":10,"MawBank":12,"Burning Blood":0},{"Du-Vu Doll":20,"Runic Dome":31,"NeowsBlessing":0,"Strawberry":59,"Pen Nib":20,"Bag of Marbles":20,"Art of War":41,"MawBank":59,"Burning Blood":0}],"Burning Blood":59},"card_choices":[{"not_picked":["Disarm","True Grit"],"picked":"Second Wind","floor":1},{"not_picked":["Headbutt","Havoc"],"picked":"Battle Trance","floor":2},{"not_picked":["Twin Strike","Havoc"],"picked":"Shockwave","floor":3},{"not_picked":["Ghostly Armor","Infernal Blade"],"picked":"Armaments","floor":5},{"not_picked":["Rampage","Havoc"],"picked":"Juggernaut","floor":8},{"not_picked":["Second Wind","Dual Wield"],"picked":"Dropkick","floor":14},{"not_picked":["Brutality","Double Tap"],"picked":"Barricade","floor":16},{"not_picked":["Spot Weakness+1","Clash","Intimidate"],"picked":"SKIP","floor":18},{"not_picked":["Warcry","Anger","Clash"],"picked":"SKIP","floor":19},{"not_picked":["Blood for Blood","Cleave"],"picked":"Entrench","floor":22},{"not_picked":["Thunderclap","True Grit"],"picked":"Shrug It Off","floor":24}],"player_experience":1541622,"relics_obtained":[{"floor":8,"key":"Du-Vu Doll"},{"floor":9,"key":"Pen Nib"},{"floor":24,"key":"Strawberry"},{"floor":26,"key":"MawBank"}],"event_choices":[{"damage_healed":0,"gold_gain":0,"player_choice":"Donut","damage_taken":0,"max_hp_gain":5,"max_hp_loss":0,"event_name":"Big Fish","floor":4,"gold_loss":0},{"cards_removed":["Strike_R"],"damage_healed":0,"gold_gain":0,"player_choice":"Card Removal","damage_taken":0,"max_hp_gain":0,"max_hp_loss":0,"event_name":"The Cleric","floor":11,"gold_loss":75},{"damage_healed":0,"gold_gain":0,"player_choice":"Success","damage_taken":5,"relics_obtained":["Bag of Marbles"],"max_hp_gain":0,"max_hp_loss":0,"event_name":"Scrap Ooze","floor":12,"gold_loss":0},{"damage_healed":0,"gold_gain":0,"player_choice":"Entered Light","damage_taken":24,"max_hp_gain":0,"max_hp_loss":0,"event_name":"Shining Light","floor":13,"gold_loss":0,"cards_upgraded":["Juggernaut","Strike_R"]},{"damage_healed":0,"gold_gain":0,"player_choice":"Ignored","damage_taken":0,"max_hp_gain":0,"max_hp_loss":0,"event_name":"Vampires","floor":20,"gold_loss":0},{"damage_healed":0,"gold_gain":0,"player_choice":"Obtained Relic","damage_taken":0,"relics_obtained":["Art of War"],"max_hp_gain":0,"max_hp_loss":0,"event_name":"Addict","floor":21,"gold_loss":85},{"damage_healed":0,"gold_gain":0,"player_choice":"0 cards matched","damage_taken":0,"max_hp_gain":0,"max_hp_loss":0,"event_name":"Match and Keep!","floor":25,"gold_loss":0,"cards_obtained":[]}],"is_beta":false,"boss_relics":[{"not_picked":["Fusion Hammer","Velvet Choker"],"picked":"Runic Dome"}],"items_purged_floors":[],"is_endless":false,"potions_floor_spawned":[1,5,14,16,22,24],"killed_by":"Slavers","ascension_level":20}}