{"host":"ggy1mjjy92c62u6a","time":1614254780,"event":{"mods":["10 clothes from DAL","ATMod(阿瑾Mod)","Act Like it!","BaseMod","Colored Powertips","GifTheSpireLib","Infinite Spire","Library of Ruina","Library of Ruina Extra","Lobotomy","LobotomyExtend","Marisa（F雨　魔理沙）","Minty Spire (QoL Compilation)","Quick Restart","Relic Filter Mod","Relic Stats","Reliquary","Remilia（蕾米莉亚）","Replay The Spire","RumiaBox-露米娅的神秘盒子","Shop Mod","Spicy Shops","StSLib","SuperFastMode","Youmu（魂魄妖梦）","[功能]功能增强和修复MOD","【功能Mod】混沌之环修复补丁","【遗物Mod】死灵法师NEW","【遗物卡牌】REMEMod"],"gold_per_floor":[112,112,128,128,128,128,158,158,205,205,220,220,220,220,220,321,321,340,340,106,106,123,123,170,170,238,253,263,178,188,6,6,115,115,129,149,149,165,165,165,237,237,237,237,257,257,296,334,334,334,334],"floor_reached":50,"language":"ZHS","playtime":1515,"items_purged":["CommonCold"],"score":562,"play_id":"b42a2a96-3920-4210-9c84-bf80887dbd93","local_time":"20210225200620","is_ascension_mode":true,"campfire_choices":[{"data":"RedNightlessCastle","floor":6.0,"key":"SMITH"},{"data":"RedMoon","floor":8.0,"key":"SMITH"},{"data":"ChainGang","floor":12.0,"key":"SMITH"},{"floor":15.0,"key":"REST"},{"data":"KillingBlow","floor":23.0,"key":"SMITH"},{"data":"ScarletGensokyo","floor":25.0,"key":"SMITH"},{"floor":32.0,"key":"REST"},{"data":"TricksterDevil","floor":40.0,"key":"SMITH"},{"floor":42.0,"key":"REST"},{"data":"BloodyHallows","floor":44.0,"key":"SMITH"},{"floor":46.0,"key":"REST"},{"data":"ScarletNetherworld","floor":49.0,"key":"SMITH"}],"circlet_count":0,"master_deck":["Strike_RM","Strike_RM","Strike_RM","Defend_RM","Defend_RM","Defend_RM","Defend_RM","RedMoon+1","ScarletShoot","RedNightlessCastle+1","EndlessAdversity","FavorOfDestiny+1","ChainGang+1","KillingBlow+1","ScarletGensokyo+1","MiserableFate","BloodyHallows+1","ScarletNetherworld+1","TricksterDevil+1","Stigmanizer+1","NightLord+1","REME_TwoStrings","ScarletNetherworld+1","ScarletDevil","ScarletNetherworld+1","ScarletGensokyo+1"],"relics":["ScarletHat","REME_ComplimentaryCards","AT_ATBox","CogitoBucket","LetterFromLob","infinitespire:Joker Card","PageOfLaetitia","Shuriken","AT_EbonyIvory","Ornamental Fan","Ccalipers","Lantern","APieceOfRedMist","ReplayTheSpireMod:CursedCoin","Toolbox","AT_ImmortalShieldbow","Replay:Ringing Soul","PageOfSpiderBud","reliquary:FingerTrap","reliquary:ThirdArm","Baka2","REME_HandOfSuture","Replay:WaspNest","AtMidnight"],"acts_visited":["Exordium","TheCity","TheBeyond"],"potions_floor_usage":[],"damage_taken":[{"damage":0.0,"enemies":"Cultist","floor":1.0,"turns":4.0},{"damage":4.0,"enemies":"Small Slimes","floor":3.0,"turns":2.0},{"damage":13.0,"enemies":"Lagavulin","floor":7.0,"turns":5.0},{"damage":4.0,"enemies":"Jaw Worm","floor":11.0,"turns":2.0},{"damage":44.0,"enemies":"The Guardian","floor":16.0,"turns":9.0},{"damage":8.0,"enemies":"Spheric Guardian","floor":18.0,"turns":3.0},{"damage":41.0,"enemies":"2 Thieves","floor":22.0,"turns":3.0},{"damage":27.0,"enemies":"Replay:Snechameleon","floor":24.0,"turns":4.0},{"damage":8.0,"enemies":"3 Cultists","floor":27.0,"turns":1.0},{"damage":22.0,"enemies":"Snecko","floor":28.0,"turns":1.0},{"damage":43.0,"enemies":"Centurion and Healer","floor":30.0,"turns":6.0},{"damage":18.0,"enemies":"Automaton","floor":33.0,"turns":5.0},{"damage":0.0,"enemies":"3 Shapes","floor":35.0,"turns":2.0},{"damage":9.0,"enemies":"3 Darklings","floor":36.0,"turns":4.0},{"damage":12.0,"enemies":"Writhing Mass","floor":38.0,"turns":4.0},{"damage":124.0,"enemies":"Nightmare","floor":41.0,"turns":7.0},{"damage":32.0,"enemies":"Transient","floor":45.0,"turns":4.0},{"damage":4.0,"enemies":"4 Shapes","floor":47.0,"turns":3.0},{"damage":0.0,"enemies":"3 Darklings","floor":48.0,"turns":2.0},{"damage":78,"enemies":"Awakened One","floor":50,"turns":3}],"seed_played":"1872838078504599055","potions_obtained":[{"floor":1.0,"key":"EntropicBrew"},{"floor":16.0,"key":"PowerPotion"},{"floor":27.0,"key":"Death Potion"}],"is_trial":false,"path_per_floor":["M","T","M","?","T","R","E","R","T","?","M","R","E","?","R","B",null,"M","?","$","?","M","R","E","R","T","M","M","?","M","$","R","B",null,"M","M","?","M","?","R","NM","R","T","R","M","R","M","M","R","B"],"character_chosen":"REMILIA","items_purchased":["ReplayTheSpireMod:CursedCoin","Toolbox","AT_ImmortalShieldbow","ScarletNetherworld","reliquary:FingerTrap"],"campfire_rested":4,"item_purchase_floors":[20,20,20,31,31],"current_hp_per_floor":[75,75,71,64,64,64,51,51,51,51,47,47,47,47,69,21,83,75,75,75,75,48,48,28,28,28,57,38,38,36,39,66,95,95,98,101,104,101,104,104,10,43,43,43,43,76,72,75,75,0,0],"gold":334,"neow_bonus":"","is_daily":false,"chose_seed":false,"campfire_upgraded":8,"win_rate":0.0,"timestamp":1614254780,"path_taken":["M","?","M","?","?","R","E","R","T","?","?","R","E","?","R","BOSS","M","?","$","?","?","R","E","R","T","M","M","?","M","$","R","BOSS","M","M","?","M","?","R","NM","R","T","R","M","R","?","?","R","BOSS"],"items_purchased_type":["Relic","Relic","Relic","Card","Relic"],"build_version":"2020-12-22","purchased_purges":1,"victory":false,"max_hp_per_floor":[75,75,75,75,75,75,75,75,75,75,75,75,75,75,75,83,83,83,83,83,83,83,83,83,83,83,83,86,86,89,92,92,95,95,98,101,104,107,110,110,113,113,113,113,113,113,113,116,116,116,116],"relic_stats":{"counters":[24,78],"Shuriken":[21],"Ornamental Fan":[80],"obtain_stats":[{"Lantern":11,"AT_ATBox":0,"reliquary:ThirdArm":34,"ScarletHat":0,"PageOfSpiderBud":29,"Replay:Ringing Soul":26,"CogitoBucket":0,"Baka2":36,"Ccalipers":9,"Toolbox":20,"reliquary:FingerTrap":31,"ReplayTheSpireMod:CursedCoin":20,"infinitespire:Joker Card":2,"AT_EbonyIvory":5,"Replay:WaspNest":43,"Baka":1,"AT_ImmortalShieldbow":20,"APieceOfRedMist":17,"Shuriken":4,"Ornamental Fan":7,"PageOfLaetitia":3,"AtMidnight":45,"REME_HandOfSuture":41,"LetterFromLob":1,"REME_ComplimentaryCards":0},{"Lantern":4,"AT_ATBox":0,"reliquary:ThirdArm":14,"ScarletHat":0,"PageOfSpiderBud":11,"Replay:Ringing Soul":9,"CogitoBucket":0,"Baka2":16,"Ccalipers":3,"Toolbox":7,"reliquary:FingerTrap":13,"ReplayTheSpireMod:CursedCoin":7,"infinitespire:Joker Card":1,"AT_EbonyIvory":2,"Replay:WaspNest":18,"Baka":1,"AT_ImmortalShieldbow":7,"APieceOfRedMist":5,"Shuriken":2,"Ornamental Fan":3,"PageOfLaetitia":2,"AtMidnight":20,"REME_HandOfSuture":18,"LetterFromLob":1,"REME_ComplimentaryCards":0},{"Lantern":13,"AT_ATBox":0,"reliquary:ThirdArm":47,"ScarletHat":0,"PageOfSpiderBud":35,"Replay:Ringing Soul":33,"CogitoBucket":0,"Baka2":53,"Ccalipers":11,"Toolbox":26,"reliquary:FingerTrap":42,"ReplayTheSpireMod:CursedCoin":26,"infinitespire:Joker Card":4,"AT_EbonyIvory":6,"Replay:WaspNest":64,"Baka":4,"AT_ImmortalShieldbow":26,"APieceOfRedMist":22,"Shuriken":6,"Ornamental Fan":11,"PageOfLaetitia":6,"AtMidnight":69,"REME_HandOfSuture":64,"LetterFromLob":4,"REME_ComplimentaryCards":0}]},"card_choices":[{"not_picked":["DiffusionOfMisfortune","BlasphemousPunishment"],"picked":"EndlessAdversity","floor":1.0},{"not_picked":["FavorOfDestiny","ScarletDevil","NightDance"],"picked":"SKIP","floor":3.0},{"not_picked":["MiserableFate","BloodHunter"],"picked":"FavorOfDestiny","floor":7.0},{"not_picked":["ScarletImprint","EmergencyRegeneration"],"picked":"ChainGang","floor":11.0},{"not_picked":["BloodRain","QueenOfMidnight"],"picked":"KillingBlow","floor":16.0},{"not_picked":["TwelveNightmare","UnstableMagic","BombardNight"],"picked":"SKIP","floor":18.0},{"not_picked":["VampireClaw","BlasphemousPunishment","MastersStateliness"],"picked":"SKIP","floor":22.0},{"not_picked":["ScarletImprint","RedRainbow+1"],"picked":"ScarletGensokyo","floor":24.0},{"not_picked":["UnstableMagic","RedRainbow","UnderTheZenith"],"picked":"SKIP","floor":27.0},{"not_picked":["NightDance","BlasphemousPunishment"],"picked":"MiserableFate","floor":28.0},{"not_picked":["FavorOfDestiny","BlasphemousPunishment"],"picked":"BloodyHallows","floor":30.0},{"not_picked":["DemonKingCradle","HellCatastrophe"],"picked":"TricksterDevil","floor":33.0},{"not_picked":["UnderTheZenith+1","DiffusionOfMisfortune"],"picked":"Stigmanizer+1","floor":35.0},{"not_picked":["ScarletDream+1","AfternoonTea+1"],"picked":"NightLord+1","floor":36.0},{"not_picked":["Replay:Sssssssssstrike","HandOfGreed"],"picked":"REME_TwoStrings","floor":37.0},{"not_picked":["Stigmanizer","EndlessAdversity+1"],"picked":"ScarletNetherworld+1","floor":38.0},{"not_picked":["ScarletDevil+1","DevilSight+1"],"picked":"ScarletNetherworld+1","floor":41.0},{"not_picked":["CharismaGuard","BlasphemousPunishment+1","ScarletImprint"],"picked":"SKIP","floor":45.0},{"not_picked":["VampirishNight+1","FavorOfDestiny+1","ScarletDevil"],"picked":"SKIP","floor":47.0},{"not_picked":["BloodHunter","FavorOfDestiny"],"picked":"ScarletGensokyo+1","floor":48.0}],"player_experience":152935,"relics_obtained":[{"floor":1.0,"key":"Baka"},{"floor":1.0,"key":"LetterFromLob"},{"floor":2.0,"key":"infinitespire:Joker Card"},{"floor":3.0,"key":"PageOfLaetitia"},{"floor":5.0,"key":"AT_EbonyIvory"},{"floor":7.0,"key":"Ornamental Fan"},{"floor":9.0,"key":"Ccalipers"},{"floor":11.0,"key":"Lantern"},{"floor":26.0,"key":"Replay:Ringing Soul"},{"floor":36.0,"key":"Baka2"},{"floor":41.0,"key":"REME_HandOfSuture"},{"floor":43.0,"key":"Replay:WaspNest"},{"floor":45.0,"key":"AtMidnight"}],"event_choices":[{"damage_healed":0.0,"max_hp_gain":0.0,"max_hp_loss":0.0,"gold_gain":0.0,"event_name":"Scrap Ooze","player_choice":"Success","floor":4.0,"gold_loss":0.0,"damage_taken":7.0,"relics_obtained":["Shuriken"]},{"damage_healed":0.0,"max_hp_gain":0.0,"max_hp_loss":0.0,"gold_gain":0.0,"event_name":"Living Wall","player_choice":"Grow","floor":10.0,"gold_loss":0.0,"damage_taken":0.0,"cards_upgraded":["FavorOfDestiny"]},{"damage_healed":0.0,"max_hp_gain":0.0,"max_hp_loss":0.0,"gold_gain":0.0,"event_name":"The Woman in Blue","player_choice":"Bought 0 Potions","floor":21.0,"gold_loss":0.0,"damage_taken":0.0},{"damage_healed":0.0,"max_hp_gain":0.0,"max_hp_loss":0.0,"gold_gain":0.0,"event_name":"Addict","player_choice":"Obtained Relic","floor":29.0,"gold_loss":85.0,"damage_taken":0.0,"relics_obtained":["PageOfSpiderBud"]},{"damage_healed":0.0,"max_hp_gain":0.0,"max_hp_loss":0.0,"gold_gain":0.0,"event_name":"SensoryStone","player_choice":"Memory 1","floor":37.0,"gold_loss":0.0,"damage_taken":0.0},{"damage_healed":0.0,"max_hp_gain":0.0,"max_hp_loss":0.0,"gold_gain":0.0,"cards_transformed":["Strike_RM"],"event_name":"Transmorgrifier","player_choice":"Transformed","floor":39.0,"gold_loss":0.0,"damage_taken":0.0,"cards_obtained":["ScarletDevil"]}],"is_beta":false,"boss_relics":[{"not_picked":["AT_MortalBlade","Replay:Bronze Core"],"picked":"APieceOfRedMist"},{"not_picked":["SacredBark","ChewingGum"],"picked":"reliquary:ThirdArm"}],"items_purged_floors":[20],"is_endless":true,"potions_floor_spawned":[1,3,16,18,27,28,38,47],"killed_by":"Awakened One","ascension_level":1}}