{"host":"ovcza0gnr2tscsgg","time":1614279148,"event":{"mods":["BaseMod","Colored Powertips","Marisa£®ÏF”Í°°ƒß¿Ì…≥£©","Minty Spire (QoL Compilation)","StSLib","The Bug Knight","UnlockEverythingMod","noobMod"],"gold_per_floor":[112,131,131,143,158,184,204,204,204,204,57,57,82,100,100,203,203,222,147,147,160,175,175,194,205,232,232,259,278,51,67,67,170,170,187,205,255,267,15,50,50,75,127,127,151,151,131,143,143,143],"floor_reached":51,"language":"ZHS","playtime":4312,"items_purged":["SignatureMove","Strike_P"],"score":1123,"play_id":"a7baba60-ceac-4f27-9242-52d2c204b90a","local_time":"20210226025228","is_ascension_mode":true,"campfire_choices":[{"data":"Eruption","floor":8,"key":"SMITH"},{"floor":15,"key":"REST"},{"floor":23,"key":"REST"},{"data":"Prostrate","floor":32,"key":"SMITH"},{"data":"Devotion","floor":44,"key":"SMITH"},{"floor":46,"key":"REST"},{"data":"DevaForm","floor":49,"key":"SMITH"}],"circlet_count":0,"master_deck":["Strike_P+1","Eruption+1","Vigilance","Tantrum+1","Halt","BowlingBash","MentalFortress","EmptyFist+1","Vengeance","Prostrate+1","Brilliance+1","EmptyBody","CutThroughFate+1","Ragnarok+1","Worship","WheelKick+1","Scrawl","ClearTheMind+1","FlurryOfBlows+1","Devotion+1","DevaForm+1"],"relics":["PureWater","ice","Molten Egg 2","Orrery","Gremlin Horn","Empty Cage","Nloth\u0027s Gift","Blood Vial","Vajra","Velvet Choker","Du-Vu Doll","CeramicFish","Dream Catcher","Bronze Scales"],"acts_visited":["Exordium","TheCity","TheBeyond"],"potions_floor_usage":[16,16,33,33,40],"damage_taken":[{"damage":2,"enemies":"Jaw Worm","floor":1,"turns":3},{"damage":5,"enemies":"2 Louse","floor":2,"turns":3},{"damage":0,"enemies":"Small Slimes","floor":4,"turns":3},{"damage":6,"enemies":"2 Fungi Beasts","floor":5,"turns":4},{"damage":0,"enemies":"Gremlin Nob","floor":6,"turns":2},{"damage":0,"enemies":"Gremlin Gang","floor":7,"turns":4},{"damage":13,"enemies":"3 Sentries","floor":13,"turns":4},{"damage":0,"enemies":"Blue Slaver","floor":14,"turns":2},{"damage":14,"enemies":"The Guardian","floor":16,"turns":5},{"damage":35,"enemies":"Shell Parasite","floor":18,"turns":4},{"damage":8,"enemies":"3 Byrds","floor":21,"turns":3},{"damage":6,"enemies":"Shelled Parasite and Fungi","floor":22,"turns":3},{"damage":18,"enemies":"Snecko","floor":24,"turns":5},{"damage":1,"enemies":"Cultist and Chosen","floor":25,"turns":5},{"damage":7,"enemies":"Centurion and Healer","floor":29,"turns":3},{"damage":14,"enemies":"Snake Plant","floor":31,"turns":3},{"damage":2,"enemies":"Automaton","floor":33,"turns":4},{"damage":22,"enemies":"3 Darklings","floor":35,"turns":3},{"damage":0,"enemies":"3 Shapes","floor":36,"turns":2},{"damage":3,"enemies":"Mind Bloom Boss Battle","floor":37,"turns":3},{"damage":19,"enemies":"Jaw Worm Horde","floor":38,"turns":3},{"damage":32,"enemies":"Reptomancer","floor":40,"turns":3},{"damage":5,"enemies":"Giant Head","floor":42,"turns":3},{"damage":4,"enemies":"4 Shapes","floor":45,"turns":2},{"damage":0,"enemies":"Maw","floor":48,"turns":2},{"damage":40,"enemies":"Time Eater","floor":50,"turns":4}],"seed_played":"8659771404559857844","potions_obtained":[{"floor":4,"key":"BottledMiracle"},{"floor":5,"key":"DistilledChaos"},{"floor":13,"key":"DuplicationPotion"},{"floor":18,"key":"Regen Potion"},{"floor":25,"key":"Strength Potion"},{"floor":36,"key":"LiquidBronze"},{"floor":37,"key":"Regen Potion"},{"floor":38,"key":"Ambrosia"},{"floor":47,"key":"GamblersBrew"}],"is_trial":false,"path_per_floor":["M","M","?","M","M","E","M","R","T","?","$","?","E","M","R","B",null,"M","?","?","M","M","R","M","M","T","?","T","M","$","M","R","B",null,"M","M","?","M","$","E","$","E","T","R","M","R","?","M","R","B",null],"character_chosen":"WATCHER","items_purchased":["Orrery","Vajra","Devotion"],"campfire_rested":3,"item_purchase_floors":[11,30,39],"current_hp_per_floor":[63,58,51,51,45,45,45,45,45,45,45,31,18,18,39,25,60,25,25,25,17,11,32,14,72,72,72,72,65,65,53,53,53,75,55,57,56,39,39,97,97,92,92,92,90,100,100,100,100,60],"gold":143,"neow_bonus":"REMOVE_CARD","is_daily":false,"chose_seed":false,"campfire_upgraded":4,"win_rate":0.0,"timestamp":1614279148,"path_taken":["M","M","?","M","M","E","M","R","T","?","$","?","E","M","R","BOSS","M","?","?","M","M","R","M","?","T","?","?","M","$","?","R","BOSS","M","M","?","M","$","E","$","E","T","R","M","R","?","M","R","BOSS"],"items_purchased_type":["Relic","Relic","Card"],"build_version":"2020-12-22","purchased_purges":2,"victory":true,"max_hp_per_floor":[72,72,72,72,72,72,72,72,72,72,72,72,72,72,72,72,72,72,72,72,72,72,72,72,72,72,72,72,73,73,79,79,82,82,87,87,90,92,92,97,97,99,99,99,100,100,100,100,100,107],"card_choices":[{"not_picked":["Protect","BowlingBash"],"picked":"SignatureMove","floor":1},{"not_picked":["Protect","JustLucky","ThirdEye"],"picked":"SKIP","floor":2},{"not_picked":["Protect","Crescendo"],"picked":"Tantrum","floor":4},{"not_picked":["Nirvana","SignatureMove"],"picked":"Halt","floor":5},{"not_picked":["Crescendo","ThirdEye","DeceiveReality"],"picked":"SKIP","floor":6},{"not_picked":["Swivel","CrushJoints"],"picked":"BowlingBash","floor":7},{"not_picked":["Crescendo","BowlingBash+1"],"picked":"EmptyFist+1","floor":11},{"not_picked":["Protect","Judgement"],"picked":"Vengeance","floor":11},{"not_picked":["Halt","PathToVictory"],"picked":"Prostrate","floor":11},{"not_picked":["Evaluate","Wish"],"picked":"Brilliance+1","floor":11},{"not_picked":["Consecrate+1","FollowUp+1"],"picked":"EmptyBody","floor":11},{"not_picked":["WreathOfFlame","Meditate"],"picked":"CutThroughFate+1","floor":13},{"not_picked":["FlyingSleeves+1","CrushJoints+1","LikeWater"],"picked":"SKIP","floor":14},{"not_picked":["Vault","Alpha"],"picked":"Ragnarok+1","floor":16},{"not_picked":["Fasting2","SashWhip+1"],"picked":"Worship","floor":18},{"not_picked":["Protect","SignatureMove+1","EmptyFist+1"],"picked":"SKIP","floor":21},{"not_picked":["ReachHeaven+1","Prostrate","FollowUp+1"],"picked":"SKIP","floor":22},{"not_picked":["Halt","Fasting2"],"picked":"WheelKick+1","floor":24},{"not_picked":["SashWhip+1","LikeWater","Vengeance"],"picked":"SKIP","floor":25},{"not_picked":["Protect","PathToVictory","CrushJoints+1"],"picked":"SKIP","floor":29},{"not_picked":["ThirdEye+1","Collect","Adaptation"],"picked":"SKIP","floor":31},{"not_picked":["Establishment","Ragnarok+1"],"picked":"Scrawl","floor":33},{"not_picked":["PathToVictory","Consecrate+1","InnerPeace"],"picked":"SKIP","floor":35},{"not_picked":["PathToVictory","ThirdEye+1","Crescendo"],"picked":"SKIP","floor":36},{"not_picked":["Wireheading","CutThroughFate+1"],"picked":"ClearTheMind+1","floor":37},{"not_picked":["EmptyFist+1","WaveOfTheHand"],"picked":"FlurryOfBlows+1","floor":38},{"not_picked":["BowlingBash+1","Wish","FearNoEvil+1"],"picked":"SKIP","floor":40},{"not_picked":["WaveOfTheHand","CrushJoints+1","Devotion"],"picked":"SKIP","floor":42},{"not_picked":["WheelKick+1","LikeWater+1"],"picked":"DevaForm","floor":45},{"not_picked":["EmptyFist+1","Meditate","CutThroughFate+1"],"picked":"SKIP","floor":48}],"player_experience":152761,"relics_obtained":[{"floor":6,"key":"Unceasing Top"},{"floor":9,"key":"Molten Egg 2"},{"floor":13,"key":"Gremlin Horn"},{"floor":28,"key":"Blood Vial"},{"floor":37,"key":"Du-Vu Doll"},{"floor":40,"key":"CeramicFish"},{"floor":42,"key":"Dream Catcher"},{"floor":43,"key":"Bronze Scales"}],"event_choices":[{"cards_removed":["Defend_P"],"damage_healed":0,"gold_gain":0,"player_choice":"Card Removal","damage_taken":7,"max_hp_gain":0,"max_hp_loss":0,"event_name":"Golden Wing","floor":3,"gold_loss":0},{"damage_healed":0,"gold_gain":0,"cards_transformed":["Defend_P"],"player_choice":"Change","damage_taken":0,"max_hp_gain":0,"max_hp_loss":0,"event_name":"Living Wall","floor":10,"gold_loss":0,"cards_obtained":["MentalFortress"]},{"damage_healed":0,"gold_gain":0,"player_choice":"Entered Light","damage_taken":14,"max_hp_gain":0,"max_hp_loss":0,"event_name":"Shining Light","floor":12,"gold_loss":0,"cards_upgraded":["Strike_P","Tantrum"]},{"cards_removed":["Strike_P"],"damage_healed":0,"gold_gain":0,"player_choice":"Gave Gold","damage_taken":0,"max_hp_gain":0,"max_hp_loss":0,"event_name":"Beggar","floor":19,"gold_loss":75},{"damage_healed":0,"gold_gain":0,"player_choice":"Traded Relic","damage_taken":0,"relics_obtained":["Nloth\u0027s Gift"],"max_hp_gain":0,"max_hp_loss":0,"event_name":"N\u0027loth","floor":20,"relics_lost":["Unceasing Top"],"gold_loss":0},{"damage_healed":0,"gold_gain":0,"player_choice":"Ignored","damage_taken":0,"max_hp_gain":0,"max_hp_loss":0,"event_name":"Vampires","floor":27,"gold_loss":0},{"damage_healed":0,"gold_gain":0,"player_choice":"Fight","damage_taken":0,"max_hp_gain":0,"max_hp_loss":0,"event_name":"MindBloom","floor":37,"gold_loss":0},{"damage_healed":0,"gold_gain":0,"player_choice":"Bought 1 Potion","damage_taken":0,"max_hp_gain":0,"max_hp_loss":0,"event_name":"The Woman in Blue","floor":47,"gold_loss":0}],"is_beta":false,"boss_relics":[{"not_picked":["Cursed Key","Runic Pyramid"],"picked":"Empty Cage"},{"not_picked":["Snecko Eye","Black Star"],"picked":"Velvet Choker"}],"items_purged_floors":[30,39],"is_endless":false,"potions_floor_spawned":[4,5,13,14,18,25,31,36,37,38],"ascension_level":7}}