{"host":"rhdzd7if6vauof3v","time":1614257069,"event":{"mods":["AchievementEnabler","BaseMod","Colored Map","Minty Spire (QoL Compilation)","Permanent Neow","Relic Stats","StSLib","Transform Curses"],"gold_per_floor":[114,114,132,132,148,176,30,30,54,54,69,69,69,34,34,158,158,177,177,24,24,24,24,49,74,74,16,32,70,170,188,188,316,316,340,267,282,43,16,16,29,29,55,71,71,110,110,110,110,110],"floor_reached":51,"language":"ENG","playtime":4217,"items_purged":["Shame","Strike_G","Strike_G"],"score":716,"play_id":"7f6a9ec7-89cf-4094-ba6a-b4012b804b79","local_time":"20210225074429","is_ascension_mode":false,"campfire_choices":[{"data":"Backstab","floor":13,"key":"SMITH"},{"data":"Quick Slash","floor":15,"key":"SMITH"},{"data":"Envenom","floor":23,"key":"SMITH"},{"floor":32,"key":"REST"},{"data":"Catalyst","floor":40,"key":"SMITH"},{"data":"Envenom","floor":42,"key":"SMITH"},{"data":"Footwork","floor":47,"key":"SMITH"},{"data":"Footwork","floor":49,"key":"SMITH"}],"circlet_count":0,"master_deck":["Strike_G","Strike_G","Defend_G","Defend_G","Defend_G","Defend_G","Survivor","Neutralize","Footwork+1","Quick Slash+1","Backstab+1","Riddle With Holes","Slice","Envenom+1","Sucker Punch+1","Dagger Spray","Catalyst+1","Footwork+1","Quick Slash+1","Deflect+1","Deadly Poison+1","Corpse Explosion+1","Prepared+1","Prepared+1","Slice+1","Deadly Poison+1","Footwork+1","Crippling Poison+1","Bouncing Flask+1","Envenom+1","Deadly Poison+1","Catalyst+1","Bandage Up+1"],"relics":["Ring of the Snake","Bronze Scales","Boot","Strawberry","Golden Idol","Velvet Choker","Membership Card","The Specimen","Kunai","Toxic Egg 2","Anchor","Runic Pyramid","Snake Skull","Orrery","Orichalcum","FossilizedHelix","Letter Opener"],"acts_visited":["Exordium","TheCity","TheBeyond"],"potions_floor_usage":[35],"damage_taken":[{"damage":1,"enemies":"Jaw Worm","floor":1,"turns":4},{"damage":0,"enemies":"Small Slimes","floor":3,"turns":3},{"damage":0,"enemies":"Cultist","floor":5,"turns":4},{"damage":14,"enemies":"3 Sentries","floor":6,"turns":11},{"damage":0,"enemies":"Exordium Thugs","floor":11,"turns":3},{"damage":12,"enemies":"The Guardian","floor":16,"turns":12},{"damage":25,"enemies":"2 Thieves","floor":18,"turns":3},{"damage":15,"enemies":"Shell Parasite","floor":24,"turns":3},{"damage":4,"enemies":"Snecko","floor":25,"turns":5},{"damage":3,"enemies":"Snake Plant","floor":28,"turns":4},{"damage":9,"enemies":"Book of Stabbing","floor":29,"turns":5},{"damage":1,"enemies":"Chosen and Byrds","floor":31,"turns":4},{"damage":29,"enemies":"Automaton","floor":33,"turns":9},{"damage":0,"enemies":"3 Darklings","floor":35,"turns":1},{"damage":8,"enemies":"3 Shapes","floor":37,"turns":2},{"damage":3,"enemies":"Maw","floor":41,"turns":4},{"damage":0,"enemies":"Transient","floor":44,"turns":5},{"damage":7,"enemies":"Reptomancer","floor":46,"turns":3},{"damage":20,"enemies":"Donu and Deca","floor":50,"turns":4}],"seed_played":"2592154828998756636","potions_obtained":[{"floor":5,"key":"Fire Potion"},{"floor":6,"key":"EntropicBrew"},{"floor":11,"key":"Explosive Potion"},{"floor":16,"key":"Regen Potion"},{"floor":35,"key":"Strength Potion"}],"is_trial":false,"path_per_floor":["M","?","M","?","M","E","$","?","T","$","M","?","R","?","R","B",null,"M","?","$","?","?","R","M","M","T","$","M","E","?","M","R","B",null,"M","$","M","$","$","R","M","R","T","M","?","E","R","T","R","B",null],"character_chosen":"THE_SILENT","items_purchased":["Boot","Membership Card","Footwork","Prepared+1","Snake Skull","Deadly Poison+1","Orrery","Deadly Poison+1"],"campfire_rested":1,"item_purchase_floors":[7,20,27,36,38,38,38,39],"current_hp_per_floor":[69,69,69,69,69,55,55,80,87,87,87,66,66,87,87,75,87,62,62,62,62,62,62,47,43,43,43,40,31,31,30,56,27,87,87,87,79,79,79,79,76,76,76,76,76,75,75,75,75,61],"gold":110,"neow_bonus":"ONE_RANDOM_RARE_CARD","is_daily":false,"chose_seed":false,"campfire_upgraded":7,"win_rate":0.0,"timestamp":1614257069,"path_taken":["M","?","M","?","?","E","$","?","T","?","?","?","R","?","R","BOSS","M","?","?","?","?","R","?","M","T","$","M","E","?","M","R","BOSS","M","$","M","?","$","R","M","R","T","M","?","E","R","?","R","BOSS"],"items_purchased_type":["Relic","Relic","Card","Card","Relic","Card","Relic","Card"],"build_version":"2020-12-22","purchased_purges":3,"victory":true,"max_hp_per_floor":[70,70,70,70,70,70,70,80,87,87,87,87,87,87,87,87,87,87,87,87,87,87,87,87,87,87,87,87,87,87,87,87,87,87,87,87,87,87,87,87,87,87,87,87,87,87,87,87,87,87],"relic_stats":{"counters":[19,89],"Golden Idol":128,"Bronze Scales":[210],"Snake Skull":[36],"Kunai":[22],"Letter Opener":[20],"Orichalcum":[30],"Boot":[260],"obtain_stats":[{"The Specimen":21,"Golden Idol":12,"Velvet Choker":17,"Snake Skull":38,"Letter Opener":48,"Orichalcum":43,"Boot":7,"Anchor":29,"Bronze Scales":6,"Strawberry":9,"Orrery":38,"Membership Card":20,"Kunai":22,"Toxic Egg 2":26,"FossilizedHelix":46,"Ring of the Snake":0,"Runic Pyramid":34},{"The Specimen":7,"Golden Idol":5,"Velvet Choker":6,"Snake Skull":15,"Letter Opener":18,"Orichalcum":16,"Boot":4,"Anchor":11,"Bronze Scales":4,"Strawberry":4,"Orrery":15,"Membership Card":7,"Kunai":7,"Toxic Egg 2":9,"FossilizedHelix":18,"Ring of the Snake":0,"Runic Pyramid":13},{"The Specimen":40,"Golden Idol":25,"Velvet Choker":37,"Snake Skull":73,"Letter Opener":85,"Orichalcum":77,"Boot":22,"Anchor":57,"Bronze Scales":22,"Strawberry":22,"Orrery":73,"Membership Card":40,"Kunai":40,"Toxic Egg 2":48,"FossilizedHelix":85,"Ring of the Snake":0,"Runic Pyramid":70}],"Ring of the Snake":[38]},"card_choices":[{"not_picked":["Blade Dance","Infinite Blades"],"picked":"Footwork","floor":1},{"not_picked":["Masterful Stab","Caltrops"],"picked":"Quick Slash","floor":3},{"not_picked":["Crippling Poison","Dash"],"picked":"Backstab","floor":5},{"not_picked":["Predator","Expertise"],"picked":"Riddle With Holes","floor":6},{"not_picked":["Distraction","Cloak And Dagger"],"picked":"Slice","floor":11},{"not_picked":["Bullet Time","Adrenaline"],"picked":"Envenom","floor":16},{"not_picked":["Accuracy+1","Blade Dance+1"],"picked":"Sucker Punch+1","floor":18},{"not_picked":["Poisoned Stab","Dodge and Roll+1"],"picked":"Dagger Spray","floor":24},{"not_picked":["Endless Agony+1","Wraith Form v2"],"picked":"Catalyst","floor":25},{"not_picked":["Cloak And Dagger+1","Blade Dance+1"],"picked":"Quick Slash+1","floor":28},{"not_picked":["Choke","Sucker Punch"],"picked":"Deflect+1","floor":29},{"not_picked":["Blade Dance+1","Backflip+1"],"picked":"Deadly Poison+1","floor":31},{"not_picked":["Doppelganger+1","Venomology+1"],"picked":"Corpse Explosion+1","floor":33},{"not_picked":["Underhanded Strike+1","Outmaneuver+1"],"picked":"Prepared+1","floor":35},{"not_picked":["Dash+1","Cloak And Dagger+1"],"picked":"Slice+1","floor":37},{"not_picked":["Cloak And Dagger+1","Dodge and Roll+1"],"picked":"Footwork+1","floor":38},{"not_picked":["Sucker Punch","Escape Plan+1"],"picked":"Crippling Poison+1","floor":38},{"not_picked":["Bane","Cloak And Dagger+1"],"picked":"Bouncing Flask+1","floor":38},{"not_picked":["Outmaneuver+1","Flying Knee+1"],"picked":"Envenom","floor":38},{"not_picked":["Dagger Spray","Crippling Poison+1"],"picked":"Catalyst+1","floor":41},{"not_picked":["Caltrops","Acrobatics+1","Escape Plan+1"],"picked":"SKIP","floor":44},{"not_picked":["Trip+1","Magnetism"],"picked":"Bandage Up+1","floor":45},{"not_picked":["Eviscerate","Dagger Spray","Heel Hook"],"picked":"SKIP","floor":46}],"player_experience":91144,"relics_obtained":[{"floor":6,"key":"Bronze Scales"},{"floor":9,"key":"Strawberry"},{"floor":26,"key":"Toxic Egg 2"},{"floor":29,"key":"Anchor"},{"floor":43,"key":"Orichalcum"},{"floor":46,"key":"FossilizedHelix"},{"floor":48,"key":"Letter Opener"}],"event_choices":[{"damage_healed":0,"gold_gain":0,"player_choice":"Ignored","damage_taken":0,"max_hp_gain":0,"max_hp_loss":0,"event_name":"Liars Game","floor":2,"gold_loss":0},{"cards_removed":["Strike_G"],"damage_healed":0,"gold_gain":0,"player_choice":"Purged","damage_taken":0,"max_hp_gain":0,"max_hp_loss":0,"event_name":"Purifier","floor":4,"gold_loss":0},{"cards_removed":["Unload"],"damage_healed":15,"gold_gain":0,"player_choice":"Offered Rare","damage_taken":0,"max_hp_gain":10,"max_hp_loss":0,"event_name":"Bonfire Elementals","floor":8,"gold_loss":0},{"damage_healed":0,"gold_gain":0,"player_choice":"Take Damage","damage_taken":21,"relics_obtained":["Golden Idol"],"max_hp_gain":0,"max_hp_loss":0,"event_name":"Golden Idol","floor":12,"gold_loss":0},{"damage_healed":21,"gold_gain":0,"player_choice":"Healed","damage_taken":0,"max_hp_gain":0,"max_hp_loss":0,"event_name":"The Cleric","floor":14,"gold_loss":35},{"cards_removed":["Defend_G"],"damage_healed":0,"gold_gain":0,"player_choice":"Purged","damage_taken":0,"max_hp_gain":0,"max_hp_loss":0,"event_name":"Purifier","floor":19,"gold_loss":0},{"damage_healed":0,"gold_gain":0,"player_choice":"Opened","damage_taken":0,"relics_obtained":["The Specimen"],"max_hp_gain":0,"max_hp_loss":0,"event_name":"The Mausoleum","floor":21,"gold_loss":0},{"damage_healed":0,"gold_gain":0,"player_choice":"Stole Relic","damage_taken":0,"relics_obtained":["Kunai"],"max_hp_gain":0,"max_hp_loss":0,"event_name":"Addict","floor":22,"gold_loss":0,"cards_obtained":["Shame"]},{"damage_healed":0,"gold_gain":100,"player_choice":"Pray","damage_taken":0,"max_hp_gain":0,"max_hp_loss":0,"event_name":"Golden Shrine","floor":30,"gold_loss":0},{"damage_healed":0,"gold_gain":0,"player_choice":"Memory 1","damage_taken":0,"max_hp_gain":0,"max_hp_loss":0,"event_name":"SensoryStone","floor":45,"gold_loss":0}],"is_beta":false,"boss_relics":[{"not_picked":["Busted Crown","SacredBark"],"picked":"Velvet Choker"},{"not_picked":["Runic Dome","Cursed Key"],"picked":"Runic Pyramid"}],"items_purged_floors":[27,36,38],"is_endless":false,"potions_floor_spawned":[5,6,11,16,24,25,29,33,35],"ascension_level":0}}