{"host":"jsd6g3c2vo13e69c","time":1614272506,"event":{"mods":["2.2 Compatiblity","Act Like it!","BaseMod","Better Altar","Better Match","Better Note","Better Sensory Stone","Better Third Choice","BetterRewards","Colored Map","Colored Powertips","Downfall","Friendly Minions","GifTheSpireLib","Googly Eyes","Gremlin Mod","Hermit","Hubris","Infinite Spire","Melee Mod","Minty Spire (QoL Compilation)","Permanent Neow","Quick Restart","Random Character Button","Replay The Spire","Shop Mod","Spire Arcade","StSLib","The Cursed","The Disciple","The Forsaken","thorton"],"gold_per_floor":[99,112,131,406,425,425,472,482,517,517,529,60,78,96,114,214,214,214,231,241,241,251,81,81,92,92,92,112,212,112,124,138,233,233,133,153,166,182,307,342,342,342,354,354,368,268,295,295,309,309,309,336,13,13,13,13],"floor_reached":57,"language":"ENG","playtime":4056,"items_purged":["Regret","Slimebound:Strike_Slimebound","Slimebound:Strike_Slimebound"],"score":1267,"play_id":"fa4d371d-4917-4f00-b2ed-e696752d6b53","local_time":"20210225120146","is_ascension_mode":false,"campfire_choices":[{"data":"Slimebound:TagTeam","floor":1,"key":"SMITH"},{"data":"Slimebound:CorrosiveSpit","floor":6,"key":"SMITH"},{"data":"Slimebound:Split","floor":10,"key":"SMITH"},{"data":"Slimebound:Strike_Slimebound","floor":18,"key":"PURGE"},{"data":"Slimebound:OneTwoCombo","floor":27,"key":"SMITH"},{"floor":30,"key":"RECALL"},{"data":"Slimebound:MassRepurpose","floor":35,"key":"SMITH"},{"data":"Slimebound:TagTeam","floor":46,"key":"SMITH"},{"data":"expansioncontent:QuickStudy","floor":54,"key":"SMITH"}],"circlet_count":0,"master_deck":["Slimebound:Tackle","Slimebound:Defend_Slimebound+1","Slimebound:Defend_Slimebound","Slimebound:Defend_Slimebound","Slimebound:Defend_Slimebound","Slimebound:Split+1","Slimebound:CorrosiveSpit+1","Slimebound:TagTeam+1","Slimebound:Dissolve","Slimebound:MassFeed+1","Slimebound:SplitBruiser","Slimebound:SplitMire","Slimebound:LeadByExample","Slimebound:Repurpose","Slimebound:SlimeTap","Slimebound:SplitMire","Slimebound:OneTwoCombo+1","Slimebound:GoopSpray","Slimebound:SplitBruiser","Pot Of Greed","Pot Of Greed","Slimebound:SplitLeeching+1","Slimebound:SplitAcid+1","Slimebound:MassRepurpose+1","Pot Of Greed","Slimebound:Repurpose","Slimebound:TagTeam+1","Slimebound:FormOfPuddle+1","Slimebound:GoopSpray+1","Slimebound:SplitLeeching+1","Slimebound:Teamwork+1","Slimebound:SlimeTap","hubris:Fate","Slimebound:Teamwork+1","hubris:Fate","Slimebound:HauntingLick+1","Slimebound:SplitAcid+1","Pot Of Greed","Slimebound:SplitMire","Slimebound:SlimeTap","expansioncontent:QuickStudy+1"],"relics":["Slimebound:AbsorbEndCombatUpgraded","Centennial Puzzle","Ginger","Sling","PreservedInsect","Grinning Jar","Mercury Hourglass","downfall:HeartBlessingBlue","SlaversCollar","downfall:HeartBlessingRed","Boot","hubris:Spice","Medical Kit","downfall:HeartBlessingGreen","War Paint","Bag of Marbles","Guide Book"],"acts_visited":["Exordium","TheCity","TheBeyond","TheEnding"],"potions_floor_usage":[11,16,16,20,56,56],"damage_taken":[{"damage":3,"enemies":"Jaw Worm","floor":2,"turns":3},{"damage":0,"enemies":"Cultist","floor":3,"turns":2},{"damage":0,"enemies":"Small Slimes","floor":5,"turns":2},{"damage":8,"enemies":"Red Slaver","floor":8,"turns":2},{"damage":19,"enemies":"Gremlin Nob","floor":9,"turns":5},{"damage":0,"enemies":"Gremlin Gang","floor":11,"turns":1},{"damage":16,"enemies":"downfall:FleeingMerchant","floor":12,"turns":4},{"damage":21,"enemies":"Exordium Thugs","floor":13,"turns":2},{"damage":0,"enemies":"3 Louse","floor":14,"turns":2},{"damage":10,"enemies":"Blue Slaver","floor":15,"turns":2},{"damage":27,"enemies":"WA_ARCHETYPE_RETAIN","floor":16,"turns":5},{"damage":10,"enemies":"Shell Parasite","floor":19,"turns":2},{"damage":0,"enemies":"3 Byrds","floor":20,"turns":3},{"damage":24,"enemies":"Snecko","floor":22,"turns":4},{"damage":15,"enemies":"downfall:FleeingMerchant","floor":23,"turns":4},{"damage":21,"enemies":"Snake Plant","floor":25,"turns":2},{"damage":0,"enemies":"Sentry and Sphere","floor":28,"turns":3},{"damage":13,"enemies":"Centurion and Healer","floor":31,"turns":3},{"damage":11,"enemies":"Shelled Parasite and Fungi","floor":32,"turns":3},{"damage":38,"enemies":"SI_MIRROR_ARCHETYPE","floor":33,"turns":8},{"damage":20,"enemies":"3 Darklings","floor":36,"turns":4},{"damage":0,"enemies":"3 Shapes","floor":37,"turns":4},{"damage":1,"enemies":"Sphere and 2 Shapes","floor":38,"turns":4},{"damage":0,"enemies":"downfall:FleeingMerchant","floor":39,"turns":4},{"damage":14,"enemies":"Nemesis","floor":40,"turns":5},{"damage":3,"enemies":"Jaw Worm Horde","floor":43,"turns":3},{"damage":5,"enemies":"3 Darklings","floor":45,"turns":4},{"damage":8,"enemies":"3 Darklings","floor":48,"turns":3},{"damage":0,"enemies":"Writhing Mass","floor":49,"turns":3},{"damage":46,"enemies":"DF_ARCHETYPE_ORBS","floor":50,"turns":6},{"damage":21,"enemies":"downfall:CharBossMerchant","floor":52,"turns":5},{"damage":0,"enemies":"downfall:NeowBoss","floor":55,"turns":12},{"damage":133,"enemies":"downfall:NeowBossFinal","floor":56,"turns":8}],"seed_played":"-848350244307505370","potions_obtained":[{"floor":2,"key":"Explosive Potion"},{"floor":5,"key":"Elixir"},{"floor":8,"key":"Reflective Coating"},{"floor":14,"key":"SteroidPotion"},{"floor":15,"key":"PowerPotion"},{"floor":19,"key":"Slimebound:ThreeZeroPotion"},{"floor":25,"key":"Ancient Potion"},{"floor":28,"key":"Milkshake"},{"floor":32,"key":"FairyPotion"},{"floor":37,"key":"Energy Potion"},{"floor":40,"key":"Adrenaline Potion"}],"is_trial":false,"path_per_floor":["R_BF","M","M","?","M","R","T","M","E","R","M","$","M","M","M","B",null,"R_BF","M","M","?","M","$","T","M","T","R","M","?","R","M","M","B",null,"R","M","M","M","$","E","T","AVR","M","?","M","R","?","?","M","B",null,"E","$","R","B","B",null],"character_chosen":"SLIMEBOUND","items_purchased":["Sling","PreservedInsect","Slimebound:Repurpose","Grinning Jar","Slimebound:Teamwork+1","Guide Book","expansioncontent:QuickStudy"],"campfire_rested":0,"item_purchase_floors":[12,12,12,23,39,53,53],"current_hp_per_floor":[65,65,65,65,65,65,65,59,42,42,44,36,25,34,26,6,83,83,79,86,86,71,71,71,56,56,56,71,71,81,80,75,49,102,102,94,97,102,102,94,102,102,113,113,116,116,116,116,119,88,119,110,110,110,119,1],"gold":13,"neow_bonus":"ONE_RANDOM_RARE_CARD","is_daily":false,"chose_seed":false,"campfire_upgraded":7,"win_rate":0.0,"timestamp":1614272506,"path_taken":["R_BF","M","M","?","M","R","T","?","E","R","M","$","M","M","M","BOSS","R_BF","M","M","?","?","$","T","M","?","R","M","?","R","M","M","BOSS","R","M","M","M","$","E","T","AVR","M","?","?","R","?","?","M","BOSS","E","$","R","BOSS","BOSS"],"items_purchased_type":["Relic","Relic","Card","Relic","Card","Relic","Card"],"build_version":"2020-12-22","purchased_purges":3,"victory":true,"max_hp_per_floor":[65,65,65,65,65,65,65,65,65,65,65,65,71,80,80,83,83,83,86,86,86,86,86,86,86,86,86,89,89,99,99,102,102,102,102,102,102,102,102,102,110,110,113,113,116,116,116,116,119,119,119,119,119,119,119,119],"card_choices":[{"not_picked":["Slimebound:RollThrough","Slimebound:FormOfPuddle"],"picked":"Slimebound:Dissolve","floor":2},{"not_picked":["Slimebound:AcidTongue","Slimebound:Recollect","Slimebound:ComboTackle"],"picked":"SKIP","floor":3},{"not_picked":["Slimebound:SlimeSpikes","Slimebound:SplitBruiser"],"picked":"Slimebound:MassFeed","floor":5},{"not_picked":["Slimebound:PressTheAttack","Slimebound:GoopTackle","Slimebound:LeechingTouch"],"picked":"SKIP","floor":8},{"not_picked":["Slimebound:ProtectTheBoss","Slimebound:LevelUp"],"picked":"Slimebound:SplitBruiser","floor":9},{"not_picked":["Slimebound:ViciousTackle","Slimebound:AcidTongue"],"picked":"Slimebound:SplitMire","floor":11},{"not_picked":["Slimebound:Recollect","Slimebound:GoopTackle"],"picked":"Slimebound:LeadByExample","floor":12},{"not_picked":["Slimebound:FirmFortitude","Slimebound:ComboTackle"],"picked":"Slimebound:SlimeTap","floor":13},{"not_picked":["Slimebound:Chomp","Slimebound:SlimeSpikes"],"picked":"Slimebound:SplitMire","floor":14},{"not_picked":["Slimebound:GrowthPunch","Slimebound:Gluttony","Slimebound:GoopTackle"],"picked":"SKIP","floor":15},{"not_picked":["Slimebound:SlimeSlap","Slimebound:RallyTheTroops"],"picked":"Slimebound:OneTwoCombo","floor":16},{"not_picked":["Slimebound:LeechingTouch","Slimebound:ItLooksTasty+1"],"picked":"Slimebound:GoopSpray","floor":19},{"not_picked":["Slimebound:SlimeSpikes+1","Slimebound:ServeAndProtect","Slimebound:ForwardTackle+1"],"picked":"SKIP","floor":20},{"not_picked":["Slimebound:LeechingTouch","Slimebound:Replication","Slimebound:PressTheAttack"],"picked":"SKIP","floor":22},{"not_picked":["Slimebound:TongueLash+1","Slimebound:ComboTackle+1"],"picked":"Slimebound:SplitBruiser","floor":23},{"not_picked":["Slimebound:Chomp","Slimebound:LeechEnergy"],"picked":"Slimebound:SplitLeeching","floor":25},{"not_picked":["Slimebound:SpikyOuterGoop","Slimebound:HauntingLick"],"picked":"Slimebound:SplitAcid+1","floor":28},{"not_picked":["Slimebound:GoopTackle","Slimebound:ItLooksTasty"],"picked":"Slimebound:MassRepurpose","floor":31},{"not_picked":["Slimebound:SlimeBrawl+1","Slimebound:Dissolve"],"picked":"Slimebound:Repurpose","floor":32},{"not_picked":["Slimebound:Recycling","Slimebound:LeechLife"],"picked":"Slimebound:TagTeam","floor":33},{"not_picked":["Slimebound:HungryTackle+1","Slimebound:LevelUp+1"],"picked":"Slimebound:FormOfPuddle+1","floor":36},{"not_picked":["Slimebound:Grow+1","Slimebound:RollThrough"],"picked":"Slimebound:GoopSpray+1","floor":37},{"not_picked":["Slimebound:GoopTackle+1","Slimebound:SlimeSpikes"],"picked":"Slimebound:SplitLeeching+1","floor":38},{"not_picked":["Slimebound:Gluttony+1","Slimebound:DivideAndConquer","Slimebound:SlimeSpikes+1"],"picked":"SKIP","floor":39},{"not_picked":["Slimebound:Replication+1","Slimebound:SplitMire+1"],"picked":"Slimebound:SlimeTap","floor":40},{"not_picked":["Slimebound:SpikyOuterGoop","Slimebound:RejuvenatingLick"],"picked":"Slimebound:Teamwork","floor":43},{"not_picked":["Slimebound:Gluttony+1","Slimebound:DivideAndConquer+1"],"picked":"Slimebound:HauntingLick+1","floor":45},{"not_picked":["Slimebound:Schlurp","Slimebound:Replication"],"picked":"Slimebound:SplitAcid+1","floor":48},{"not_picked":["Slimebound:ComboTackle+1","Slimebound:MassFeed"],"picked":"Slimebound:SplitMire","floor":49},{"not_picked":["Slimebound:ProtectTheBoss","Slimebound:ItLooksTasty"],"picked":"Slimebound:SlimeTap","floor":52}],"player_experience":469484,"relics_obtained":[{"floor":7,"key":"Centennial Puzzle"},{"floor":9,"key":"Ginger"},{"floor":26,"key":"Mercury Hourglass"},{"floor":40,"key":"Boot"},{"floor":41,"key":"hubris:Spice"},{"floor":47,"key":"War Paint"},{"floor":52,"key":"Bag of Marbles"}],"event_choices":[{"cards_removed":["Slimebound:MassFeed"],"damage_healed":0,"gold_gain":0,"player_choice":"Give","damage_taken":0,"max_hp_gain":0,"max_hp_loss":0,"event_name":"betterNote:BetterNote","floor":21,"gold_loss":0,"cards_obtained":["Slimebound:Defend_Slimebound"]}],"is_beta":false,"boss_relics":[{"not_picked":["Replay:Bronze Core","hubris:TerracottaHorce"],"picked":"Slimebound:AbsorbEndCombatUpgraded"},{"not_picked":["Runic Pyramid","hubris:ScarierMask"],"picked":"SlaversCollar"}],"items_purged_floors":[12,39,42],"is_endless":false,"potions_floor_spawned":[2,5,8,14,15,19,25,28,31,32,37,40,48,49,52],"ascension_level":0}}