{"host":"owox7x4ngjt9htcc","time":1614234436,"event":{"mods":["BaseMod","Colored Map","DeckTracker","Keyboard Shortcuts","Minty Spire (QoL Compilation)","SuperFastMode"],"gold_per_floor":[114,129,304,304,254,292,29,29,29,29,67,86,105,124,124,249,249,268,268,268,367,224,262,281,319,331,362,49,68,68,34,34,159,159,178,197,216,279,298,298,336,18,18,18,18,37,75,94,94,94],"floor_reached":51,"language":"KOR","playtime":1195,"items_purged":["Injury"],"score":1055,"play_id":"45033366-a2e2-484a-ac25-dcedd277266d","local_time":"20210225152716","daily_mods":["Insanity","Colorless Cards","Night Terrors"],"is_ascension_mode":false,"campfire_choices":[{"data":"1","floor":8,"key":"LIFT"},{"data":"2","floor":10,"key":"LIFT"},{"data":"3","floor":15,"key":"LIFT"},{"data":"Creative AI","floor":30,"key":"SMITH"},{"data":"Hologram","floor":32,"key":"SMITH"},{"floor":40,"key":"REST"},{"data":"Apotheosis","floor":44,"key":"SMITH"},{"data":"Trip","floor":49,"key":"SMITH"}],"circlet_count":0,"master_deck":["Streamline","Hologram","Redo","Ball Lightning","Leap","Gash","Barrage","Hello World","Blizzard","Undo","Turbo","Undo","Bandage Up","Streamline","BootSequence","Glacier","Stack","Gash","Ball Lightning","Turbo","Gash","Turbo","Beam Cell","Trip+1","Redo","Jack Of All Trades","Ball Lightning","Coolheaded","Hologram","Leap","Doom and Gloom","Hologram+1","Coolheaded","Ball Lightning","Rebound","Self Repair","Streamline","Skim","Loop","Blizzard","Mind Blast","Barrage","Beam Cell","Rebound","Streamline","Static Discharge","FTL","Scrape","Loop","Streamline","Conserve Battery","Gash","Recycle","Loop","Coolheaded","Creative AI+1","CurseOfTheBell","Dark Shackles","Defragment","Stack","Coolheaded","Hologram","Defragment","Seek","Double Energy+1","Compile Driver","Turbo","Finesse","Apotheosis+1","Static Discharge","Creative AI+1","Coolheaded"],"relics":["Cracked Core","Golden Idol","Girya","Membership Card","Bronze Scales","Pantograph","MealTicket","Calling Bell","Centennial Puzzle","Matryoshka","TungstenRod","MutagenicStrength","Ornamental Fan","Oddly Smooth Stone","MawBank","Pear","Question Card","Runic Capacitor","Mercury Hourglass","Sundial","Nuclear Battery","Lizard Tail","Mummified Hand","Bottled Lightning","Vajra","Potion Belt","Ice Cream","Bag of Marbles"],"acts_visited":["Exordium","TheCity","TheBeyond"],"potions_floor_usage":[16,23,33,50,50,50,50],"damage_taken":[{"damage":0,"enemies":"2 Louse","floor":1,"turns":2},{"damage":0,"enemies":"Small Slimes","floor":2,"turns":1},{"damage":9,"enemies":"3 Sentries","floor":6,"turns":4},{"damage":9,"enemies":"Lagavulin","floor":11,"turns":3},{"damage":0,"enemies":"Jaw Worm","floor":12,"turns":1},{"damage":0,"enemies":"Large Slime","floor":13,"turns":2},{"damage":0,"enemies":"2 Fungi Beasts","floor":14,"turns":2},{"damage":36,"enemies":"Hexaghost","floor":16,"turns":6},{"damage":0,"enemies":"Chosen","floor":18,"turns":2},{"damage":28,"enemies":"Gremlin Leader","floor":23,"turns":5},{"damage":0,"enemies":"2 Thieves","floor":24,"turns":2},{"damage":6,"enemies":"Slavers","floor":25,"turns":4},{"damage":0,"enemies":"Sentry and Sphere","floor":27,"turns":2},{"damage":2,"enemies":"Shelled Parasite and Fungi","floor":29,"turns":3},{"damage":19,"enemies":"Automaton","floor":33,"turns":8},{"damage":7,"enemies":"3 Darklings","floor":35,"turns":4},{"damage":3,"enemies":"3 Shapes","floor":36,"turns":3},{"damage":25,"enemies":"Jaw Worm Horde","floor":37,"turns":3},{"damage":15,"enemies":"Mind Bloom Boss Battle","floor":38,"turns":4},{"damage":33,"enemies":"Writhing Mass","floor":39,"turns":3},{"damage":26,"enemies":"Reptomancer","floor":41,"turns":6},{"damage":5,"enemies":"4 Shapes","floor":46,"turns":4},{"damage":6,"enemies":"Giant Head","floor":47,"turns":5},{"damage":0,"enemies":"3 Darklings","floor":48,"turns":2},{"damage":5,"enemies":"Donu and Deca","floor":50,"turns":4}],"seed_played":"3523290589944034342","potions_obtained":[{"floor":2,"key":"LiquidBronze"},{"floor":6,"key":"Block Potion"},{"floor":11,"key":"DuplicationPotion"},{"floor":18,"key":"LiquidMemories"},{"floor":27,"key":"Ancient Potion"},{"floor":36,"key":"Regen Potion"},{"floor":41,"key":"Swift Potion"},{"floor":46,"key":"Explosive Potion"},{"floor":48,"key":"PotionOfCapacity"}],"is_trial":false,"path_per_floor":["M","M","?","?","?","E","$","R","T","R","E","M","M","M","R","B",null,"M","?","?","?","$","E","M","E","T","M","$","M","R","$","R","B",null,"M","M","M","?","M","R","E","$","T","R","?","M","E","M","R","B",null],"character_chosen":"DEFECT","items_purchased":["Membership Card","Bronze Scales","Ornamental Fan","Defragment","Runic Capacitor","Mercury Hourglass","Sundial","Defragment","Apotheosis","Bottled Lightning","Vajra","Static Discharge"],"campfire_rested":1,"item_purchase_floors":[7,7,22,22,28,28,28,31,42,42,42,42],"current_hp_per_floor":[75,75,75,75,75,66,66,66,66,66,61,61,61,61,61,39,75,75,75,75,75,75,47,47,45,55,55,70,68,68,83,83,77,85,78,75,50,60,38,80,61,76,76,76,76,80,80,80,80,75],"gold":94,"neow_bonus":"","is_daily":true,"chose_seed":false,"campfire_upgraded":4,"win_rate":0.0,"timestamp":1614234436,"path_taken":["M","M","?","?","?","E","?","R","T","R","E","M","M","M","R","BOSS","M","?","?","?","$","E","M","E","T","M","$","M","R","?","R","BOSS","M","M","M","?","M","R","E","$","T","R","?","M","E","?","R","BOSS"],"items_purchased_type":["Relic","Relic","Relic","Card","Relic","Relic","Relic","Card","Card","Relic","Relic","Card"],"build_version":"2020-12-22","purchased_purges":1,"victory":true,"max_hp_per_floor":[75,75,75,75,75,75,75,75,75,75,75,75,75,75,75,75,75,75,75,75,75,75,75,75,75,85,85,85,85,85,85,85,85,85,85,85,85,85,85,80,80,80,80,80,80,80,80,80,80,80],"card_choices":[{"not_picked":["Undo","Redo"],"picked":"Conserve Battery","floor":1},{"not_picked":["Barrage","Hologram"],"picked":"Gash","floor":2},{"not_picked":["Coolheaded","Beam Cell"],"picked":"Recycle","floor":6},{"not_picked":["Hello World","Stack","Compile Driver"],"picked":"SKIP","floor":11},{"not_picked":["Redo","Go for the Eyes","Steam"],"picked":"SKIP","floor":12},{"not_picked":["Multi-Cast","Force Field"],"picked":"Loop","floor":13},{"not_picked":["Streamline","Barrage"],"picked":"Coolheaded","floor":14},{"not_picked":["Violence","Mayhem"],"picked":"Creative AI","floor":16},{"not_picked":["Streamline","Barrage"],"picked":"Dark Shackles","floor":18},{"not_picked":["Streamline+1","Violence"],"picked":"Stack","floor":23},{"not_picked":["Undo","Stack","Ball Lightning"],"picked":"SKIP","floor":24},{"not_picked":["Ball Lightning","Hologram"],"picked":"Coolheaded","floor":25},{"not_picked":["Sweeping Beam","Coolheaded","Stack","Glacier"],"picked":"SKIP","floor":27},{"not_picked":["Go for the Eyes","Doom and Gloom+1","Coolheaded","Hologram"],"picked":"SKIP","floor":29},{"not_picked":["Go for the Eyes","Doom and Gloom+1","Coolheaded"],"picked":"Hologram","floor":29},{"not_picked":["Multi-Cast","Reboot","The Bomb"],"picked":"Seek","floor":33},{"not_picked":["Redo+1","Impatience+1","Hologram","Sweeping Beam+1"],"picked":"SKIP","floor":35},{"not_picked":["Sunder+1","Barrage+1","Fusion"],"picked":"Double Energy+1","floor":36},{"not_picked":["Steam","Conserve Battery","Rebound","Leap"],"picked":"SKIP","floor":37},{"not_picked":["Sweeping Beam","Streamline","Redo"],"picked":"Compile Driver","floor":38},{"not_picked":["Self Repair+1","Leap+1","Magnetism"],"picked":"Turbo","floor":39},{"not_picked":["Magnetism","Stack","Undo+1"],"picked":"Finesse","floor":41},{"not_picked":["Ball Lightning","Trip+1","Cold Snap","Genetic Algorithm+1"],"picked":"SKIP","floor":46},{"not_picked":["Sweeping Beam","Panacea+1","Steam Power","Master of Strategy"],"picked":"SKIP","floor":47},{"not_picked":["Compile Driver","Hologram","Conserve Battery"],"picked":"Coolheaded","floor":48}],"player_experience":947868,"relics_obtained":[{"floor":6,"key":"Girya"},{"floor":9,"key":"Pantograph"},{"floor":11,"key":"MealTicket"},{"floor":17,"key":"Centennial Puzzle"},{"floor":17,"key":"Matryoshka"},{"floor":17,"key":"TungstenRod"},{"floor":23,"key":"Oddly Smooth Stone"},{"floor":25,"key":"MawBank"},{"floor":26,"key":"Pear"},{"floor":26,"key":"Question Card"},{"floor":38,"key":"Lizard Tail"},{"floor":41,"key":"Mummified Hand"},{"floor":43,"key":"Potion Belt"},{"floor":43,"key":"Ice Cream"},{"floor":47,"key":"Bag of Marbles"}],"event_choices":[{"damage_healed":0,"gold_gain":175,"player_choice":"AGREE","damage_taken":0,"max_hp_gain":0,"max_hp_loss":0,"event_name":"Liars Game","floor":3,"gold_loss":0,"cards_obtained":["Doubt"]},{"damage_healed":0,"gold_gain":0,"player_choice":"Take Wound","damage_taken":0,"relics_obtained":["Golden Idol"],"max_hp_gain":0,"max_hp_loss":0,"event_name":"Golden Idol","floor":4,"gold_loss":0,"cards_obtained":["Injury"]},{"cards_removed":["Doubt"],"damage_healed":0,"gold_gain":0,"player_choice":"Card Removal","damage_taken":0,"max_hp_gain":0,"max_hp_loss":0,"event_name":"The Cleric","floor":5,"gold_loss":50},{"damage_healed":0,"gold_gain":0,"player_choice":"Ignored","damage_taken":0,"max_hp_gain":0,"max_hp_loss":0,"event_name":"Ghosts","floor":19,"gold_loss":0},{"damage_healed":0,"gold_gain":0,"player_choice":"Inject Mutagens","damage_taken":0,"relics_obtained":["MutagenicStrength"],"max_hp_gain":0,"max_hp_loss":0,"event_name":"Drug Dealer","floor":20,"gold_loss":0},{"damage_healed":0,"gold_gain":99,"player_choice":"Stole From Cult","damage_taken":0,"max_hp_gain":0,"max_hp_loss":0,"event_name":"Nest","floor":21,"gold_loss":0},{"damage_healed":0,"gold_gain":0,"player_choice":"Fight","damage_taken":0,"max_hp_gain":0,"max_hp_loss":0,"event_name":"MindBloom","floor":38,"gold_loss":0},{"damage_healed":0,"gold_gain":0,"player_choice":"Copied","damage_taken":0,"max_hp_gain":0,"max_hp_loss":0,"event_name":"Duplicator","floor":45,"gold_loss":0,"cards_obtained":["Creative AI"]}],"is_beta":false,"boss_relics":[{"not_picked":["Busted Crown","Tiny House"],"picked":"Calling Bell"},{"not_picked":["Runic Pyramid","Astrolabe"],"picked":"Nuclear Battery"}],"items_purged_floors":[7],"is_endless":false,"potions_floor_spawned":[2,6,11,14,18,27,36,41,46,48],"ascension_level":0}}