{"host":"f7915vm1ahl7kex1","time":1614284466,"event":{"mods":["BaseMod","Colored Map","Downfall","Minty Spire (QoL Compilation)","Quick Restart","Spire Arcade","StSLib"],"gold_per_floor":[99,119,119,27,41,55,81,81,105,124,24,24,53,67,82,185,185,185,202,218,318,718,732,785,685,698,382,282,315,315,335,348,443,443,443,459,479,339,358,658,658,658,658,687,687,716,716,183,197,197,197,228,27,27,27,27,27,27],"floor_reached":56,"language":"ENG","playtime":3157,"items_purged":["sneckomod:Strike","sneckomod:Strike"],"score":802,"play_id":"61ae8898-01f3-41bc-aa20-508247fa8f72","local_time":"20210225142106","is_ascension_mode":false,"campfire_choices":[{"floor":1.0,"key":"RECALL"},{"data":"Bludgeon","floor":11.0,"key":"SMITH"},{"data":"Dark Embrace","floor":28.0,"key":"SMITH"},{"data":"Guardian:FloatingOrbs","floor":35,"key":"SMITH"},{"data":"expansioncontent:PolyBeam","floor":40,"key":"SMITH"},{"data":"Guardian:ChargeUp","floor":45,"key":"SMITH"},{"data":"Guardian:FierceBash","floor":47,"key":"SMITH"},{"data":"expansioncontent:QuickStudy","floor":54,"key":"SMITH"}],"circlet_count":0,"master_deck":["sneckomod:Strike","sneckomod:Defend","sneckomod:Defend","sneckomod:Defend","sneckomod:TailWhip","sneckomod:SnekBite","sneckomod:UnknownClassRED","sneckomod:SlitherStrike","Bludgeon+1","sneckomod:QuickMove","sneckomod:SoulRoll","sneckomod:UnknownClassTHE_BRONZE_AUTOMATON","Guardian:FierceBash+1","sneckomod:QuickBite+1","Dark Embrace+1","Guardian:FloatingOrbs+1","Guardian:DecasProtection","bronze:MaxOutput","expansioncontent:PolyBeam+1","bronze:Format+1","Guardian:DonusPower","Guardian:ChargeUp+1","sneckomod:UnknownStrength+1","Guardian:BronzeOrb","expansioncontent:QuickStudy+1","sneckomod:SnakeSap","sneckomod:SoulCleanse+1","bronze:InfiniteBeams"],"relics":["sneckomod:SuperSneckoSoul","downfall:ShatteredFragment","bronze:BronzeIdol","Odd Mushroom","downfall:HeartBlessingRed","Juzu Bracelet","bronze:MakeshiftBattery","downfall:GremlinWheel","Old Coin","sneckomod:ConfusingCodex","downfall:HeartBlessingGreen","Toy Ornithopter","downfall:HeartBlessingBlue","Omamori","Centennial Puzzle","Sling","Lizard Tail","Blue Candle","InkBottle","Singing Bowl","Bottled Flame","Strawberry","Lantern"],"acts_visited":["Exordium","TheCity","TheBeyond","TheEnding"],"potions_floor_usage":[32,33,38,50,50,50],"damage_taken":[{"damage":10.0,"enemies":"Small Slimes","floor":2.0,"turns":4.0},{"damage":5.0,"enemies":"downfall:FleeingMerchant","floor":4.0,"turns":4.0},{"damage":0.0,"enemies":"2 Louse","floor":5.0,"turns":2.0},{"damage":6.0,"enemies":"Jaw Worm","floor":6.0,"turns":3.0},{"damage":10.0,"enemies":"The Mushroom Lair","floor":9.0,"turns":3.0},{"damage":10.0,"enemies":"Lots of Slimes","floor":10.0,"turns":4.0},{"damage":13.0,"enemies":"3 Sentries","floor":13.0,"turns":4.0},{"damage":6.0,"enemies":"3 Louse","floor":14.0,"turns":2.0},{"damage":3.0,"enemies":"Blue Slaver","floor":15.0,"turns":2.0},{"damage":18.0,"enemies":"SI_SHIV_ARCHETYPE","floor":16.0,"turns":7.0},{"damage":0.0,"enemies":"Shell Parasite","floor":19.0,"turns":3.0},{"damage":10.0,"enemies":"3 Byrds","floor":20.0,"turns":5.0},{"damage":9.0,"enemies":"3 Byrds","floor":21.0,"turns":3.0},{"damage":9.0,"enemies":"WA_ARCHETYPE_RETAIN","floor":22.0,"turns":3.0},{"damage":0.0,"enemies":"Cultist and Chosen","floor":23.0,"turns":3.0},{"damage":10.0,"enemies":"Sentry and Sphere","floor":26.0,"turns":3.0},{"damage":0.0,"enemies":"downfall:FleeingMerchant","floor":27.0,"turns":4.0},{"damage":15.0,"enemies":"Slavers","floor":29.0,"turns":4.0},{"damage":1.0,"enemies":"Shelled Parasite and Fungi","floor":31.0,"turns":2.0},{"damage":16,"enemies":"Centurion and Healer","floor":32,"turns":3},{"damage":53,"enemies":"DF_ARCHETYPE_CLAW","floor":33,"turns":6},{"damage":6,"enemies":"3 Shapes","floor":36,"turns":2},{"damage":31,"enemies":"3 Darklings","floor":37,"turns":5},{"damage":0,"enemies":"downfall:FleeingMerchant","floor":38,"turns":3},{"damage":1,"enemies":"Jaw Worm Horde","floor":39,"turns":3},{"damage":0,"enemies":"Giant Head","floor":44,"turns":5},{"damage":33,"enemies":"Nemesis","floor":46,"turns":5},{"damage":8,"enemies":"4 Shapes","floor":49,"turns":3},{"damage":68,"enemies":"WA_ARCHETYPE_DIVINITY","floor":50,"turns":6},{"damage":31,"enemies":"downfall:CharBossMerchant","floor":52,"turns":5},{"damage":40,"enemies":"downfall:NeowBoss","floor":55,"turns":13},{"damage":71,"enemies":"downfall:NeowBossFinal","floor":56,"turns":5}],"seed_played":"-231133430574760968","potions_obtained":[{"floor":10.0,"key":"EssenceOfSteel"},{"floor":13.0,"key":"Fruit Juice"},{"floor":14.0,"key":"GamblersBrew"},{"floor":15.0,"key":"Swift Potion"},{"floor":16.0,"key":"SteroidPotion"},{"floor":21.0,"key":"Fire Potion"},{"floor":22.0,"key":"champ:CounterPotion"},{"floor":29.0,"key":"Dexterity Potion"},{"floor":32,"key":"LiquidBronze"},{"floor":37,"key":"SkillPotion"},{"floor":44,"key":"PowerPotion"},{"floor":46,"key":"SneckoOil"}],"is_trial":false,"path_per_floor":["R","M","?","$","M","M","T","R","?","M","R","?","E","M","M","B",null,"R","M","M","?","?","M","T","R","M","$","R","E","R","M","M","B",null,"R","M","M","$","M","R","T","?","?","E","R","E","R","$","M","B",null,"E","$","R","B","B"],"character_chosen":"THE_SNECKO","items_purchased":["sneckomod:SlitherStrike","sneckomod:UnknownStrength","Toy Ornithopter","DuplicationPotion","Centennial Puzzle","Sling","expansioncontent:PolyBeam","expansioncontent:QuickStudy","Bottled Flame","Lantern","BlessingOfTheForge"],"campfire_rested":0,"item_purchase_floors":[4,27,27,27,38,38,38,48,48,53,53],"current_hp_per_floor":[99,89,68,63,63,57,57,57,47,37,37,37,24,18,20,2,104,104,104,94,85,76,76,76,76,66,73,83,68,68,72,61,13,114,114,108,77,82,81,81,81,81,76,76,76,43,43,43,35,57,114,90,90,90,50,0,0,0],"gold":27,"neow_bonus":"TEN_PERCENT_HP_BONUS","is_daily":false,"chose_seed":false,"campfire_upgraded":7,"win_rate":0.0,"timestamp":1614284466,"path_taken":["R","M","?","$","M","M","T","R","?","M","R","?","E","M","M","BOSS","R","M","M","?","?","M","T","R","M","$","R","E","R","M","M","BOSS","R","M","M","$","M","R","T","?","?","E","R","E","R","$","M","BOSS","E","$","R","BOSS","BOSS"],"items_purchased_type":["Card","Card","Relic","Potion","Relic","Relic","Card","Card","Relic","Relic","Potion"],"build_version":"2020-12-22","purchased_purges":2,"victory":false,"max_hp_per_floor":[99,99,99,99,99,99,99,99,99,99,99,99,99,99,104,104,104,104,104,104,104,104,104,104,104,104,104,114,114,114,114,114,114,114,114,114,114,114,114,114,114,114,114,114,114,114,114,114,114,114,114,121,121,121,121,121,121,121],"card_choices":[{"not_picked":["sneckomod:UnknownBlock","sneckomod:IronFang"],"picked":"sneckomod:UnknownClassRED","floor":2.0},{"not_picked":["sneckomod:IronFang","sneckomod:SoulExchange"],"picked":"sneckomod:UnknownDexterity","floor":4.0},{"not_picked":["sneckomod:Unknown0Cost","sneckomod:SoulDraw","sneckomod:QuickBite"],"picked":"SKIP","floor":5.0},{"not_picked":["sneckomod:Unknown1Cost","sneckomod:UnknownCommonSkill","sneckomod:UnknownDexterity"],"picked":"SKIP","floor":6.0},{"not_picked":["sneckomod:UnknownCommonAttack","sneckomod:UnknownColorless"],"picked":"sneckomod:QuickMove","floor":9.0},{"not_picked":["sneckomod:RainOfDice","sneckomod:Unknown2Cost"],"picked":"sneckomod:UnknownUncommonAttack","floor":10.0},{"not_picked":["sneckomod:Unknown1Cost","sneckomod:UnknownClassGUARDIAN"],"picked":"sneckomod:SoulRoll","floor":13.0},{"not_picked":["sneckomod:Memorize","sneckomod:Unknown1Cost"],"picked":"sneckomod:UnknownClassTHE_BRONZE_AUTOMATON","floor":14.0},{"not_picked":["sneckomod:Unknown0Cost","sneckomod:UnknownCommonAttack","sneckomod:SoulCleanse"],"picked":"SKIP","floor":15.0},{"not_picked":["sneckomod:SoulExchange","sneckomod:Cheat"],"picked":"sneckomod:UnknownRareAttack","floor":16.0},{"not_picked":["sneckomod:UnknownCommonAttack","sneckomod:DiceCrush"],"picked":"sneckomod:UnknownX+1","floor":19.0},{"not_picked":["sneckomod:QuickMove","sneckomod:UnknownBlock"],"picked":"sneckomod:QuickBite+1","floor":20.0},{"not_picked":["sneckomod:IronFang","sneckomod:SerpentMind"],"picked":"sneckomod:UnknownUncommonPower","floor":23.0},{"not_picked":["sneckomod:QuickMove","sneckomod:DiceBoulder"],"picked":"sneckomod:UnknownClassTHE_BRONZE_AUTOMATON","floor":26.0},{"not_picked":["sneckomod:IronFang","sneckomod:QuickMove","sneckomod:UnknownExhaust"],"picked":"SKIP","floor":27.0},{"not_picked":["sneckomod:UnknownClassRED+1","sneckomod:WideSting+1"],"picked":"sneckomod:UnknownClassGUARDIAN","floor":29.0},{"not_picked":["sneckomod:ImprovisedAttack","sneckomod:UnknownClassTHE_BRONZE_AUTOMATON+1","sneckomod:Unknown1Cost"],"picked":"SKIP","floor":31.0},{"not_picked":["sneckomod:Nope","sneckomod:QuickBite+1","sneckomod:Unknown1Cost+1"],"picked":"SKIP","floor":32},{"not_picked":["sneckomod:UnknownClassTHE_BRONZE_AUTOMATON","sneckomod:Unknown2Cost"],"picked":"sneckomod:UnknownClassGUARDIAN","floor":36},{"not_picked":["sneckomod:UnknownColorless+1","sneckomod:IronFang+1","sneckomod:UnknownClassRED"],"picked":"SKIP","floor":37},{"not_picked":["sneckomod:DefensiveFlair","sneckomod:UnknownExhaust+1","sneckomod:UnknownWeak"],"picked":"SKIP","floor":38},{"not_picked":["sneckomod:IronFang+1","sneckomod:UnknownDexterity","sneckomod:UnknownBlock+1"],"picked":"SKIP","floor":39},{"not_picked":["sneckomod:DiceCrush","sneckomod:SoulExchange","sneckomod:UnknownDraw"],"picked":"SKIP","floor":44},{"not_picked":["sneckomod:Mudshield","sneckomod:UnknownClassTHE_BRONZE_AUTOMATON+1"],"picked":"sneckomod:UnknownStrength+1","floor":46},{"not_picked":["sneckomod:UnknownX+1","sneckomod:UnendingSupply"],"picked":"sneckomod:SnakeSap","floor":49},{"not_picked":["sneckomod:DefensiveFlair+1","sneckomod:UnendingSupply"],"picked":"sneckomod:SoulCleanse+1","floor":52}],"player_experience":1243773,"relics_obtained":[{"floor":7.0,"key":"bronze:BronzeIdol"},{"floor":9.0,"key":"Odd Mushroom"},{"floor":13.0,"key":"Juzu Bracelet"},{"floor":21.0,"key":"downfall:GremlinWheel"},{"floor":22.0,"key":"Old Coin"},{"floor":22.0,"key":"sneckomod:ConfusingCodex"},{"floor":29.0,"key":"Omamori"},{"floor":41,"key":"Lizard Tail"},{"floor":44,"key":"InkBottle"},{"floor":46,"key":"Singing Bowl"},{"floor":52,"key":"Strawberry"}],"event_choices":[{"damage_healed":0.0,"max_hp_gain":0.0,"max_hp_loss":0.0,"gold_gain":0.0,"event_name":"Mushrooms","player_choice":"Fought Mushrooms","floor":9.0,"gold_loss":0.0,"damage_taken":0.0},{"damage_healed":0,"gold_gain":300,"player_choice":"Gold","damage_taken":0,"max_hp_gain":0,"max_hp_loss":0,"event_name":"Wheel of Change","floor":40,"gold_loss":0}],"is_beta":false,"boss_relics":[{"not_picked":["SacredBark","Snecko Eye"],"picked":"bronze:MakeshiftBattery"},{"not_picked":["Coffee Dripper","sneckomod:SneckoBoss"],"picked":"sneckomod:SuperSneckoSoul"}],"items_purged_floors":[38,48],"is_endless":false,"potions_floor_spawned":[10,13,14,15,16,21,22,29,32,37,44,46],"killed_by":"downfall:NeowBossFinal","ascension_level":0}}