{"host":"1e3ivg30op4goso1","time":1614221220,"event":{"mods":["AchievementEnabler","Ascension Unlocker","BaseMod","Colored Map","Minty Spire (QoL Compilation)","Permanent Neow","Quick Restart","Relic Filter","StSLib","SuperFastMode"],"gold_per_floor":[119,83,83,95,114,145,145,160,187,187,198,198,198,273,273,371,371,385,385,399,399,399,399],"floor_reached":22,"language":"ENG","playtime":556,"items_purged":[],"score":276,"play_id":"ea6b1ed8-6302-4a14-ba6f-464a78a84e5c","local_time":"20210224214700","is_ascension_mode":true,"campfire_choices":[{"data":"Poisoned Stab","floor":7.0,"key":"SMITH"},{"data":"Poisoned Stab","floor":10.0,"key":"SMITH"},{"data":"Neutralize","floor":13.0,"key":"SMITH"},{"floor":15.0,"key":"REST"}],"circlet_count":0,"master_deck":["AscendersBane","Strike_G","Strike_G","Strike_G","Strike_G","Defend_G","Defend_G","Defend_G","Survivor","Neutralize+1","Deflect+1","Escape Plan+1","Corpse Explosion+1","Escape Plan","Blur","Crippling Poison","Poisoned Stab+1","Poisoned Stab+1","Bullet Time"],"relics":["Astrolabe","Regal Pillow","Nunchaku","Boot","Black Star"],"acts_visited":["Exordium","TheCity"],"potions_floor_usage":[16],"damage_taken":[{"damage":0.0,"enemies":"2 Louse","floor":1.0,"turns":1.0},{"damage":2.0,"enemies":"Cultist","floor":4.0,"turns":5.0},{"damage":4.0,"enemies":"Jaw Worm","floor":5.0,"turns":5.0},{"damage":10.0,"enemies":"3 Sentries","floor":6.0,"turns":4.0},{"damage":8.0,"enemies":"Exordium Wildlife","floor":8.0,"turns":4.0},{"damage":11.0,"enemies":"Looter","floor":11.0,"turns":3.0},{"damage":32,"enemies":"Slime Boss","floor":16,"turns":6},{"damage":18,"enemies":"Spheric Guardian","floor":18,"turns":4},{"damage":21,"enemies":"2 Thieves","floor":20,"turns":3},{"damage":6,"enemies":"Chosen and Byrds","floor":22,"turns":1}],"seed_played":"-7861990072116039539","potions_obtained":[{"floor":1.0,"key":"Ancient Potion"},{"floor":4.0,"key":"SteroidPotion"},{"floor":5.0,"key":"Weak Potion"},{"floor":18,"key":"CunningPotion"}],"is_trial":false,"path_per_floor":["M","$","?","M","M","E","R","M","T","R","M","$","R","?","R","B",null,"M","$","M","?","M"],"character_chosen":"THE_SILENT","items_purchased":["Blur"],"campfire_rested":1,"item_purchase_floors":[2],"current_hp_per_floor":[63,63,63,61,57,47,47,39,39,39,28,28,28,17,53,21,58,40,40,19,6,0,0],"gold":399,"neow_bonus":"BOSS_RELIC","is_daily":false,"chose_seed":false,"campfire_upgraded":3,"win_rate":0.0,"timestamp":1614221220,"path_taken":["M","$","?","?","M","E","R","M","T","R","M","$","R","?","R","BOSS","M","$","M","?","M"],"items_purchased_type":["Card"],"build_version":"2020-12-22","purchased_purges":0,"victory":false,"max_hp_per_floor":[70,70,70,70,70,70,70,70,70,70,70,70,70,70,70,70,70,70,70,70,75,75,75],"card_choices":[{"not_picked":["All Out Attack","Acrobatics"],"picked":"Escape Plan","floor":1.0},{"not_picked":["PiercingWail","Sucker Punch"],"picked":"Crippling Poison","floor":4.0},{"not_picked":["Infinite Blades","Riddle With Holes"],"picked":"Poisoned Stab","floor":5.0},{"not_picked":["Cloak And Dagger","Dagger Spray","Deflect"],"picked":"SKIP","floor":6.0},{"not_picked":["Riddle With Holes","Prepared"],"picked":"Poisoned Stab","floor":8.0},{"not_picked":["Cloak And Dagger","Quick Slash"],"picked":"Bullet Time","floor":11.0},{"not_picked":["Dagger Throw+1","Slice","Acrobatics+1"],"picked":"SKIP","floor":18},{"not_picked":["Bane","PiercingWail","Cloak And Dagger"],"picked":"SKIP","floor":20}],"player_experience":28973,"relics_obtained":[{"floor":6.0,"key":"Nunchaku"},{"floor":9.0,"key":"Boot"}],"event_choices":[{"damage_healed":0.0,"max_hp_gain":0.0,"max_hp_loss":0.0,"gold_gain":0.0,"event_name":"WeMeetAgain","player_choice":"Gave Potion","floor":3.0,"gold_loss":0.0,"damage_taken":0.0,"relics_obtained":["Regal Pillow"]},{"damage_healed":0.0,"max_hp_gain":0.0,"max_hp_loss":0.0,"gold_gain":75.0,"event_name":"World of Goop","player_choice":"Gather Gold","floor":14.0,"gold_loss":0.0,"damage_taken":11.0},{"damage_healed":0,"gold_gain":0,"player_choice":"Shed Blood","damage_taken":18,"max_hp_gain":5,"max_hp_loss":0,"event_name":"Forgotten Altar","floor":21,"gold_loss":0}],"is_beta":false,"boss_relics":[{"not_picked":["Snecko Eye","Runic Pyramid"],"picked":"Black Star"}],"items_purged_floors":[],"is_endless":false,"potions_floor_spawned":[1,4,5,18],"killed_by":"Chosen and Byrds","ascension_level":10}}