{"host":"98tf0o44tbkozlsr","time":1614268940,"event":{"mods":["BaseMod","Bestiary","Minty Spire (QoL Compilation)","Relic Stats","ojb\u0027s Info Mod"],"gold_per_floor":[109,120,139,139,64,92,92,53,77,77,106,106,106,106,106,183,183,202,202,215,575,594,594,594],"floor_reached":23,"language":"ENG","playtime":1544,"items_purged":["Strike_R"],"score":519,"play_id":"ebdb5818-7216-4770-9981-dc778bd23d79","local_time":"20210225080220","is_ascension_mode":true,"campfire_choices":[{"data":"Fire Breathing","floor":7,"key":"SMITH"},{"data":"Inflame","floor":10,"key":"SMITH"},{"data":"Pommel Strike","floor":13,"key":"SMITH"},{"data":"Battle Trance","floor":15,"key":"SMITH"}],"circlet_count":0,"master_deck":["AscendersBane","Strike_R","Strike_R+1","Defend_R+1","Defend_R","Defend_R","Defend_R","Bash+1","Sword Boomerang","Pommel Strike+1","Battle Trance+1","Fire Breathing+1","Inflame+1","Impervious","Fiend Fire","Dark Embrace+1"],"relics":["Burning Blood","Dream Catcher","Mango","Vajra","Empty Cage"],"acts_visited":["Exordium","TheCity"],"potions_floor_usage":[6,11,18,22,23],"damage_taken":[{"damage":6,"enemies":"2 Louse","floor":1,"turns":5},{"damage":4,"enemies":"Small Slimes","floor":2,"turns":5},{"damage":2,"enemies":"Jaw Worm","floor":3,"turns":4},{"damage":30,"enemies":"Lagavulin","floor":6,"turns":5},{"damage":15,"enemies":"3 Sentries","floor":11,"turns":3},{"damage":0,"enemies":"Slime Boss","floor":16,"turns":6},{"damage":0,"enemies":"Spheric Guardian","floor":18,"turns":2},{"damage":2,"enemies":"Chosen","floor":20,"turns":4},{"damage":24,"enemies":"Shelled Parasite and Fungi","floor":22,"turns":4},{"damage":39,"enemies":"Gremlin Leader","floor":23,"turns":2}],"seed_played":"2149831424167335032","potions_obtained":[{"floor":2,"key":"DistilledChaos"},{"floor":6,"key":"Swift Potion"},{"floor":16,"key":"Fire Potion"},{"floor":18,"key":"Weak Potion"},{"floor":20,"key":"Explosive Potion"}],"is_trial":false,"path_per_floor":["M","M","M","?","$","E","R","$","T","R","E","?","R","?","R","B",null,"M","?","M","?","M","E"],"character_chosen":"IRONCLAD","items_purchased":["Inflame"],"campfire_rested":0,"item_purchase_floors":[8],"current_hp_per_floor":[75,77,81,81,81,57,57,57,57,57,62,33,33,28,28,34,81,87,87,91,55,37,0,0],"gold":594,"neow_bonus":"TEN_PERCENT_HP_BONUS","is_daily":false,"chose_seed":false,"campfire_upgraded":4,"win_rate":0.0,"timestamp":1614268940,"path_taken":["M","M","M","?","$","E","R","$","T","R","E","?","R","?","R","BOSS","M","?","?","?","M","E"],"items_purchased_type":["Card"],"build_version":"2020-12-22","purchased_purges":1,"victory":false,"max_hp_per_floor":[82,82,82,82,82,82,82,82,82,82,96,96,96,96,96,96,96,96,96,96,96,96,96,96],"relic_stats":{"Dream Catcher":0,"counters":[10,40],"obtain_stats":[{"Dream Catcher":6,"Vajra":14,"Mango":11,"Empty Cage":17,"Burning Blood":0},{"Dream Catcher":4,"Vajra":5,"Mango":5,"Empty Cage":6,"Burning Blood":0},{"Dream Catcher":19,"Vajra":22,"Mango":22,"Empty Cage":28,"Burning Blood":0}],"Burning Blood":54},"card_choices":[{"not_picked":["True Grit","Armaments"],"picked":"Sword Boomerang","floor":1},{"not_picked":["Anger","Wild Strike"],"picked":"Pommel Strike","floor":2},{"not_picked":["Shrug It Off","Disarm"],"picked":"Battle Trance","floor":3},{"not_picked":["Body Slam","Thunderclap"],"picked":"Fire Breathing","floor":6},{"not_picked":["Flame Barrier","Warcry"],"picked":"Impervious","floor":11},{"not_picked":["Bludgeon","Brutality"],"picked":"Fiend Fire","floor":16},{"not_picked":["Pommel Strike","Body Slam","Armaments"],"picked":"SKIP","floor":18},{"not_picked":["Clash","Iron Wave"],"picked":"Dark Embrace+1","floor":20},{"not_picked":["Havoc","Clash","Wild Strike"],"picked":"SKIP","floor":22},{"not_picked":["Havoc","Clash","Wild Strike"],"picked":"SKIP","floor":22}],"player_experience":980817,"relics_obtained":[{"floor":6,"key":"Dream Catcher"},{"floor":11,"key":"Mango"}],"event_choices":[{"damage_healed":0,"gold_gain":0,"player_choice":"Grow","damage_taken":0,"max_hp_gain":0,"max_hp_loss":0,"event_name":"Living Wall","floor":4,"gold_loss":0,"cards_upgraded":["Bash"]},{"damage_healed":0,"gold_gain":0,"player_choice":"Entered Light","damage_taken":29,"max_hp_gain":0,"max_hp_loss":0,"event_name":"Shining Light","floor":12,"gold_loss":0,"cards_upgraded":["Defend_R","Strike_R"]},{"damage_healed":0,"gold_gain":0,"player_choice":"Success","damage_taken":5,"relics_obtained":["Vajra"],"max_hp_gain":0,"max_hp_loss":0,"event_name":"Scrap Ooze","floor":14,"gold_loss":0},{"damage_healed":0,"gold_gain":0,"player_choice":"0 cards matched","damage_taken":0,"max_hp_gain":0,"max_hp_loss":0,"event_name":"Match and Keep!","floor":19,"gold_loss":0,"cards_obtained":[]},{"damage_healed":0,"gold_gain":360,"player_choice":"GOLD GOLD GOLD GOLD ","damage_taken":36,"max_hp_gain":0,"max_hp_loss":0,"event_name":"Knowing Skull","floor":21,"potions_obtained":[],"gold_loss":0,"cards_obtained":[]}],"is_beta":false,"boss_relics":[{"not_picked":["Busted Crown","Tiny House"],"picked":"Empty Cage"}],"items_purged_floors":[5],"is_endless":false,"potions_floor_spawned":[2,6,16,18,20],"killed_by":"Gremlin Leader","ascension_level":20}}