{"host":"zdahj580pq9zy75i","time":1614211545,"event":{"mods":["AchievementEnabler","BaseMod","Bestiary","Colored Map","Minty Spire (QoL Compilation)","Relic Stats","StSLib","ojb\u0027s Info Mod: The sequel"],"gold_per_floor":[115,115,115,134,134,172,193,193,217,256,272,288,313,327,327,425,425,440,455,478,478,503,544,565,565,619,744,744,775,110,123,123,216,216,239,1238,560,403,422,460,460,504,575,619,619,640,660,691,691,691,691,691,691,39,73,73,73],"floor_reached":56,"language":"ENG","playtime":2493,"items_purged":["Normality","Normality"],"score":2138,"play_id":"7549480c-82c5-445f-8764-48d9411981ec","local_time":"20210224190545","is_ascension_mode":true,"campfire_choices":[{"data":"Perfected Strike","floor":8.0,"key":"SMITH"},{"data":"Flame Barrier","floor":15.0,"key":"SMITH"},{"floor":25.0,"key":"REST"},{"floor":28.0,"key":"REST"},{"floor":32.0,"key":"RECALL"},{"floor":41.0,"key":"REST"},{"floor":49.0,"key":"REST"},{"floor":53.0,"key":"REST"}],"circlet_count":0,"master_deck":["AscendersBane","Strike_R+1","Strike_R+1","Strike_R+1","Strike_R+1","Defend_R+1","Defend_R+1","Defend_R+1","Defend_R+1","Bash","Cleave","Perfected Strike+1","Pommel Strike","Brutality","Power Through","Twin Strike","Flame Barrier+1","Reaper+1","Clothesline+1","Perfected Strike","Perfected Strike","Iron Wave+1","Ghostly Armor","Offering","Inflame","Twin Strike+1","Ghostly Armor","Shrug It Off","Offering+1","Swift Strike","Demon Form","Ghostly Armor+1","Pommel Strike","Twin Strike","Whirlwind","Limit Break","Trip","Reaper"],"relics":["Burning Blood","Golden Idol","Bronze Scales","Toy Ornithopter","Mango","Fusion Hammer","Sundial","Vajra","WingedGreaves","Pear","Potion Belt","Akabeko","Lantern","Cursed Key","Magic Flower","Juzu Bracelet","Omamori","Whetstone","TungstenRod","Centennial Puzzle","War Paint","Anchor","Bag of Marbles"],"acts_visited":["Exordium","TheCity","TheBeyond","TheEnding"],"potions_floor_usage":[55,56,56,56,56],"damage_taken":[{"damage":10.0,"enemies":"Small Slimes","floor":1.0,"turns":3.0},{"damage":19.0,"enemies":"Jaw Worm","floor":4.0,"turns":5.0},{"damage":0.0,"enemies":"Gremlin Nob","floor":6.0,"turns":2.0},{"damage":6.0,"enemies":"Cultist","floor":7.0,"turns":3.0},{"damage":25.0,"enemies":"3 Sentries","floor":10.0,"turns":4.0},{"damage":9.0,"enemies":"Lots of Slimes","floor":11.0,"turns":3.0},{"damage":1.0,"enemies":"Exordium Thugs","floor":12.0,"turns":4.0},{"damage":1.0,"enemies":"Exordium Wildlife","floor":13.0,"turns":2.0},{"damage":1.0,"enemies":"Looter","floor":14.0,"turns":3.0},{"damage":43.0,"enemies":"The Guardian","floor":16.0,"turns":12.0},{"damage":0.0,"enemies":"3 Byrds","floor":18.0,"turns":3.0},{"damage":2.0,"enemies":"Chosen","floor":19.0,"turns":3.0},{"damage":10.0,"enemies":"Snake Plant","floor":20.0,"turns":3.0},{"damage":3.0,"enemies":"Centurion and Healer","floor":22.0,"turns":4.0},{"damage":40.0,"enemies":"Gremlin Leader","floor":23.0,"turns":4.0},{"damage":37.0,"enemies":"Shelled Parasite and Fungi","floor":24.0,"turns":5.0},{"damage":28.0,"enemies":"Colosseum Slavers","floor":27.0,"turns":3.0},{"damage":15.0,"enemies":"Colosseum Nobs","floor":27.0,"turns":3.0},{"damage":33.0,"enemies":"Slavers","floor":29.0,"turns":6.0},{"damage":0.0,"enemies":"Snecko","floor":31.0,"turns":2.0},{"damage":90.0,"enemies":"Automaton","floor":33.0,"turns":9.0},{"damage":0.0,"enemies":"Orb Walker","floor":35.0,"turns":3.0},{"damage":6.0,"enemies":"3 Shapes","floor":39.0,"turns":4.0},{"damage":58.0,"enemies":"Giant Head","floor":40.0,"turns":6.0},{"damage":51.0,"enemies":"Nemesis","floor":42.0,"turns":7.0},{"damage":45.0,"enemies":"Reptomancer","floor":44.0,"turns":5.0},{"damage":23.0,"enemies":"Writhing Mass","floor":46.0,"turns":8.0},{"damage":29.0,"enemies":"Maw","floor":47.0,"turns":7.0},{"damage":33.0,"enemies":"Nemesis","floor":48.0,"turns":5.0},{"damage":84.0,"enemies":"Donu and Deca","floor":50.0,"turns":7.0},{"damage":100.0,"enemies":"Awakened One","floor":51.0,"turns":12.0},{"damage":85,"enemies":"Shield and Spear","floor":55,"turns":6},{"damage":75,"enemies":"The Heart","floor":56,"turns":5}],"seed_played":"7035052024564613333","potions_obtained":[{"floor":5.0,"key":"CultistPotion"},{"floor":5.0,"key":"SneckoOil"},{"floor":6.0,"key":"Strength Potion"},{"floor":10.0,"key":"SkillPotion"},{"floor":18.0,"key":"Weak Potion"},{"floor":20.0,"key":"FearPotion"},{"floor":23.0,"key":"SteroidPotion"},{"floor":33.0,"key":"GamblersBrew"},{"floor":42.0,"key":"LiquidMemories"},{"floor":44.0,"key":"Swift Potion"},{"floor":46.0,"key":"BloodPotion"},{"floor":48.0,"key":"SpeedPotion"}],"is_trial":false,"path_per_floor":["M","?","?","M","?","E","M","R","T","E","M","M","M","M","R","B",null,"M","M","M","?","M","E","M","R","T","?","R","E","$","M","R","B",null,"M","?","$","$","M","E","R","E","T","E","$","M","M","E","R","B","B",null,"R","$","E","B"],"character_chosen":"IRONCLAD","items_purchased":["Inflame","Twin Strike","Ghostly Armor","Akabeko","Lantern","EntropicBrew","FearPotion","Magic Flower","Juzu Bracelet","Swift Strike","SteroidPotion","War Paint","Anchor","Limit Break","Trip","AttackPotion"],"campfire_rested":5,"item_purchase_floors":[30,30,30,30,30,30,30,37,37,37,38,54,54,54,54,54],"current_hp_per_floor":[71,64,64,51,51,57,57,57,57,57,54,59,64,69,69,37,75,87,88,84,84,87,54,27,53,53,62,91,74,74,80,80,11,76,87,87,87,87,98,57,86,44,44,92,92,78,69,53,82,48,23,79,98,98,27,0,0],"gold":73,"neow_bonus":"TEN_PERCENT_HP_BONUS","is_daily":false,"chose_seed":false,"campfire_upgraded":2,"win_rate":0.0,"timestamp":1614211545,"path_taken":["M","?","?","M","?","E","M","R","T","E","?","M","M","M","R","BOSS","M","M","?","?","M","E","M","R","T","?","R","E","$","M","R","BOSS","M","?","?","$","M","E","R","E","T","E","$","M","M","E","R","BOSS","BOSS","R","$","E","BOSS"],"items_purchased_type":["Card","Card","Card","Relic","Relic","Potion","Potion","Relic","Relic","Card","Potion","Relic","Relic","Card","Card","Potion"],"build_version":"2020-12-22","purchased_purges":2,"victory":false,"max_hp_per_floor":[82,82,74,74,74,74,74,74,74,88,88,88,88,88,88,88,88,88,88,88,88,88,88,88,88,88,98,98,98,98,98,98,98,98,98,98,98,98,98,98,98,98,98,98,98,98,98,98,98,98,98,98,98,98,98,98,98],"relic_stats":{"counters":[33,161],"Golden Idol":242,"Magic Flower":[124],"Juzu Bracelet":0,"Whetstone":["Twin Strike","Reaper"],"War Paint":["Offering","Ghostly Armor"],"Cursed Key":1,"Burning Blood":216,"Centennial Puzzle":[12],"Sundial":[8],"Bronze Scales":[541],"obtain_stats":[{"Potion Belt":29,"Lantern":30,"Pear":27,"Golden Idol":3,"Vajra":26,"Magic Flower":37,"Mango":10,"Juzu Bracelet":37,"Omamori":40,"Whetstone":42,"War Paint":54,"Cursed Key":34,"Burning Blood":0,"Akabeko":30,"Centennial Puzzle":48,"Anchor":54,"Sundial":23,"Bronze Scales":6,"Fusion Hammer":17,"WingedGreaves":27,"Bag of Marbles":55,"Toy Ornithopter":9,"TungstenRod":44},{"Potion Belt":19,"Lantern":19,"Pear":18,"Golden Idol":1,"Vajra":16,"Magic Flower":22,"Mango":5,"Juzu Bracelet":22,"Omamori":24,"Whetstone":25,"War Paint":31,"Cursed Key":21,"Burning Blood":0,"Akabeko":19,"Centennial Puzzle":29,"Anchor":31,"Sundial":15,"Bronze Scales":3,"Fusion Hammer":10,"WingedGreaves":18,"Bag of Marbles":32,"Toy Ornithopter":4,"TungstenRod":26},{"Potion Belt":75,"Lantern":75,"Pear":69,"Golden Idol":3,"Vajra":63,"Magic Flower":89,"Mango":17,"Juzu Bracelet":89,"Omamori":99,"Whetstone":106,"War Paint":150,"Cursed Key":86,"Burning Blood":0,"Akabeko":75,"Centennial Puzzle":131,"Anchor":150,"Sundial":58,"Bronze Scales":10,"Fusion Hammer":41,"WingedGreaves":69,"Bag of Marbles":156,"Toy Ornithopter":13,"TungstenRod":111}],"Toy Ornithopter":106,"TungstenRod":92},"card_choices":[{"not_picked":["Power Through","Entrench"],"picked":"Cleave","floor":1.0},{"not_picked":["Flame Barrier","Rage"],"picked":"Perfected Strike","floor":4.0},{"not_picked":["Clash","Heavy Blade","Second Wind"],"picked":"SKIP","floor":6.0},{"not_picked":["Warcry","Intimidate"],"picked":"Pommel Strike","floor":7.0},{"not_picked":["Headbutt","Bloodletting"],"picked":"Brutality","floor":10.0},{"not_picked":["Warcry","Dropkick"],"picked":"Power Through","floor":11.0},{"not_picked":["Seeing Red","Anger","Sever Soul"],"picked":"SKIP","floor":12.0},{"not_picked":["Flex","Havoc"],"picked":"Twin Strike","floor":13.0},{"not_picked":["Warcry","Flex"],"picked":"Flame Barrier","floor":14.0},{"not_picked":["Barricade","Demon Form"],"picked":"Reaper","floor":16.0},{"not_picked":["Twin Strike","Pommel Strike"],"picked":"Clothesline+1","floor":18.0},{"not_picked":["Sword Boomerang","Brutality"],"picked":"Perfected Strike","floor":19.0},{"not_picked":["Clothesline","Burning Pact"],"picked":"Perfected Strike","floor":20.0},{"not_picked":["Intimidate","Pummel","Havoc"],"picked":"SKIP","floor":22.0},{"not_picked":["Brutality","Wild Strike","True Grit"],"picked":"SKIP","floor":23.0},{"not_picked":["Clothesline","Headbutt"],"picked":"Iron Wave+1","floor":24.0},{"not_picked":["Sever Soul","Intimidate"],"picked":"Ghostly Armor","floor":27.0},{"not_picked":["Dropkick","Heavy Blade"],"picked":"Offering","floor":29.0},{"not_picked":["Seeing Red","Clothesline"],"picked":"Shrug It Off","floor":31.0},{"not_picked":["Berserk","Limit Break"],"picked":"Offering","floor":33.0},{"not_picked":["Iron Wave","Clothesline","Cleave"],"picked":"SKIP","floor":35.0},{"not_picked":["True Grit","Reckless Charge","Anger"],"picked":"SKIP","floor":39.0},{"not_picked":["Thunderclap+1","Dark Embrace"],"picked":"Demon Form","floor":40.0},{"not_picked":["Pommel Strike","Havoc"],"picked":"Ghostly Armor","floor":42.0},{"not_picked":["Berserk","Headbutt+1"],"picked":"Pommel Strike","floor":44.0},{"not_picked":["Clothesline","Flex+1"],"picked":"Twin Strike","floor":46.0},{"not_picked":["Clash","Anger+1","Thunderclap+1"],"picked":"SKIP","floor":47.0},{"not_picked":["Pummel","Pommel Strike"],"picked":"Whirlwind","floor":48.0},{"not_picked":["Iron Wave","Perfected Strike+1"],"picked":"Reaper","floor":55}],"player_experience":805208,"relics_obtained":[{"floor":6.0,"key":"Bronze Scales"},{"floor":9.0,"key":"Toy Ornithopter"},{"floor":10.0,"key":"Mango"},{"floor":23.0,"key":"Sundial"},{"floor":26.0,"key":"Vajra"},{"floor":27.0,"key":"WingedGreaves"},{"floor":27.0,"key":"Pear"},{"floor":29.0,"key":"Potion Belt"},{"floor":40.0,"key":"Omamori"},{"floor":42.0,"key":"Whetstone"},{"floor":44.0,"key":"TungstenRod"},{"floor":48.0,"key":"Centennial Puzzle"},{"floor":55,"key":"Bag of Marbles"}],"event_choices":[{"cards_removed":["Strike_R"],"damage_healed":0.0,"max_hp_gain":0.0,"max_hp_loss":0.0,"gold_gain":0.0,"event_name":"Golden Wing","player_choice":"Card Removal","floor":2.0,"gold_loss":0.0,"damage_taken":7.0},{"damage_healed":0.0,"max_hp_gain":0.0,"max_hp_loss":8.0,"gold_gain":0.0,"event_name":"Golden Idol","player_choice":"Lose Max HP","floor":3.0,"gold_loss":0.0,"damage_taken":0.0,"relics_obtained":["Golden Idol"]},{"damage_healed":0.0,"max_hp_gain":0.0,"max_hp_loss":0.0,"gold_gain":0.0,"event_name":"Lab","player_choice":"Got Potions","floor":5.0,"gold_loss":0.0,"damage_taken":0.0},{"damage_healed":0.0,"max_hp_gain":0.0,"max_hp_loss":0.0,"gold_gain":0.0,"event_name":"Back to Basics","player_choice":"Simplicity","floor":21.0,"gold_loss":0.0,"damage_taken":0.0,"cards_upgraded":["Strike_R","Strike_R","Strike_R","Strike_R","Defend_R","Defend_R","Defend_R","Defend_R"]},{"damage_healed":0.0,"max_hp_gain":0.0,"max_hp_loss":0.0,"gold_gain":0.0,"event_name":"Colosseum","player_choice":"Fight","floor":27.0,"gold_loss":0.0,"damage_taken":0.0},{"damage_healed":0.0,"max_hp_gain":0.0,"max_hp_loss":0.0,"gold_gain":0.0,"event_name":"Colosseum","player_choice":"Fought Nobs","floor":27.0,"gold_loss":0.0,"damage_taken":0.0},{"damage_healed":0.0,"max_hp_gain":0.0,"max_hp_loss":0.0,"gold_gain":999.0,"event_name":"MindBloom","player_choice":"Gold","floor":36.0,"gold_loss":0.0,"damage_taken":0.0,"cards_obtained":["Normality","Normality"]}],"is_beta":false,"boss_relics":[{"not_picked":["Runic Pyramid","SlaversCollar"],"picked":"Fusion Hammer"},{"not_picked":["Runic Cube","Calling Bell"],"picked":"Cursed Key"}],"items_purged_floors":[37,38],"is_endless":false,"potions_floor_spawned":[6,10,11,13,18,20,23,24,33,42,44,46,48],"killed_by":"The Heart","ascension_level":20}}