{"host":"w4b7hmige5bnqipq","time":1614288570,"event":{"mods":["2.2 Compatiblity","BaseMod","Colored Map","DeckTracker","Keyboard Shortcuts","Minty Spire (QoL Compilation)","Permanent Neow","Rare Cards Sparkle","SuperFastMode","everything is the same but u backflip on backflip","slay the spire mod where everything is the same but ironclad has a cowboy hat"],"gold_per_floor":[16,27,40,40,52,86,86,113,159,159,170,170,203,221,221,294,294,304,50,70,70,88,88,415,340,418,428,428,460,472,502,502,580,580,594,605,616,130,130,130,145,174,174,184,184,197,228,247,247,247,247],"floor_reached":50,"language":"KOR","playtime":2192,"items_purged":["All Out Attack"],"score":1257,"play_id":"c9ab2add-896f-451d-8e11-c6d6d5287f30","local_time":"20210226052930","is_ascension_mode":true,"campfire_choices":[{"floor":7.0,"key":"REST"},{"data":"Glass Knife","floor":10.0,"key":"SMITH"},{"floor":12.0,"key":"REST"},{"floor":15.0,"key":"REST"},{"data":"Terror","floor":23.0,"key":"SMITH"},{"data":"Accuracy","floor":28.0,"key":"SMITH"},{"floor":32.0,"key":"REST"},{"floor":40.0,"key":"REST"},{"floor":45.0,"key":"REST"},{"floor":49.0,"key":"RECALL"}],"circlet_count":0,"master_deck":["AscendersBane","Survivor","Neutralize","Poisoned Stab","Dagger Throw","Cloak And Dagger","Calculated Gamble","Glass Knife+1","Wraith Form v2","Blade Dance","Terror+1","Escape Plan","Corpse Explosion","Bullet Time","Prepared","Cloak And Dagger","Noxious Fumes","Bouncing Flask","Reflex","Tactician","Tactician+1","Leg Sweep","Accuracy+1","PiercingWail","Infinite Blades","Backflip+1","Acrobatics+1","Concentrate"],"relics":["Ring of the Snake","Mummified Hand","Kunai","Omamori","Potion Belt","Pandora\u0027s Box","ClockworkSouvenir","Paper Crane","Old Coin","Bottled Tornado","Red Mask","Dream Catcher","HoveringKite","Unceasing Top","Lantern","Anchor"],"acts_visited":["Exordium","TheCity","TheBeyond"],"potions_floor_usage":[50],"damage_taken":[{"damage":0.0,"enemies":"Cultist","floor":1.0,"turns":3.0},{"damage":4.0,"enemies":"Small Slimes","floor":2.0,"turns":4.0},{"damage":4.0,"enemies":"2 Louse","floor":3.0,"turns":4.0},{"damage":13.0,"enemies":"Gremlin Gang","floor":5.0,"turns":5.0},{"damage":24.0,"enemies":"Lagavulin","floor":6.0,"turns":6.0},{"damage":5.0,"enemies":"Gremlin Nob","floor":8.0,"turns":3.0},{"damage":19.0,"enemies":"3 Louse","floor":11.0,"turns":3.0},{"damage":4.0,"enemies":"Lagavulin","floor":13.0,"turns":7.0},{"damage":13.0,"enemies":"Lots of Slimes","floor":14.0,"turns":6.0},{"damage":20.0,"enemies":"Hexaghost","floor":16.0,"turns":9.0},{"damage":0.0,"enemies":"3 Byrds","floor":18.0,"turns":2.0},{"damage":15.0,"enemies":"Spheric Guardian","floor":20.0,"turns":4.0},{"damage":3.0,"enemies":"Cultist and Chosen","floor":22.0,"turns":4.0},{"damage":0.0,"enemies":"Slavers","floor":24.0,"turns":1.0},{"damage":0.0,"enemies":"Snecko","floor":27.0,"turns":4.0},{"damage":10.0,"enemies":"Masked Bandits","floor":29.0,"turns":3.0},{"damage":5.0,"enemies":"Centurion and Healer","floor":30.0,"turns":4.0},{"damage":0.0,"enemies":"Gremlin Leader","floor":31.0,"turns":4.0},{"damage":20.0,"enemies":"Collector","floor":33.0,"turns":8.0},{"damage":6.0,"enemies":"Orb Walker","floor":35.0,"turns":3.0},{"damage":1.0,"enemies":"3 Darklings","floor":36.0,"turns":3.0},{"damage":25.0,"enemies":"Writhing Mass","floor":37.0,"turns":6.0},{"damage":1.0,"enemies":"4 Shapes","floor":41.0,"turns":7.0},{"damage":7.0,"enemies":"Reptomancer","floor":42.0,"turns":6.0},{"damage":33.0,"enemies":"Maw","floor":44.0,"turns":6.0},{"damage":0.0,"enemies":"Sphere and 2 Shapes","floor":46.0,"turns":6.0},{"damage":1.0,"enemies":"Nemesis","floor":47.0,"turns":5.0},{"damage":3.0,"enemies":"Transient","floor":48.0,"turns":6.0},{"damage":31,"enemies":"Awakened One","floor":50,"turns":14}],"seed_played":"374375215278646687","potions_obtained":[{"floor":2.0,"key":"SkillPotion"},{"floor":8.0,"key":"EssenceOfSteel"},{"floor":11.0,"key":"Poison Potion"},{"floor":14.0,"key":"DistilledChaos"},{"floor":22.0,"key":"DistilledChaos"},{"floor":27.0,"key":"Weak Potion"},{"floor":29.0,"key":"Weak Potion"},{"floor":30.0,"key":"EntropicBrew"},{"floor":37.0,"key":"EntropicBrew"},{"floor":41.0,"key":"Regen Potion"},{"floor":46.0,"key":"LiquidMemories"},{"floor":48.0,"key":"FearPotion"}],"is_trial":false,"path_per_floor":["M","M","M","?","M","E","R","E","T","R","M","R","E","M","R","B",null,"M","$","M","?","M","R","E","?","T","M","R","?","M","E","R","B",null,"M","M","M","$","?","R","M","E","T","M","R","M","E","M","R","B"],"character_chosen":"THE_SILENT","items_purchased":["Tactician","ClockworkSouvenir","Unceasing Top","Infinite Blades"],"campfire_rested":6,"item_purchase_floors":[19,19,38,38],"current_hp_per_floor":[59,55,51,51,38,14,33,28,28,28,9,28,24,11,30,10,52,52,52,37,37,34,34,34,34,34,34,34,24,19,19,38,18,54,48,47,22,22,22,41,40,47,47,14,33,33,32,29,29,0,0],"gold":247,"neow_bonus":"TRANSFORM_TWO_CARDS","is_daily":false,"chose_seed":false,"campfire_upgraded":3,"win_rate":0.0,"timestamp":1614288570,"path_taken":["M","M","?","?","M","E","R","E","T","R","M","R","E","M","R","BOSS","M","$","M","?","M","R","E","?","T","M","R","?","M","E","R","BOSS","M","M","M","$","?","R","M","E","T","M","R","M","E","M","R","BOSS"],"items_purchased_type":["Card","Relic","Relic","Card"],"build_version":"2020-12-22","purchased_purges":1,"victory":false,"max_hp_per_floor":[66,66,66,66,66,66,66,66,66,66,66,66,66,66,66,66,66,66,66,66,66,66,66,66,66,66,66,66,66,66,66,66,66,66,66,66,66,66,66,66,66,66,66,66,66,66,66,66,66,66,66],"card_choices":[{"not_picked":["Poisoned Stab","Prepared"],"picked":"Cloak And Dagger","floor":1.0},{"not_picked":["Infinite Blades","Escape Plan"],"picked":"Eviscerate","floor":2.0},{"not_picked":["Acrobatics","Expertise"],"picked":"Calculated Gamble","floor":3.0},{"not_picked":["Prepared","Deadly Poison","Underhanded Strike"],"picked":"SKIP","floor":5.0},{"not_picked":["Bane","Eviscerate","Deflect"],"picked":"SKIP","floor":6.0},{"not_picked":["Slice","Dodge and Roll"],"picked":"Wraith Form v2","floor":8.0},{"not_picked":["Dagger Throw","Deflect"],"picked":"Blade Dance","floor":11.0},{"not_picked":["Outmaneuver","Cloak And Dagger"],"picked":"Terror","floor":13.0},{"not_picked":["Flying Knee","Predator"],"picked":"Escape Plan","floor":14.0},{"not_picked":["Grand Finale","Storm of Steel"],"picked":"Corpse Explosion","floor":16.0},{"not_picked":["Flying Knee","Acrobatics"],"picked":"Reflex","floor":18.0},{"not_picked":["Underhanded Strike","Dagger Spray"],"picked":"Tactician+1","floor":20.0},{"not_picked":["Predator","Flying Knee"],"picked":"Leg Sweep","floor":22.0},{"not_picked":["Venomology","Sucker Punch"],"picked":"Accuracy","floor":24.0},{"not_picked":["Choke","Cloak And Dagger","Bane"],"picked":"SKIP","floor":27.0},{"not_picked":["Choke","Cloak And Dagger","Bane"],"picked":"SKIP","floor":27.0},{"not_picked":["Eviscerate","Sucker Punch"],"picked":"PiercingWail","floor":29.0},{"not_picked":["Dash","Heel Hook","Leg Sweep"],"picked":"SKIP","floor":30.0},{"not_picked":["Escape Plan","Leg Sweep","Noxious Fumes"],"picked":"SKIP","floor":31.0},{"not_picked":["Calculated Gamble","Cloak And Dagger","Dagger Throw"],"picked":"SKIP","floor":35.0},{"not_picked":["Deflect","Sucker Punch","Dagger Spray"],"picked":"SKIP","floor":36.0},{"not_picked":["Eviscerate","Flying Knee+1","Sucker Punch"],"picked":"SKIP","floor":37.0},{"not_picked":["Deflect","Bane","All Out Attack+1"],"picked":"SKIP","floor":41.0},{"not_picked":["Bullet Time","Bane","Outmaneuver+1"],"picked":"SKIP","floor":42.0},{"not_picked":["Bullet Time","Bane","Outmaneuver+1"],"picked":"SKIP","floor":42.0},{"not_picked":["Leg Sweep","Tactician","Expertise"],"picked":"SKIP","floor":44.0},{"not_picked":["Setup","All Out Attack"],"picked":"Backflip+1","floor":45.0},{"not_picked":["Leg Sweep","Dagger Spray"],"picked":"Acrobatics+1","floor":46.0},{"not_picked":["Quick Slash+1","Sucker Punch+1","Dodge and Roll"],"picked":"SKIP","floor":47.0},{"not_picked":["Concentrate","Dagger Spray","Distraction"],"picked":"SKIP","floor":48.0},{"not_picked":["Dagger Spray","Distraction"],"picked":"Concentrate","floor":48.0}],"player_experience":796946,"relics_obtained":[{"floor":6.0,"key":"Mummified Hand"},{"floor":8.0,"key":"Kunai"},{"floor":9.0,"key":"Omamori"},{"floor":13.0,"key":"Potion Belt"},{"floor":24.0,"key":"Old Coin"},{"floor":26.0,"key":"Bottled Tornado"},{"floor":29.0,"key":"Red Mask"},{"floor":31.0,"key":"Dream Catcher"},{"floor":42.0,"key":"Lantern"},{"floor":47.0,"key":"Anchor"}],"event_choices":[{"damage_healed":0.0,"max_hp_gain":0.0,"max_hp_loss":0.0,"gold_gain":0.0,"cards_transformed":["Strike_G"],"event_name":"Transmorgrifier","player_choice":"Transformed","floor":4.0,"gold_loss":0.0,"damage_taken":0.0,"cards_obtained":["Glass Knife"]},{"damage_healed":0.0,"max_hp_gain":0.0,"max_hp_loss":0.0,"gold_gain":0.0,"event_name":"The Mausoleum","player_choice":"Opened","floor":21.0,"gold_loss":0.0,"damage_taken":0.0,"relics_obtained":["Paper Crane"],"cards_obtained":["Writhe"]},{"cards_removed":["Eviscerate"],"damage_healed":0.0,"max_hp_gain":0.0,"max_hp_loss":0.0,"gold_gain":0.0,"event_name":"Beggar","player_choice":"Gave Gold","floor":25.0,"gold_loss":75.0,"damage_taken":0.0},{"damage_healed":0.0,"max_hp_gain":0.0,"max_hp_loss":0.0,"gold_gain":0.0,"event_name":"Masked Bandits","player_choice":"Fought Bandits","floor":29.0,"gold_loss":0.0,"damage_taken":0.0},{"cards_removed":["Backstab"],"damage_healed":0.0,"max_hp_gain":0.0,"max_hp_loss":0.0,"gold_gain":0.0,"event_name":"Purifier","player_choice":"Purged","floor":39.0,"gold_loss":0.0,"damage_taken":0.0}],"is_beta":false,"boss_relics":[{"not_picked":["Velvet Choker","Snecko Eye"],"picked":"Pandora\u0027s Box"},{"not_picked":["SacredBark","Fusion Hammer"],"picked":"HoveringKite"}],"items_purged_floors":[38],"is_endless":false,"potions_floor_spawned":[2,8,11,14,22,27,29,30,37,41,46,48],"killed_by":"Awakened One","ascension_level":20}}