{"host":"gfxjwtol062e9znw","time":1614245729,"event":{"mods":["BaseMod","Colored Map","Minty Spire (QoL Compilation)","Rare Cards Sparkle","StSLib"],"gold_per_floor":[110,121,135,153,153,182,182,213,264,264,26,26,26,43,43,143,143,163,51,69,86,102,102,24,24,50,83,83,101,101,134,134,238,238,253,303,7,0,17,17,50,50,128,128,145,157,170,185,185,185],"floor_reached":51,"language":"ENG","playtime":2402,"items_purged":["Strike_R"],"score":1173,"play_id":"364b874d-0c93-4df6-a979-baebcd02fa13","local_time":"20210225203529","is_ascension_mode":true,"campfire_choices":[{"floor":7.0,"key":"REST"},{"floor":13.0,"key":"REST"},{"floor":15.0,"key":"REST"},{"floor":23,"key":"REST"},{"floor":25,"key":"REST"},{"floor":28,"key":"REST"},{"data":"Demon Form","floor":30,"key":"SMITH"},{"data":"Shockwave","floor":32,"key":"SMITH"},{"data":"Fire Breathing","floor":40,"key":"SMITH"},{"floor":49,"key":"REST"}],"circlet_count":0,"master_deck":["AscendersBane","Strike_R","Strike_R","Strike_R","Strike_R","Defend_R","Defend_R+1","Defend_R+1","Defend_R","Bash","Uppercut+1","Clothesline","Power Through","Fire Breathing+1","Cleave","Shockwave","Feed","Demon Form+1","Heavy Blade","Shockwave+1","Heavy Blade","Spot Weakness","Carnage","Blood for Blood","Barricade","Bludgeon","Wild Strike+1","Whirlwind","Parasite","Regret","Heavy Blade+1"],"relics":["Burning Blood","Blue Candle","Sundial","War Paint","PreservedInsect","Snecko Eye","Dream Catcher","Art of War","Anchor","Paper Frog","Cursed Key","CaptainsWheel","ClockworkSouvenir","Red Mask","Bag of Marbles","Lizard Tail","Bottled Flame"],"acts_visited":["Exordium","TheCity","TheBeyond"],"potions_floor_usage":[22,27,31,35,48,50,50],"damage_taken":[{"damage":11.0,"enemies":"Cultist","floor":1.0,"turns":4.0},{"damage":12.0,"enemies":"Small Slimes","floor":2.0,"turns":4.0},{"damage":7.0,"enemies":"Jaw Worm","floor":3.0,"turns":4.0},{"damage":25.0,"enemies":"Exordium Wildlife","floor":4.0,"turns":6.0},{"damage":21.0,"enemies":"3 Sentries","floor":6.0,"turns":6.0},{"damage":37.0,"enemies":"Lagavulin","floor":8.0,"turns":9.0},{"damage":12.0,"enemies":"Red Slaver","floor":14.0,"turns":4.0},{"damage":50.0,"enemies":"Slime Boss","floor":16.0,"turns":10.0},{"damage":34.0,"enemies":"3 Byrds","floor":18.0,"turns":7.0},{"damage":8.0,"enemies":"Spheric Guardian","floor":20.0,"turns":3.0},{"damage":22.0,"enemies":"Snake Plant","floor":21.0,"turns":4.0},{"damage":20,"enemies":"Centurion and Healer","floor":22,"turns":4},{"damage":32,"enemies":"Book of Stabbing","floor":27,"turns":5},{"damage":0,"enemies":"Snecko","floor":29,"turns":3},{"damage":20,"enemies":"Gremlin Leader","floor":31,"turns":5},{"damage":80,"enemies":"Automaton","floor":33,"turns":7},{"damage":14,"enemies":"3 Darklings","floor":35,"turns":5},{"damage":0,"enemies":"Mind Bloom Boss Battle","floor":36,"turns":3},{"damage":0,"enemies":"3 Shapes","floor":39,"turns":4},{"damage":22,"enemies":"Reptomancer","floor":41,"turns":4},{"damage":12,"enemies":"Jaw Worm Horde","floor":45,"turns":4},{"damage":19,"enemies":"Writhing Mass","floor":46,"turns":4},{"damage":6,"enemies":"Sphere and 2 Shapes","floor":47,"turns":2},{"damage":2,"enemies":"Jaw Worm Horde","floor":48,"turns":3},{"damage":30,"enemies":"Donu and Deca","floor":50,"turns":5}],"seed_played":"-7225328277239186753","potions_obtained":[{"floor":0.0,"key":"Dexterity Potion"},{"floor":0.0,"key":"EssenceOfSteel"},{"floor":4.0,"key":"Regen Potion"},{"floor":8.0,"key":"Energy Potion"},{"floor":18.0,"key":"Energy Potion"},{"floor":21.0,"key":"Strength Potion"},{"floor":29,"key":"ColorlessPotion"},{"floor":33,"key":"HeartOfIron"},{"floor":36,"key":"SpeedPotion"},{"floor":45,"key":"LiquidMemories"},{"floor":46,"key":"AttackPotion"},{"floor":48,"key":"BlessingOfTheForge"}],"is_trial":false,"path_per_floor":["M","M","M","M","?","E","R","E","T","?","$","?","R","M","R","B",null,"M","?","M","M","M","R","$","R","T","E","R","M","R","E","R","B",null,"M","?","$","?","M","R","E","T","T","?","M","M","M","M","R","B",null],"character_chosen":"IRONCLAD","items_purchased":["Shockwave","PreservedInsect","PowerPotion","Regen Potion","Whirlwind","ClockworkSouvenir"],"campfire_rested":7,"item_purchase_floors":[11,11,11,24,37,37],"current_hp_per_floor":[67,61,60,41,41,41,65,34,34,34,34,34,58,52,76,32,68,43,43,41,28,17,43,43,69,69,60,87,95,95,81,81,7,73,65,71,71,71,77,77,61,61,61,61,58,45,45,49,76,52],"gold":185,"neow_bonus":"THREE_SMALL_POTIONS","is_daily":false,"chose_seed":false,"campfire_upgraded":3,"win_rate":0.0,"timestamp":1614245729,"path_taken":["M","M","?","M","?","E","R","E","T","?","$","?","R","M","R","BOSS","M","?","M","?","M","R","$","R","T","E","R","?","R","E","R","BOSS","M","?","$","?","M","R","E","?","T","?","M","?","M","M","R","BOSS"],"items_purchased_type":["Card","Relic","Potion","Potion","Card","Relic"],"build_version":"2020-12-22","purchased_purges":1,"victory":true,"max_hp_per_floor":[80,80,80,80,80,80,80,80,80,80,80,80,80,80,80,80,80,83,83,83,86,89,89,89,89,89,92,92,95,95,95,95,95,95,95,95,95,95,95,95,95,95,95,90,93,93,93,93,93,93],"card_choices":[{"not_picked":["Armaments","Sword Boomerang"],"picked":"Uppercut","floor":1.0},{"not_picked":["Hemokinesis","Flex"],"picked":"Clothesline","floor":2.0},{"not_picked":["Entrench","Havoc"],"picked":"Power Through","floor":3.0},{"not_picked":["Headbutt","Clothesline"],"picked":"Fire Breathing","floor":4.0},{"not_picked":["Warcry","Sentinel"],"picked":"Cleave","floor":6.0},{"not_picked":["Uppercut","Heavy Blade","Havoc"],"picked":"SKIP","floor":8.0},{"not_picked":["Perfected Strike","Iron Wave"],"picked":"Feed","floor":14.0},{"not_picked":["Juggernaut","Reaper"],"picked":"Demon Form","floor":16.0},{"not_picked":["Armaments","Entrench"],"picked":"Heavy Blade","floor":18.0},{"not_picked":["Body Slam","Headbutt"],"picked":"Shockwave","floor":20.0},{"not_picked":["Burning Pact","Sword Boomerang+1","Twin Strike"],"picked":"SKIP","floor":21.0},{"not_picked":["Clash","Power Through"],"picked":"Heavy Blade","floor":22},{"not_picked":["Flex","Sever Soul"],"picked":"Spot Weakness","floor":23},{"not_picked":["Inflame","Shrug It Off+1"],"picked":"Carnage","floor":25},{"not_picked":["Juggernaut","Perfected Strike"],"picked":"Blood for Blood","floor":27},{"not_picked":["Clash","Body Slam"],"picked":"Barricade","floor":29},{"not_picked":["Rupture","Heavy Blade","Burning Pact+1"],"picked":"SKIP","floor":31},{"not_picked":["Juggernaut","Offering"],"picked":"Bludgeon","floor":33},{"not_picked":["Sword Boomerang","Dark Embrace","Infernal Blade"],"picked":"SKIP","floor":35},{"not_picked":["Shrug It Off","Uppercut+1"],"picked":"Wild Strike+1","floor":36},{"not_picked":["Anger+1","Sword Boomerang","Wild Strike+1"],"picked":"SKIP","floor":39},{"not_picked":["Barricade","Rupture+1","Seeing Red"],"picked":"SKIP","floor":41},{"not_picked":["Heavy Blade","Cleave","Havoc"],"picked":"SKIP","floor":45},{"not_picked":["Twin Strike","Dark Embrace","Headbutt+1"],"picked":"SKIP","floor":46},{"not_picked":["Sentinel","Heavy Blade+1","Evolve+1"],"picked":"SKIP","floor":47},{"not_picked":["Sentinel","Evolve+1"],"picked":"Heavy Blade+1","floor":47},{"not_picked":["Thunderclap","Havoc","Shockwave"],"picked":"SKIP","floor":48}],"player_experience":208132,"relics_obtained":[{"floor":6.0,"key":"Blue Candle"},{"floor":8.0,"key":"Sundial"},{"floor":9.0,"key":"War Paint"},{"floor":26,"key":"Art of War"},{"floor":27,"key":"Anchor"},{"floor":31,"key":"Paper Frog"},{"floor":36,"key":"CaptainsWheel"},{"floor":41,"key":"Bag of Marbles"},{"floor":42,"key":"Lizard Tail"},{"floor":43,"key":"Bottled Flame"}],"event_choices":[{"damage_healed":0.0,"max_hp_gain":0.0,"max_hp_loss":0.0,"gold_gain":0.0,"event_name":"Liars Game","player_choice":"Ignored","floor":5.0,"gold_loss":0.0,"damage_taken":0.0},{"damage_healed":0.0,"max_hp_gain":0.0,"max_hp_loss":0.0,"gold_gain":0.0,"event_name":"Dead Adventurer","player_choice":"Searched \u00271\u0027 times","floor":10.0,"gold_loss":0.0,"damage_taken":0.0},{"damage_healed":0.0,"max_hp_gain":0.0,"max_hp_loss":0.0,"gold_gain":0.0,"event_name":"Living Wall","player_choice":"Grow","floor":12.0,"gold_loss":0.0,"damage_taken":0.0,"cards_upgraded":["Uppercut"]},{"damage_healed":0.0,"max_hp_gain":0.0,"max_hp_loss":0.0,"gold_gain":0.0,"event_name":"WeMeetAgain","player_choice":"Paid Gold","floor":19.0,"gold_loss":112.0,"damage_taken":0.0,"relics_obtained":["Dream Catcher"]},{"damage_healed":0,"gold_gain":0,"player_choice":"Fight","damage_taken":0,"max_hp_gain":0,"max_hp_loss":0,"event_name":"MindBloom","floor":36,"gold_loss":0},{"damage_healed":0,"gold_gain":0,"player_choice":"Paid","damage_taken":0,"relics_obtained":["Red Mask"],"max_hp_gain":0,"max_hp_loss":0,"event_name":"Tomb of Lord Red Mask","floor":38,"gold_loss":7},{"damage_healed":0,"gold_gain":0,"player_choice":"Max HP","damage_taken":0,"max_hp_gain":0,"max_hp_loss":5,"event_name":"Winding Halls","floor":44,"gold_loss":0}],"is_beta":false,"boss_relics":[{"not_picked":["Ectoplasm","Coffee Dripper"],"picked":"Snecko Eye"},{"not_picked":["Black Blood","Busted Crown"],"picked":"Cursed Key"}],"items_purged_floors":[37],"is_endless":false,"potions_floor_spawned":[2,4,8,18,21,29,33,36,45,46,47,48],"ascension_level":12}}