{"host":"d52brwsy6af8zvaq","time":1614217355,"event":{"mods":["AchievementEnabler","BaseMod","Bestiary","Highlight Path","Minty Spire (QoL Compilation)","Quick Restart","Relic Stats","ojb\u0027s Better Paths Mod"],"gold_per_floor":[111,124,124,49,65,99,99,99,99],"floor_reached":8,"language":"ENG","playtime":192,"items_purged":[],"score":112,"play_id":"beca6975-f0ad-40e1-9f32-b6813c47a5a5","local_time":"20210224184235","is_ascension_mode":true,"campfire_choices":[{"floor":7,"key":"REST"}],"circlet_count":0,"master_deck":["AscendersBane","Strike_B","Strike_B","Strike_B","Defend_B","Defend_B","Defend_B","Defend_B","Zap","Dualcast","Steam","Biased Cognition","Melter","Defragment"],"relics":["Cracked Core","Golden Idol","Nunchaku"],"acts_visited":["Exordium"],"potions_floor_usage":[6],"damage_taken":[{"damage":7.0,"enemies":"Jaw Worm","floor":1.0,"turns":3.0},{"damage":0.0,"enemies":"Small Slimes","floor":2.0,"turns":3.0},{"damage":0.0,"enemies":"2 Louse","floor":5.0,"turns":1.0},{"damage":41,"enemies":"Gremlin Nob","floor":6,"turns":4},{"damage":44,"enemies":"3 Sentries","floor":8,"turns":6}],"seed_played":"-4857591823896940493","potions_obtained":[{"floor":5.0,"key":"DuplicationPotion"},{"floor":6,"key":"Weak Potion"}],"is_trial":false,"path_per_floor":["M","M","?","?","M","E","R","E"],"character_chosen":"DEFECT","items_purchased":[],"campfire_rested":1,"item_purchase_floors":[],"current_hp_per_floor":[64,64,64,64,64,23,44,0,0],"gold":99,"neow_bonus":"TEN_PERCENT_HP_BONUS","is_daily":false,"chose_seed":false,"campfire_upgraded":0,"win_rate":0.0,"timestamp":1614217355,"path_taken":["M","M","?","?","M","E","R","E"],"items_purchased_type":[],"build_version":"2020-12-22","purchased_purges":0,"victory":false,"max_hp_per_floor":[78,78,71,71,71,71,71,71,71],"relic_stats":{"Nunchaku":[0],"counters":[5,17],"Golden Idol":10,"obtain_stats":[{"Nunchaku":6,"Golden Idol":3,"Cracked Core":0},{"Nunchaku":4,"Golden Idol":2,"Cracked Core":0},{"Nunchaku":11,"Golden Idol":6,"Cracked Core":0}]},"card_choices":[{"not_picked":["Turbo","Heatsinks"],"picked":"Steam","floor":1.0},{"not_picked":["Go for the Eyes","Redo"],"picked":"Biased Cognition","floor":2.0},{"not_picked":["Rebound","FTL"],"picked":"Melter","floor":5.0},{"not_picked":["Coolheaded","Heatsinks"],"picked":"Defragment","floor":6}],"player_experience":2364835,"relics_obtained":[{"floor":6,"key":"Nunchaku"}],"event_choices":[{"damage_healed":0.0,"max_hp_gain":0.0,"max_hp_loss":7.0,"gold_gain":0.0,"event_name":"Golden Idol","player_choice":"Lose Max HP","floor":3.0,"gold_loss":0.0,"damage_taken":0.0,"relics_obtained":["Golden Idol"]},{"cards_removed":["Strike_B"],"damage_healed":0.0,"max_hp_gain":0.0,"max_hp_loss":0.0,"gold_gain":0.0,"event_name":"The Cleric","player_choice":"Card Removal","floor":4.0,"gold_loss":75.0,"damage_taken":0.0}],"is_beta":false,"boss_relics":[],"items_purged_floors":[],"is_endless":false,"potions_floor_spawned":[5,6],"killed_by":"3 Sentries","ascension_level":20}}