{"host":"a1eatafr7pisesky","time":1614262988,"event":{"mods":["AchievementEnabler","BaseMod","Colored Map","Keyboard Shortcuts","Minty Spire (QoL Compilation)","Say the Spire","StSLib","SuperFastMode","everything is the same but u backflip on backflip"],"gold_per_floor":[113,113,125,125,125,125,50,50,50,86,102,15,29,59,59,150,150,170,170,194,194,194,194,212,212,212,137,137,162,162,162],"floor_reached":30,"language":"KOR","playtime":489,"items_purged":["Strike_P"],"score":441,"play_id":"b6eb4565-25ab-4362-9d91-217edde0d982","local_time":"20210225232308","is_ascension_mode":true,"campfire_choices":[{"data":"Eruption","floor":6,"key":"SMITH"},{"data":"FlurryOfBlows","floor":8,"key":"SMITH"},{"floor":15,"key":"REST"},{"data":"Scrawl","floor":23,"key":"SMITH"},{"data":"InnerPeace","floor":25,"key":"SMITH"}],"circlet_count":0,"master_deck":["AscendersBane","Strike_P","Strike_P","Defend_P","Eruption+1","Vigilance","FearNoEvil","FlurryOfBlows+1","EmptyFist","MentalFortress","InnerPeace+1","Scrawl+1","Sanctity","CarveReality"],"relics":["SlaversCollar","Golden Idol","Happy Flower","Omamori","Odd Mushroom","Runic Pyramid"],"acts_visited":["Exordium","TheCity"],"potions_floor_usage":[16,16,20,29],"damage_taken":[{"damage":12,"enemies":"2 Louse","floor":1,"turns":4},{"damage":4,"enemies":"Small Slimes","floor":3,"turns":3},{"damage":3,"enemies":"Gremlin Nob","floor":10,"turns":3},{"damage":0,"enemies":"Jaw Worm","floor":11,"turns":2},{"damage":4,"enemies":"2 Fungi Beasts","floor":13,"turns":3},{"damage":23,"enemies":"The Mushroom Lair","floor":14,"turns":4},{"damage":27,"enemies":"The Guardian","floor":16,"turns":10},{"damage":16,"enemies":"Shell Parasite","floor":18,"turns":2},{"damage":10,"enemies":"Chosen","floor":20,"turns":4},{"damage":4,"enemies":"Snake Plant","floor":24,"turns":3},{"damage":7,"enemies":"Shelled Parasite and Fungi","floor":29,"turns":2},{"damage":20,"enemies":"Snecko","floor":30,"turns":2}],"seed_played":"-1905208653105265868","potions_obtained":[{"floor":1,"key":"Swift Potion"},{"floor":11,"key":"SkillPotion"},{"floor":16,"key":"PowerPotion"},{"floor":24,"key":"EssenceOfSteel"}],"is_trial":false,"path_per_floor":["M","?","M","?","?","R","$","R","T","E","M","$","M","?","R","B",null,"M","?","M","?","?","R","M","R","T","?","?","M","M"],"character_chosen":"WATCHER","items_purchased":["MentalFortress"],"campfire_rested":1,"item_purchase_floors":[12],"current_hp_per_floor":[49,54,50,43,43,43,43,43,43,40,40,40,36,13,32,5,51,35,35,25,25,25,25,21,21,21,21,15,8,0,0],"gold":162,"neow_bonus":"BOSS_RELIC","is_daily":false,"chose_seed":false,"campfire_upgraded":4,"win_rate":0.0,"timestamp":1614262988,"path_taken":["M","?","M","?","?","R","$","R","T","E","M","?","M","?","R","BOSS","M","?","M","?","?","R","M","R","T","?","?","?","M"],"items_purchased_type":["Card"],"build_version":"2020-12-22","purchased_purges":1,"victory":false,"max_hp_per_floor":[68,73,73,73,66,66,66,66,66,66,66,66,66,66,66,66,66,66,66,66,66,66,66,66,66,66,66,66,66,66,66],"card_choices":[{"not_picked":["WheelKick","Indignation"],"picked":"FearNoEvil","floor":1},{"not_picked":["Crescendo","CarveReality"],"picked":"FlurryOfBlows","floor":3},{"not_picked":["JustLucky","FearNoEvil","Swivel"],"picked":"SKIP","floor":10},{"not_picked":["Evaluate","FlurryOfBlows"],"picked":"EmptyFist","floor":11},{"not_picked":["PathToVictory","Protect"],"picked":"InnerPeace","floor":13},{"not_picked":["MasterReality","LessonLearned"],"picked":"Scrawl","floor":16},{"not_picked":["BowlingBash","PathToVictory","ClearTheMind+1"],"picked":"SKIP","floor":18},{"not_picked":["FlurryOfBlows","Ragnarok","BowlingBash"],"picked":"SKIP","floor":20},{"not_picked":["Evaluate","Halt","ClearTheMind"],"picked":"SKIP","floor":24},{"not_picked":["WheelKick","Protect","EmptyBody"],"picked":"SKIP","floor":29}],"player_experience":494934,"relics_obtained":[{"floor":9,"key":"Happy Flower"},{"floor":10,"key":"Omamori"},{"floor":14,"key":"Odd Mushroom"}],"event_choices":[{"damage_healed":0,"gold_gain":0,"player_choice":"Donut","damage_taken":0,"max_hp_gain":5,"max_hp_loss":0,"event_name":"Big Fish","floor":2,"gold_loss":0},{"cards_removed":["Defend_P"],"damage_healed":0,"gold_gain":0,"player_choice":"Card Removal","damage_taken":7,"max_hp_gain":0,"max_hp_loss":0,"event_name":"Golden Wing","floor":4,"gold_loss":0},{"damage_healed":0,"gold_gain":0,"player_choice":"Lose Max HP","damage_taken":0,"relics_obtained":["Golden Idol"],"max_hp_gain":0,"max_hp_loss":7,"event_name":"Golden Idol","floor":5,"gold_loss":0},{"damage_healed":0,"gold_gain":0,"player_choice":"Fought Mushrooms","damage_taken":0,"max_hp_gain":0,"max_hp_loss":0,"event_name":"Mushrooms","floor":14,"gold_loss":0},{"damage_healed":0,"gold_gain":0,"player_choice":"Ignored","damage_taken":0,"max_hp_gain":0,"max_hp_loss":0,"event_name":"Cursed Tome","floor":19,"gold_loss":0},{"damage_healed":0,"gold_gain":0,"player_choice":"Ignored","damage_taken":0,"max_hp_gain":0,"max_hp_loss":0,"event_name":"The Mausoleum","floor":21,"gold_loss":0},{"damage_healed":0,"gold_gain":0,"cards_transformed":["Strike_P","Defend_P"],"player_choice":"Became Test Subject","damage_taken":0,"max_hp_gain":0,"max_hp_loss":0,"event_name":"Drug Dealer","floor":22,"gold_loss":0,"cards_obtained":["Sanctity","CarveReality"]},{"cards_removed":["Defend_P"],"damage_healed":0,"gold_gain":0,"player_choice":"Gave Gold","damage_taken":0,"max_hp_gain":0,"max_hp_loss":0,"event_name":"Beggar","floor":27,"gold_loss":75},{"damage_healed":0,"gold_gain":0,"player_choice":"","damage_taken":6,"max_hp_gain":0,"max_hp_loss":0,"event_name":"Knowing Skull","floor":28,"potions_obtained":[],"gold_loss":0,"cards_obtained":[]}],"is_beta":false,"boss_relics":[{"not_picked":["Astrolabe","Cursed Key"],"picked":"Runic Pyramid"}],"items_purged_floors":[7],"is_endless":false,"potions_floor_spawned":[1,11,16,24],"killed_by":"Snecko","ascension_level":19}}