{"host":"vk2xyavtylxbvrfq","time":1614285160,"event":{"mods":["Bard","BaseMod","Bestiary","Better Altar","Better Match","Better Note","Better Sensory Stone","Better Skull","Better Vampires","Block Reminder","Bossed Relics","Colored Map","Curses Come First","Displayed Cursed Tome","Downfall","Extra Virgin Snecko Oil","Fox Events","Hermit","Ironclad Rager","Marked Mod","Minty Spire (QoL Compilation)","Quick Restart","Rare Cards Sparkle","Relic Sorter","Reliquary","Robot Space Explorer","StSLib","The Hayseed","The Runesmith","Unceasing Turn Reminder"],"gold_per_floor":[115,131,146,146,0,0,25,25,25,25,25,45,59,78,78,174,174,157,16,16,16,16,49,49,49,49,49,49,101,133,43,43,43,43],"floor_reached":33,"language":"ENG","playtime":1255,"items_purged":[],"score":426,"play_id":"543f2d0d-6db6-43f8-aec3-3b623d0c3ffa","local_time":"20210225153240","is_ascension_mode":true,"campfire_choices":[{"data":"Discovery","floor":6.0,"key":"SMITH"},{"floor":10.0,"key":"REST"},{"data":"hermit:ShadowCloak","floor":15.0,"key":"SMITH"},{"floor":27.0,"key":"REST"},{"floor":32.0,"key":"REST"}],"circlet_count":0,"master_deck":["hermit:Strike_Hermit","hermit:Strike_Hermit+1","hermit:Strike_Hermit","hermit:Defend_Hermit","hermit:Defend_Hermit","hermit:Defend_Hermit","hermit:Defend_Hermit","hermit:Snapshot","hermit:Covet","Discovery+1","hermit:ShadowCloak+1","hermit:ShadowCloak","hermit:Malice","hermit:Spite","hermit:GoldenBullet","hermit:PistolWhip","hermit:Spite","hermit:Malice","hermit:CursedWeapon+1","hermit:Reprieve+1","CurseOfTheBell","hermit:FlashPowder","hermit:Determination","hermit:Grudge+1","Decay","hermit:Cheat","hermit:FromBeyond"],"relics":["hermit:Momento","HornCleat","Pear","Calling Bell","Juzu Bracelet","reliquary:Firecrackers","Unceasing Top","Shuriken","sneckomod:BabySnecko","WingedGreaves","Ice Cream","Ancient Tea Set","reliquary:Buckler"],"acts_visited":["Exordium","TheCity"],"potions_floor_usage":[],"damage_taken":[{"damage":3.0,"enemies":"2 Louse","floor":1.0,"turns":3.0},{"damage":1.0,"enemies":"Cultist","floor":2.0,"turns":3.0},{"damage":7.0,"enemies":"Jaw Worm","floor":3.0,"turns":3.0},{"damage":20.0,"enemies":"3 Sentries","floor":7.0,"turns":6.0},{"damage":0.0,"enemies":"Blue Slaver","floor":12.0,"turns":3.0},{"damage":9.0,"enemies":"3 Louse","floor":13.0,"turns":3.0},{"damage":16.0,"enemies":"Lots of Slimes","floor":14.0,"turns":4.0},{"damage":6.0,"enemies":"Hexaghost","floor":16.0,"turns":9.0},{"damage":32.0,"enemies":"2 Thieves","floor":18.0,"turns":4.0},{"damage":59.0,"enemies":"Book of Stabbing","floor":23.0,"turns":6.0},{"damage":0.0,"enemies":"Gremlin Leader","floor":30.0,"turns":4.0},{"damage":56,"enemies":"Automaton","floor":33,"turns":8}],"seed_played":"-2976482106318226752","potions_obtained":[{"floor":2.0,"key":"Dexterity Potion"},{"floor":12.0,"key":"hermit:Eclipse"},{"floor":18.0,"key":"ColorlessPotion"}],"is_trial":false,"path_per_floor":["M","M","M","?","$","R","E","$","T","R","$","M","M","M","R","B",null,"M","$","?","T","?","E","?","?","T","R","?","T","E","?","R","B"],"character_chosen":"HERMIT","items_purchased":["hermit:Spite","hermit:GoldenBullet","hermit:Determination","hermit:Grudge"],"campfire_rested":3,"item_purchase_floors":[5,5,19,19],"current_hp_per_floor":[65,64,57,57,57,57,37,37,47,72,72,72,63,47,47,41,74,50,50,50,50,50,3,3,3,3,28,28,28,28,28,53,0,0],"gold":43,"neow_bonus":"RANDOM_COLORLESS","is_daily":false,"chose_seed":false,"campfire_upgraded":2,"win_rate":0.0,"timestamp":1614285160,"path_taken":["M","M","M","?","$","R","E","$","T","R","$","?","M","M","R","BOSS","M","?","?","?","?","E","?","?","T","R","?","?","E","?","R","BOSS"],"items_purchased_type":["Card","Card","Card","Card"],"build_version":"2020-12-22","purchased_purges":0,"victory":false,"max_hp_per_floor":[75,75,75,75,75,75,75,75,85,85,85,85,85,85,85,85,85,85,85,85,85,85,85,85,85,85,85,85,85,85,85,85,85,85],"card_choices":[{"not_picked":["Deep Breath","Forethought"],"picked":"Discovery","floor":0.0},{"not_picked":["hermit:ItchyTrigger","hermit:WideOpen"],"picked":"hermit:ShadowCloak","floor":1.0},{"not_picked":["hermit:FullyLoaded","hermit:Coalescence"],"picked":"hermit:ShadowCloak","floor":2.0},{"not_picked":["hermit:Roulette","hermit:Desperado"],"picked":"hermit:Malice","floor":3.0},{"not_picked":["hermit:Showdown","hermit:Desperado"],"picked":"hermit:PistolWhip","floor":7.0},{"not_picked":["hermit:Misfire","hermit:Desperado"],"picked":"hermit:Spite","floor":12.0},{"not_picked":["hermit:TakeCover","hermit:Snipe"],"picked":"hermit:Malice","floor":13.0},{"not_picked":["hermit:HighCaliber","hermit:PistolWhip"],"picked":"hermit:CursedWeapon","floor":14.0},{"not_picked":["hermit:Adapt","hermit:Purgatory"],"picked":"hermit:Reprieve","floor":16.0},{"not_picked":["hermit:Vantage","hermit:GoldenBullet"],"picked":"hermit:FlashPowder","floor":18.0},{"not_picked":["hermit:ItchyTrigger+1","hermit:Dive"],"picked":"hermit:Cheat","floor":23.0},{"not_picked":["hermit:Coalescence","hermit:Glare"],"picked":"hermit:FromBeyond","floor":30.0}],"player_experience":1482215,"relics_obtained":[{"floor":7.0,"key":"HornCleat"},{"floor":9.0,"key":"Pear"},{"floor":17.0,"key":"Juzu Bracelet"},{"floor":17.0,"key":"reliquary:Firecrackers"},{"floor":17.0,"key":"Unceasing Top"},{"floor":21.0,"key":"Shuriken"},{"floor":23.0,"key":"WingedGreaves"},{"floor":26.0,"key":"Ice Cream"},{"floor":29.0,"key":"Ancient Tea Set"},{"floor":30.0,"key":"reliquary:Buckler"}],"event_choices":[{"cards_removed":["hermit:Strike_Hermit"],"damage_healed":0.0,"max_hp_gain":0.0,"max_hp_loss":0.0,"gold_gain":0.0,"event_name":"Purifier","player_choice":"Purged","floor":4.0,"gold_loss":0.0,"damage_taken":0.0},{"damage_healed":0.0,"max_hp_gain":0.0,"max_hp_loss":0.0,"gold_gain":0.0,"event_name":"betterAltar:BetterAltar","player_choice":" Defy","floor":20.0,"gold_loss":0.0,"damage_taken":0.0,"cards_obtained":["Decay"]},{"damage_healed":0.0,"max_hp_gain":0.0,"max_hp_loss":0.0,"gold_gain":0.0,"event_name":"Cursed Tome","player_choice":"Ignored","floor":24.0,"gold_loss":0.0,"damage_taken":0.0},{"damage_healed":0.0,"max_hp_gain":0.0,"max_hp_loss":0.0,"gold_gain":0.0,"event_name":"Upgrade Shrine","player_choice":"Upgraded","floor":25.0,"gold_loss":0.0,"damage_taken":0.0,"cards_upgraded":["hermit:Reprieve"]},{"damage_healed":0.0,"max_hp_gain":0.0,"max_hp_loss":0.0,"gold_gain":0.0,"event_name":"Ghosts","player_choice":"Ignored","floor":28.0,"gold_loss":0.0,"damage_taken":0.0},{"cards_removed":["downfall:Bewildered"],"damage_healed":0.0,"max_hp_gain":0.0,"max_hp_loss":0.0,"gold_gain":0.0,"event_name":"Designer","player_choice":"Upgrade and Remove","floor":31.0,"gold_loss":90.0,"damage_taken":0.0,"cards_upgraded":["hermit:Strike_Hermit"]}],"is_beta":false,"boss_relics":[{"not_picked":["bronze:MakeshiftBattery","reliquary:RedCape"],"picked":"Calling Bell"}],"items_purged_floors":[],"is_endless":false,"potions_floor_spawned":[2,12,18],"killed_by":"Automaton","ascension_level":8}}