{"host":"kzk3jxgl97km4m18","time":1614222415,"event":{"mods":["BaseMod","Colored Map","Minty Spire (QoL Compilation)"],"gold_per_floor":[110,10,30,40,40,66,89,101,101],"floor_reached":8,"language":"ENG","playtime":1283,"items_purged":["Strike_G"],"score":61,"play_id":"664ee738-57a8-4e4f-a928-e3100c580b44","local_time":"20210224220655","is_ascension_mode":true,"campfire_choices":[],"circlet_count":0,"master_deck":["Strike_G","Strike_G","Strike_G","Strike_G","Defend_G","Defend_G","Defend_G","Defend_G","Defend_G","Survivor","Neutralize","Die Die Die","Dodge and Roll","Deadly Poison","Well Laid Plans","Flying Knee","Regret","After Image","Bane"],"relics":["Ring of the Snake","Shuriken","MawBank"],"acts_visited":[],"potions_floor_usage":[8,8],"damage_taken":[{"damage":0,"enemies":"Small Slimes","floor":1,"turns":3},{"damage":0,"enemies":"Jaw Worm","floor":3,"turns":3},{"damage":0,"enemies":"2 Louse","floor":4,"turns":4},{"damage":27,"enemies":"3 Sentries","floor":6,"turns":10},{"damage":17,"enemies":"Exordium Wildlife","floor":7,"turns":7},{"damage":27,"enemies":"Gremlin Nob","floor":8,"turns":3}],"seed_played":"4099869750118585945","potions_obtained":[{"floor":4,"key":"Strength Potion"},{"floor":7,"key":"BlessingOfTheForge"}],"is_trial":false,"path_per_floor":["M","$","M","M","?","E","M","E"],"character_chosen":"THE_SILENT","items_purchased":["Deadly Poison"],"campfire_rested":0,"item_purchase_floors":[2],"current_hp_per_floor":[70,70,70,70,70,43,26,0,0],"gold":101,"neow_bonus":"ONE_RANDOM_RARE_CARD","is_daily":false,"chose_seed":false,"campfire_upgraded":0,"win_rate":0.0,"timestamp":1614222415,"path_taken":["M","$","M","M","?","E","M","E"],"items_purchased_type":["Card"],"build_version":"2020-12-22","purchased_purges":1,"victory":false,"max_hp_per_floor":[70,70,70,70,70,70,70,70,70],"card_choices":[{"not_picked":["Prepared","Crippling Poison"],"picked":"Dodge and Roll","floor":1},{"not_picked":["Accuracy","Endless Agony"],"picked":"Well Laid Plans","floor":3},{"not_picked":["Deflect","Sucker Punch"],"picked":"Flying Knee","floor":4},{"not_picked":["Calculated Gamble","Escape Plan"],"picked":"After Image","floor":6},{"not_picked":["Flying Knee","Deflect"],"picked":"Bane","floor":7}],"player_experience":166592,"relics_obtained":[{"floor":6,"key":"MawBank"}],"event_choices":[{"damage_healed":0,"gold_gain":0,"player_choice":"Box","damage_taken":0,"relics_obtained":["Shuriken"],"max_hp_gain":0,"max_hp_loss":0,"event_name":"Big Fish","floor":5,"gold_loss":0,"cards_obtained":["Regret"]}],"is_beta":false,"boss_relics":[],"items_purged_floors":[2],"is_endless":false,"potions_floor_spawned":[4,7],"killed_by":"Gremlin Nob","ascension_level":1}}