{"host":"8rwnpls8n88jrgbg","time":1614265127,"event":{"mods":["AchievementEnabler","BaseMod","Colored Map","Colored Powertips","DeckTracker","Keyboard Shortcuts","Minty Spire (QoL Compilation)","Relic Stats","StSLib","SuperFastMode"],"gold_per_floor":[30,90,124,199,254,254,304,340,340,340,367,412,521,253,253,352,352,388,429,429,156,71,71,71],"floor_reached":23,"language":"KOR","playtime":1309,"items_purged":["Pain","Strike_R"],"score":472,"play_id":"1080836a-f73d-4afd-a68b-0486714b11a1","local_time":"20210225235847","is_ascension_mode":true,"campfire_choices":[{"data":"HandOfGreed","floor":6,"key":"SMITH"},{"data":"Apotheosis","floor":15,"key":"SMITH"}],"circlet_count":0,"master_deck":["AscendersBane","Strike_R","Strike_R","Defend_R","Defend_R","Defend_R","Defend_R","Bash","HandOfGreed+1","Flex","Headbutt","Bludgeon","Seeing Red","Whirlwind","Metallicize","Apotheosis+1","Demon Form","Sentinel+1"],"relics":["Burning Blood","Torii","WarpedTongs","Lantern","White Beast Statue","Empty Cage","PrismaticShard","CeramicFish"],"acts_visited":["Exordium","TheCity"],"potions_floor_usage":[8,13,18,19,23],"damage_taken":[{"damage":11,"enemies":"Jaw Worm","floor":1,"turns":6},{"damage":7,"enemies":"Small Slimes","floor":2,"turns":5},{"damage":0,"enemies":"Cultist","floor":3,"turns":2},{"damage":11,"enemies":"Exordium Thugs","floor":5,"turns":6},{"damage":30,"enemies":"Lagavulin","floor":7,"turns":6},{"damage":2,"enemies":"2 Fungi Beasts","floor":8,"turns":3},{"damage":0,"enemies":"Gremlin Nob","floor":11,"turns":2},{"damage":11,"enemies":"Blue Slaver","floor":12,"turns":2},{"damage":15,"enemies":"3 Sentries","floor":13,"turns":5},{"damage":18,"enemies":"The Guardian","floor":16,"turns":11},{"damage":1,"enemies":"Spheric Guardian","floor":18,"turns":4},{"damage":20,"enemies":"2 Thieves","floor":19,"turns":3},{"damage":53,"enemies":"Slavers","floor":23,"turns":5}],"seed_played":"-9202569173156318495","potions_obtained":[{"floor":2,"key":"GamblersBrew"},{"floor":5,"key":"LiquidBronze"},{"floor":8,"key":"EssenceOfSteel"},{"floor":16,"key":"Block Potion"},{"floor":18,"key":"ColorlessPotion"},{"floor":19,"key":"Dexterity Potion"}],"is_trial":false,"path_per_floor":["M","M","M","?","M","R","E","M","T","?","E","M","E","$","R","B",null,"M","M","?","$","?","E"],"character_chosen":"IRONCLAD","items_purchased":["Apotheosis","PrismaticShard"],"campfire_rested":0,"item_purchase_floors":[14,21],"current_hp_per_floor":[63,62,68,57,52,52,28,32,32,32,38,33,24,24,24,12,59,64,50,50,50,50,0,0],"gold":71,"neow_bonus":"RANDOM_COLORLESS_2","is_daily":false,"chose_seed":false,"campfire_upgraded":2,"win_rate":0.0,"timestamp":1614265127,"path_taken":["M","M","M","?","M","R","E","M","T","?","E","?","E","$","R","BOSS","M","M","?","$","?","E"],"items_purchased_type":["Card","Relic"],"build_version":"2020-12-22","purchased_purges":2,"victory":false,"max_hp_per_floor":[75,75,75,75,75,75,75,75,75,75,75,75,75,75,75,75,75,75,75,75,75,75,75,75],"relic_stats":{"Torii":20,"counters":[13,60],"CeramicFish":0,"obtain_stats":[{"Lantern":11,"Torii":7,"CeramicFish":22,"Empty Cage":17,"PrismaticShard":21,"Burning Blood":0,"White Beast Statue":13,"WarpedTongs":10},{"Lantern":7,"Torii":5,"CeramicFish":12,"Empty Cage":10,"PrismaticShard":12,"Burning Blood":0,"White Beast Statue":9,"WarpedTongs":6},{"Lantern":30,"Torii":25,"CeramicFish":55,"Empty Cage":48,"PrismaticShard":55,"Burning Blood":0,"White Beast Statue":37,"WarpedTongs":28}],"Burning Blood":72,"WarpedTongs":[19]},"card_choices":[{"not_picked":["Secret Technique","Secret Weapon"],"picked":"HandOfGreed","floor":0},{"not_picked":["Uppercut","Heavy Blade"],"picked":"Flex","floor":1},{"not_picked":["Thunderclap","Anger"],"picked":"Headbutt","floor":2},{"not_picked":["Heavy Blade","Reckless Charge"],"picked":"Bludgeon","floor":3},{"not_picked":["Twin Strike","Burning Pact"],"picked":"Seeing Red","floor":5},{"not_picked":["Pommel Strike","Sentinel"],"picked":"Whirlwind","floor":7},{"not_picked":["Rampage","Heavy Blade","Cleave"],"picked":"SKIP","floor":8},{"not_picked":["Brutality","Twin Strike","Iron Wave"],"picked":"SKIP","floor":11},{"not_picked":["Twin Strike","Pommel Strike","Havoc"],"picked":"SKIP","floor":12},{"not_picked":["Sever Soul","Flex"],"picked":"Metallicize","floor":13},{"not_picked":["Juggernaut","Exhume"],"picked":"Demon Form","floor":16},{"not_picked":["Twin Strike","Sword Boomerang"],"picked":"Sentinel+1","floor":18},{"not_picked":["Reckless Charge","Clothesline","Iron Wave"],"picked":"SKIP","floor":19}],"player_experience":1537928,"relics_obtained":[{"floor":7,"key":"Torii"},{"floor":11,"key":"Lantern"},{"floor":13,"key":"White Beast Statue"}],"event_choices":[{"damage_healed":0,"gold_gain":75,"player_choice":"Gather Gold","damage_taken":11,"max_hp_gain":0,"max_hp_loss":0,"event_name":"World of Goop","floor":4,"gold_loss":0},{"damage_healed":0,"gold_gain":0,"player_choice":"Rummage","damage_taken":0,"relics_obtained":["WarpedTongs"],"max_hp_gain":0,"max_hp_loss":0,"event_name":"Accursed Blacksmith","floor":10,"gold_loss":0,"cards_obtained":["Pain"]},{"damage_healed":0,"gold_gain":0,"player_choice":"Ignored","damage_taken":0,"max_hp_gain":0,"max_hp_loss":0,"event_name":"The Mausoleum","floor":20,"gold_loss":0},{"damage_healed":0,"gold_gain":0,"player_choice":"Obtained Relic","damage_taken":0,"relics_obtained":["CeramicFish"],"max_hp_gain":0,"max_hp_loss":0,"event_name":"Addict","floor":22,"gold_loss":85}],"is_beta":false,"boss_relics":[{"not_picked":["Tiny House","Mark of Pain"],"picked":"Empty Cage"}],"items_purged_floors":[14,21],"is_endless":false,"potions_floor_spawned":[2,5,8,16,18,19],"killed_by":"Slavers","ascension_level":20}}