{"host":"mydft8i2zzydgggw","time":1614246827,"event":{"mods":["AchievementEnabler","BaseMod","Colored Map","Colored Powertips","DeckTracker","Keyboard Shortcuts","Minty Spire (QoL Compilation)","Rare Cards Sparkle","Relic Stats","StSLib","SuperFastMode","Together in Spire","everything is the same but u backflip on backflip"],"gold_per_floor":[113,38,38,48,65,99,110,125,152,179,15,42,86,100,100,182,182,203,216,263,290,299,299,337,337,360,360,387,46,81,93,93,93,93],"floor_reached":33,"language":"KOR","playtime":705,"items_purged":["Strike_G","Strike_G","Decay"],"score":516,"play_id":"3e914fc7-603d-43ea-aecb-8d1a12b0b269","local_time":"20210225185347","is_ascension_mode":true,"campfire_choices":[{"data":"Tactician","floor":15,"key":"SMITH"},{"floor":23,"key":"REST"},{"floor":25,"key":"REST"},{"data":"Envenom","floor":27,"key":"SMITH"},{"data":"Blade Dance","floor":32,"key":"SMITH"}],"circlet_count":0,"master_deck":["AscendersBane","Strike_G","Strike_G","Strike_G","Defend_G","Defend_G","Defend_G+1","Defend_G","Survivor","Neutralize","Acrobatics","Masterful Stab","Blade Dance+1","Envenom+1","Tactician+1","Underhanded Strike","Accuracy","Cloak And Dagger+1","Malaise","Acrobatics+1","Well Laid Plans","Tactician","Ghostly","Ghostly","Ghostly","Prepared+1"],"relics":["Ring of the Snake","NeowsBlessing","Eternal Feather","Tiny Chest","MawBank","Odd Mushroom","CeramicFish","WristBlade","Smiling Mask","War Paint","Orichalcum","Calipers","Ancient Tea Set"],"acts_visited":["Exordium","TheCity"],"potions_floor_usage":[6,6,13,13,21,24,30],"damage_taken":[{"damage":0,"enemies":"Jaw Worm","floor":1,"turns":1},{"damage":0,"enemies":"Cultist","floor":4,"turns":1},{"damage":0,"enemies":"2 Louse","floor":5,"turns":1},{"damage":9,"enemies":"Gremlin Nob","floor":6,"turns":3},{"damage":7,"enemies":"2 Fungi Beasts","floor":7,"turns":4},{"damage":1,"enemies":"Looter","floor":8,"turns":3},{"damage":5,"enemies":"The Mushroom Lair","floor":12,"turns":4},{"damage":13,"enemies":"3 Sentries","floor":13,"turns":6},{"damage":2,"enemies":"3 Louse","floor":14,"turns":3},{"damage":23,"enemies":"Slime Boss","floor":16,"turns":8},{"damage":5,"enemies":"Spheric Guardian","floor":18,"turns":3},{"damage":20,"enemies":"Shell Parasite","floor":19,"turns":4},{"damage":23,"enemies":"Snake Plant","floor":21,"turns":4},{"damage":23,"enemies":"Book of Stabbing","floor":24,"turns":5},{"damage":29,"enemies":"Gremlin Leader","floor":30,"turns":8},{"damage":0,"enemies":"Snecko","floor":31,"turns":6},{"damage":55,"enemies":"Automaton","floor":33,"turns":6}],"seed_played":"4960987712909692686","potions_obtained":[{"floor":1,"key":"BlessingOfTheForge"},{"floor":5,"key":"Poison Potion"},{"floor":7,"key":"Fire Potion"},{"floor":8,"key":"Dexterity Potion"},{"floor":12,"key":"Strength Potion"},{"floor":19,"key":"DuplicationPotion"},{"floor":21,"key":"LiquidMemories"},{"floor":24,"key":"PowerPotion"}],"is_trial":false,"path_per_floor":["M","$","?","M","M","E","M","M","T","T","$","?","E","M","R","B",null,"M","M","T","M","?","R","E","R","T","R","?","$","E","M","R","B"],"character_chosen":"THE_SILENT","items_purchased":["Accuracy","Calipers"],"campfire_rested":2,"item_purchase_floors":[11,29],"current_hp_per_floor":[59,59,59,59,59,50,43,42,42,42,42,37,24,22,31,8,52,47,27,27,4,4,35,12,43,43,55,33,33,4,4,19,0,0],"gold":93,"neow_bonus":"THREE_ENEMY_KILL","is_daily":false,"chose_seed":false,"campfire_upgraded":3,"win_rate":0.0,"timestamp":1614246827,"path_taken":["M","$","?","M","?","E","M","M","T","?","?","?","E","M","R","BOSS","M","M","?","M","?","R","E","R","T","R","?","$","E","M","R","BOSS"],"items_purchased_type":["Card","Relic"],"build_version":"2020-12-22","purchased_purges":3,"victory":false,"max_hp_per_floor":[66,66,66,66,66,66,66,66,66,66,66,66,66,66,66,66,66,66,66,66,66,66,66,66,66,66,66,33,33,33,33,33,33,33],"relic_stats":{"counters":[17,70],"CeramicFish":90,"Eternal Feather":60,"Tiny Chest":1,"War Paint":["Defend_G","Cloak And Dagger"],"Orichalcum":[48],"MawBank":12,"Smiling Mask":75,"obtain_stats":[{"Calipers":29,"NeowsBlessing":0,"CeramicFish":13,"Eternal Feather":6,"Odd Mushroom":12,"War Paint":24,"Orichalcum":26,"MawBank":10,"Smiling Mask":20,"Ancient Tea Set":30,"WristBlade":17,"Tiny Chest":9,"Ring of the Snake":0},{"Calipers":14,"NeowsBlessing":0,"CeramicFish":8,"Eternal Feather":4,"Odd Mushroom":7,"War Paint":14,"Orichalcum":14,"MawBank":6,"Smiling Mask":12,"Ancient Tea Set":15,"WristBlade":10,"Tiny Chest":6,"Ring of the Snake":0},{"Calipers":50,"NeowsBlessing":0,"CeramicFish":23,"Eternal Feather":6,"Odd Mushroom":17,"War Paint":50,"Orichalcum":50,"MawBank":13,"Smiling Mask":41,"Ancient Tea Set":58,"WristBlade":34,"Tiny Chest":13,"Ring of the Snake":0}],"Ring of the Snake":[34]},"card_choices":[{"not_picked":["Dash","Bane"],"picked":"Acrobatics","floor":1},{"not_picked":["Outmaneuver","Backstab"],"picked":"Masterful Stab","floor":4},{"not_picked":["Footwork","Deflect"],"picked":"Blade Dance","floor":5},{"not_picked":["Blur","Concentrate"],"picked":"Envenom","floor":6},{"not_picked":["Dagger Spray","Outmaneuver"],"picked":"Tactician","floor":7},{"not_picked":["Finisher","Poisoned Stab"],"picked":"Underhanded Strike","floor":8},{"not_picked":["Storm of Steel","Finisher"],"picked":"Cloak And Dagger","floor":13},{"not_picked":["PiercingWail","Slice","Deflect"],"picked":"SKIP","floor":14},{"not_picked":["Die Die Die","Doppelganger"],"picked":"Malaise","floor":16},{"not_picked":["Flying Knee","Eviscerate"],"picked":"Acrobatics+1","floor":18},{"not_picked":["Infinite Blades","Slice","Deflect"],"picked":"SKIP","floor":19},{"not_picked":["Acrobatics+1","Slice"],"picked":"Well Laid Plans","floor":21},{"not_picked":["Die Die Die","All Out Attack"],"picked":"Tactician","floor":24},{"not_picked":["Catalyst","Burst"],"picked":"Prepared+1","floor":30},{"not_picked":["Dagger Spray","Dodge and Roll","Acrobatics+1"],"picked":"SKIP","floor":31}],"player_experience":305692,"relics_obtained":[{"floor":6,"key":"Eternal Feather"},{"floor":9,"key":"Tiny Chest"},{"floor":10,"key":"MawBank"},{"floor":12,"key":"Odd Mushroom"},{"floor":13,"key":"CeramicFish"},{"floor":20,"key":"Smiling Mask"},{"floor":24,"key":"War Paint"},{"floor":26,"key":"Orichalcum"},{"floor":30,"key":"Ancient Tea Set"}],"event_choices":[{"cards_removed":["Defend_G"],"damage_healed":0,"gold_gain":0,"player_choice":"Offered Basic","damage_taken":0,"max_hp_gain":0,"max_hp_loss":0,"event_name":"Bonfire Elementals","floor":3,"gold_loss":0},{"damage_healed":0,"gold_gain":0,"player_choice":"Fought Mushrooms","damage_taken":0,"max_hp_gain":0,"max_hp_loss":0,"event_name":"Mushrooms","floor":12,"gold_loss":0},{"damage_healed":0,"gold_gain":0,"player_choice":"Smashed Altar","damage_taken":0,"max_hp_gain":0,"max_hp_loss":0,"event_name":"Forgotten Altar","floor":22,"gold_loss":0,"cards_obtained":["Decay"]},{"damage_healed":0,"gold_gain":0,"player_choice":"Became a Ghost","damage_taken":0,"max_hp_gain":0,"max_hp_loss":33,"event_name":"Ghosts","floor":28,"gold_loss":0,"cards_obtained":["Ghostly","Ghostly","Ghostly"]}],"is_beta":false,"boss_relics":[{"not_picked":["Empty Cage","Runic Pyramid"],"picked":"WristBlade"}],"items_purged_floors":[2,11,29],"is_endless":false,"potions_floor_spawned":[1,5,7,8,12,19,21,24],"killed_by":"Automaton","ascension_level":15}}