{"host":"ijtyqc57s6c9mbij","time":1614216222,"event":{"mods":["BaseMod","Colored Map","Downfall","Minty Spire (QoL Compilation)","StSLib"],"gold_per_floor":[99,549,824,824,854,854,854,884,884,894,906,933,633,633,649,649,649,649],"floor_reached":16,"language":"ENG","playtime":665,"items_purged":[],"score":151,"play_id":"c935cd31-dc5f-4bb9-a425-c7b14126555e","local_time":"20210224172342","is_ascension_mode":true,"campfire_choices":[{"data":"bronze:Goto","floor":1,"key":"SMITH"},{"floor":6,"key":"RECALL"},{"data":"bronze:ForLoop","floor":13,"key":"SMITH"}],"circlet_count":0,"master_deck":["bronze:Strike","bronze:Strike","bronze:Strike","bronze:Strike","bronze:Defend","bronze:Defend","bronze:Defend","bronze:Defend","bronze:Replicate","bronze:Goto+1","downfall:Icky","downfall:Icky","downfall:Icky","bronze:ChosenStrike","bronze:ForLoop+1","bronze:Constructor","bronze:NullPointer","bronze:BronzeOrb","bronze:BronzeOrb","bronze:NullPointer"],"relics":["bronze:BronzeCore","downfall:HeartsMalice","Eternal Feather","White Beast Statue","MealTicket","downfall:HeartBlessingRed","downfall:HeartBlessingGreen","downfall:HeartBlessingBlue"],"acts_visited":["Exordium"],"potions_floor_usage":[16,16,16],"damage_taken":[{"damage":0,"enemies":"2 Louse","floor":4,"turns":1},{"damage":0,"enemies":"3 Sentries","floor":8,"turns":1},{"damage":0,"enemies":"Small Slimes","floor":9,"turns":1},{"damage":6,"enemies":"Cultist","floor":10,"turns":5},{"damage":10,"enemies":"2 Fungi Beasts","floor":11,"turns":5},{"damage":26,"enemies":"Gremlin Nob","floor":12,"turns":5},{"damage":2,"enemies":"3 Louse","floor":15,"turns":4},{"damage":91,"enemies":"DF_ARCHETYPE_STREAMLINE","floor":16,"turns":14}],"seed_played":"-3078659645181559363","potions_obtained":[{"floor":9,"key":"Dexterity Potion"},{"floor":10,"key":"Strength Potion"},{"floor":11,"key":"SkillPotion"}],"is_trial":false,"path_per_floor":["R","?","?","M","?","R","T","E","M","M","M","E","R","?","M","B"],"character_chosen":"THE_AUTOMATON","items_purchased":[],"campfire_rested":0,"item_purchase_floors":[],"current_hp_per_floor":[70,70,70,70,70,70,70,70,70,64,54,28,50,50,48,0,0,0],"gold":649,"neow_bonus":"THREE_ENEMY_KILL","is_daily":false,"chose_seed":false,"campfire_upgraded":2,"win_rate":0.0,"timestamp":1614216222,"path_taken":["R","?","?","?","?","R","T","E","M","M","M","E","R","?","M","BOSS"],"items_purchased_type":[],"build_version":"2020-12-22","purchased_purges":0,"victory":false,"max_hp_per_floor":[70,70,70,70,70,70,70,70,70,70,70,70,80,80,80,80,80,80],"card_choices":[{"not_picked":["bronze:BitShift","bronze:Repair"],"picked":"bronze:ChosenStrike","floor":4},{"not_picked":["bronze:WildBeam","bronze:GetLatest"],"picked":"bronze:ForLoop","floor":8},{"not_picked":["bronze:Frontload","bronze:ForLoop"],"picked":"bronze:Constructor","floor":9},{"not_picked":["bronze:CutThrough","bronze:Deprecate"],"picked":"bronze:NullPointer","floor":10},{"not_picked":["bronze:Philosophize","bronze:DelayedGuard"],"picked":"bronze:BronzeOrb","floor":11},{"not_picked":["bronze:Overheat","bronze:Turbo"],"picked":"bronze:BronzeOrb","floor":12},{"not_picked":["bronze:DelayedSlice","bronze:CutThrough"],"picked":"bronze:NullPointer","floor":15}],"player_experience":1048901,"relics_obtained":[{"floor":8,"key":"White Beast Statue"},{"floor":12,"key":"MealTicket"}],"event_choices":[{"cards_removed":["Regret"],"damage_healed":0,"gold_gain":0,"player_choice":"Forget","damage_taken":0,"max_hp_gain":0,"max_hp_loss":0,"event_name":"Living Wall","floor":14,"gold_loss":0}],"is_beta":false,"boss_relics":[],"items_purged_floors":[],"is_endless":false,"potions_floor_spawned":[9,10,11,12,15],"killed_by":"DF_ARCHETYPE_STREAMLINE","ascension_level":3}}