{"host":"ox77rn1xcurm2t5a","time":1614258539,"event":{"mods":["2.2 Compatiblity","AchievementEnabler","Act Like it!","Aspiration","BaseMod","Best Route Mod","Better Match","Better Note","Better Sensory Stone","Block Reminder","Colored Map","Colored Powertips","Conjunction","Conspire","Custom Start","Energized Spire","GifTheSpireLib","Gold Saver","Gremlin Skip","Halation","Highlight Path","Hubris","Infinite Spire","Minty Spire (QoL Compilation)","Pale of the Ancients","Quick Restart","Reliquary","Replay The Spire","Reworked Bosses","ShortenTheSpire","Spire Exporter","StSLib","Stuff the Spire","Wandering Minibosses"],"gold_per_floor":[594,615,615,634,648,648,674,674,722,189,189,66,96,111,111,111,111],"floor_reached":16,"language":"ENG","playtime":440,"items_purged":["Strike_R","Strike_R"],"score":176,"play_id":"e4a7ab5f-df13-4751-be1c-876e97db01d1","local_time":"20210225150859","is_ascension_mode":true,"campfire_choices":[{"data":"Anger","floor":6.0,"key":"SMITH"},{"floor":15.0,"key":"RECALL"}],"circlet_count":0,"master_deck":["AscendersBane","Strike_R","Strike_R","Strike_R","Defend_R","Defend_R","Defend_R","Defend_R","Bash","Headbutt","Headbutt","Anger+1","Metallicize","Cleave","Pommel Strike"],"relics":["Burning Blood","hubris:TenFootPole","Bag of Marbles","StuffTheSpire:RubySignet","reliquary:Knoch","halation:TwoAmDonut","Ginger"],"acts_visited":["Exordium"],"potions_floor_usage":[16],"damage_taken":[{"damage":2.0,"enemies":"Jaw Worm","floor":1.0,"turns":3.0},{"damage":1.0,"enemies":"2 Louse","floor":2.0,"turns":3.0},{"damage":6.0,"enemies":"Cultist","floor":4.0,"turns":3.0},{"damage":7.0,"enemies":"Large Slime","floor":5.0,"turns":6.0},{"damage":56.0,"enemies":"Lagavulin","floor":7.0,"turns":6.0},{"damage":21.0,"enemies":"3 Sentries","floor":13.0,"turns":6.0},{"damage":0.0,"enemies":"2 Fungi Beasts","floor":14.0,"turns":2.0},{"damage":25,"enemies":"The Guardian","floor":16,"turns":8}],"seed_played":"-4177912063204447433","potions_obtained":[{"floor":1.0,"key":"Energy Potion"},{"floor":2.0,"key":"BloodPotion"},{"floor":5.0,"key":"AttackPotion"},{"floor":14.0,"key":"Swift Potion"}],"is_trial":false,"path_per_floor":["M","M","?","M","M","R","E","?","T","$","?","$","E","M","R","B"],"character_chosen":"IRONCLAD","items_purchased":["StuffTheSpire:RubySignet","reliquary:Knoch","Metallicize","Cleave"],"campfire_rested":0,"item_purchase_floors":[10,10,10,12],"current_hp_per_floor":[76,80,80,80,80,80,30,30,30,30,25,25,10,18,18,0,0],"gold":111,"neow_bonus":"RANDOM_COMMON_RELIC","is_daily":false,"chose_seed":false,"campfire_upgraded":1,"win_rate":0.0,"timestamp":1614258539,"path_taken":["M","M","?","?","M","R","E","?","T","$","?","?","E","M","R","BOSS"],"items_purchased_type":["Relic","Relic","Card","Card"],"build_version":"2020-12-22","purchased_purges":2,"victory":false,"max_hp_per_floor":[80,80,80,80,80,80,80,80,80,80,80,80,80,80,80,80,80],"card_choices":[{"not_picked":["ReplayTheSpireMod:Stacked","StuffTheSpire:Incineration"],"picked":"Headbutt","floor":1.0},{"not_picked":["Run Through","Sever Soul"],"picked":"Headbutt","floor":2.0},{"not_picked":["Replay:Undeath\u0027s Touch","StuffTheSpire:Incineration","Clothesline"],"picked":"SKIP","floor":4.0},{"not_picked":["Burning Pact","Sword Boomerang"],"picked":"Anger","floor":5.0},{"not_picked":["Sentinel","StuffTheSpire:Incineration","Dropkick"],"picked":"SKIP","floor":7.0},{"not_picked":["Offering","Shrug It Off","Replay:Undeath\u0027s Touch"],"picked":"SKIP","floor":13.0},{"not_picked":["ReplayTheSpireMod:Strike From Hell","Wild Strike"],"picked":"Pommel Strike","floor":14.0}],"player_experience":3258273,"relics_obtained":[{"floor":7.0,"key":"Bag of Marbles"},{"floor":13.0,"key":"Ginger"}],"event_choices":[{"damage_healed":0.0,"max_hp_gain":0.0,"max_hp_loss":0.0,"gold_gain":1.0,"event_name":"betterStone:BetterStone","player_choice":"1","floor":3.0,"gold_loss":0.0,"damage_taken":0.0},{"damage_healed":0.0,"max_hp_gain":0.0,"max_hp_loss":0.0,"gold_gain":0.0,"event_name":"conspire:LoneGhost","player_choice":"Disagree","floor":8.0,"gold_loss":0.0,"damage_taken":0.0},{"damage_healed":0.0,"max_hp_gain":0.0,"max_hp_loss":0.0,"gold_gain":0.0,"event_name":"Scrap Ooze","player_choice":"Success","floor":11.0,"gold_loss":0.0,"damage_taken":12.0,"relics_obtained":["halation:TwoAmDonut"]}],"is_beta":false,"boss_relics":[],"items_purged_floors":[10,12],"is_endless":false,"potions_floor_spawned":[1,2,5,14],"killed_by":"The Guardian","ascension_level":12}}