{"host":"08xvxt5w1s7zc7e5","time":1614244072,"event":{"mods":["AchievementEnabler","BaseMod","DeckTracker","Minty Spire (QoL Compilation)","Quick Restart","StSLib","SuperFastMode"],"gold_per_floor":[118,135,145,145,155,182,182,199,199,210,210,210,210,285,285,285,285],"floor_reached":16,"language":"KOR","playtime":216,"items_purged":[],"score":158,"play_id":"a443b347-a934-4168-bdf8-964bbec6c469","local_time":"20210225180752","is_ascension_mode":true,"campfire_choices":[{"data":"Calculated Gamble","floor":12.0,"key":"SMITH"},{"data":"Tactician","floor":15.0,"key":"SMITH"}],"circlet_count":0,"master_deck":["AscendersBane","Strike_G","Strike_G","Strike_G","Strike_G","Strike_G","Defend_G","Defend_G","Defend_G","Defend_G","Defend_G","Survivor","Neutralize","Dagger Spray","Calculated Gamble+1","Predator","Regret","Tactician+1","Escape Plan"],"relics":["Ring of the Snake","NeowsBlessing","Question Card","Bird Faced Urn","Sundial","Bottled Lightning","Golden Idol"],"acts_visited":["Exordium"],"potions_floor_usage":[16,16],"damage_taken":[{"damage":0.0,"enemies":"Cultist","floor":1.0,"turns":1.0},{"damage":0.0,"enemies":"Small Slimes","floor":2.0,"turns":1.0},{"damage":0.0,"enemies":"Jaw Worm","floor":3.0,"turns":1.0},{"damage":7.0,"enemies":"Blue Slaver","floor":5.0,"turns":4.0},{"damage":6.0,"enemies":"Gremlin Nob","floor":6.0,"turns":3.0},{"damage":10.0,"enemies":"2 Fungi Beasts","floor":8.0,"turns":3.0},{"damage":8.0,"enemies":"3 Louse","floor":10.0,"turns":3.0},{"damage":23,"enemies":"Hexaghost","floor":16,"turns":7}],"seed_played":"6731745628385956270","potions_obtained":[{"floor":2.0,"key":"FearPotion"},{"floor":8.0,"key":"SkillPotion"},{"floor":10.0,"key":"LiquidMemories"}],"is_trial":false,"path_per_floor":["M","M","M","$","M","E","?","M","T","M","T","R","?","?","R","B"],"character_chosen":"THE_SILENT","items_purchased":[],"campfire_rested":0,"item_purchase_floors":[],"current_hp_per_floor":[63,63,63,63,56,50,50,40,40,32,32,32,32,21,21,0,0],"gold":285,"neow_bonus":"THREE_ENEMY_KILL","is_daily":false,"chose_seed":false,"campfire_upgraded":2,"win_rate":0.0,"timestamp":1614244072,"path_taken":["M","M","M","$","?","E","?","M","T","M","?","R","?","?","R","BOSS"],"items_purchased_type":[],"build_version":"2020-12-22","purchased_purges":0,"victory":false,"max_hp_per_floor":[70,70,70,70,70,70,70,70,70,70,70,70,65,65,65,65,65],"card_choices":[{"not_picked":["Flying Knee","Bane"],"picked":"Dagger Spray","floor":1.0},{"not_picked":["Setup","Sucker Punch"],"picked":"Calculated Gamble","floor":2.0},{"not_picked":["Blade Dance","Quick Slash"],"picked":"Predator","floor":3.0},{"not_picked":["Quick Slash","Deadly Poison","Dodge and Roll"],"picked":"SKIP","floor":5.0},{"not_picked":["Deflect","Accuracy","Dagger Throw"],"picked":"SKIP","floor":6.0},{"not_picked":["Underhanded Strike","Setup","Poisoned Stab"],"picked":"Tactician","floor":8.0},{"not_picked":["Caltrops","Deflect","Setup"],"picked":"Escape Plan","floor":10.0}],"player_experience":426459,"relics_obtained":[{"floor":6.0,"key":"Question Card"},{"floor":9.0,"key":"Sundial"},{"floor":11.0,"key":"Bottled Lightning"}],"event_choices":[{"damage_healed":0.0,"max_hp_gain":0.0,"max_hp_loss":0.0,"gold_gain":0.0,"event_name":"Big Fish","player_choice":"Box","floor":7.0,"gold_loss":0.0,"damage_taken":0.0,"relics_obtained":["Bird Faced Urn"],"cards_obtained":["Regret"]},{"damage_healed":0.0,"max_hp_gain":0.0,"max_hp_loss":5.0,"gold_gain":0.0,"event_name":"Golden Idol","player_choice":"Lose Max HP","floor":13.0,"gold_loss":0.0,"damage_taken":0.0,"relics_obtained":["Golden Idol"]},{"damage_healed":0.0,"max_hp_gain":0.0,"max_hp_loss":0.0,"gold_gain":75.0,"event_name":"World of Goop","player_choice":"Gather Gold","floor":14.0,"gold_loss":0.0,"damage_taken":11.0}],"is_beta":false,"boss_relics":[],"items_purged_floors":[],"is_endless":false,"potions_floor_spawned":[2,8,10],"killed_by":"Hexaghost","ascension_level":11}}