{"host":"lnfs5t5iydkm2lft","time":1614222675,"event":{"mods":["AchievementEnabler","Act Like it!","Aspiration","BaseMod","Bestiary","Better Third Choice","BetterRewards","Colored Powertips","Dark Map","Downfall","Hermit","Hubris","Infinite Spire","Marisa????????","Marked Mod","Minty Spire (QoL Compilation)","Quick Restart","Reliquary","Replay The Spire","StSLib","The Runesmith","everything is the same but u backflip on backflip"],"gold_per_floor":[110,127,227,241,259,259,291,291],"floor_reached":7,"language":"ENG","playtime":890,"items_purged":[],"score":66,"play_id":"05d661a1-8b62-4a77-b4af-4313a1406a48","local_time":"20210224211115","is_ascension_mode":true,"campfire_choices":[{"data":"Uppercut","floor":6,"key":"SMITH"},{"data":"Inflame","floor":6,"key":"SMITH"}],"circlet_count":0,"master_deck":["Strike_R","Strike_R","Strike_R","Strike_R","Strike_R","Defend_R","Defend_R","Defend_R","Defend_R","Bash","Shrug It Off","Inflame+1","Uppercut+1","Impervious","Infernal Blade"],"relics":["Burning Blood","Replay:Arrowhead","Sundial"],"acts_visited":["Exordium"],"potions_floor_usage":[7],"damage_taken":[{"damage":2,"enemies":"Jaw Worm","floor":1,"turns":4},{"damage":6,"enemies":"Cultist","floor":2,"turns":4},{"damage":0,"enemies":"2 Louse","floor":4,"turns":2},{"damage":6,"enemies":"Blue Slaver","floor":5,"turns":5},{"damage":11,"enemies":"Lagavulin","floor":7,"turns":7}],"seed_played":"6387412215384880382","potions_obtained":[{"floor":1,"key":"SkillPotion"},{"floor":2,"key":"SkillPotion"},{"floor":7,"key":"AttackPotion"}],"is_trial":false,"path_per_floor":["M","M","?","M","M","R","E"],"character_chosen":"IRONCLAD","items_purchased":["Shrug It Off"],"campfire_rested":0,"item_purchase_floors":[0],"current_hp_per_floor":[80,80,80,80,80,80,75,75],"gold":291,"neow_bonus":"","is_daily":false,"chose_seed":false,"campfire_upgraded":2,"win_rate":0.0,"timestamp":1614222675,"path_taken":["M","M","?","?","M","R","E"],"items_purchased_type":["Card"],"build_version":"2020-12-22","purchased_purges":0,"victory":false,"max_hp_per_floor":[80,80,80,80,80,80,80,80],"card_choices":[{"not_picked":["Flex","Havoc"],"picked":"Inflame","floor":1},{"not_picked":["Pommel Strike","Seeing Red"],"picked":"Uppercut","floor":2},{"not_picked":["Searing Blow","Burning Pact"],"picked":"Impervious","floor":4},{"not_picked":["Heavy Blade","Run Through","True Grit"],"picked":"SKIP","floor":5},{"not_picked":["Flex","Perfected Strike"],"picked":"Infernal Blade","floor":7}],"player_experience":429043,"relics_obtained":[{"floor":7,"key":"Sundial"}],"event_choices":[{"damage_healed":0,"gold_gain":100,"player_choice":"Pray","damage_taken":0,"max_hp_gain":0,"max_hp_loss":0,"event_name":"Golden Shrine","floor":3,"gold_loss":0}],"is_beta":false,"boss_relics":[],"items_purged_floors":[],"is_endless":false,"potions_floor_spawned":[1,2,7],"killed_by":"Lagavulin","ascension_level":5}}