{"host":"13o02hya6v6rzuva","time":1614251202,"event":{"mods":["BaseMod","Minty Spire (QoL Compilation)","Relic Stats"],"gold_per_floor":[119,119,138,313,3,13,42,42,117,134,148,148,174,194,194,292,292,312,10,29,29,44,44,62,62,89,118,118,128,146,158,158,255,255,274,291,216,226,43,43,55,87,113,113,113],"floor_reached":44,"language":"ENG","playtime":1480,"items_purged":["Doubt"],"score":832,"play_id":"0fbf28d8-43da-4811-972c-25902aa4a19f","local_time":"20210225120642","is_ascension_mode":true,"campfire_choices":[{"data":"Go for the Eyes","floor":8,"key":"SMITH"},{"floor":12,"key":"REST"},{"data":"Capacitor","floor":15,"key":"SMITH"},{"data":"Thunder Strike","floor":23,"key":"SMITH"},{"data":"Glacier","floor":25,"key":"SMITH"},{"floor":28,"key":"REST"},{"floor":32,"key":"REST"},{"floor":40,"key":"RECALL"}],"circlet_count":0,"master_deck":["AscendersBane","Strike_B","Strike_B","Strike_B","Defend_B","Defend_B","Defend_B","Zap+1","Dualcast","Glacier","Stack","Capacitor+1","Go for the Eyes+1","Ball Lightning","Sweeping Beam","Seek","Barrage","Rip and Tear","Thunder Strike+1","Ball Lightning","Glacier+1","Core Surge","Self Repair","Bandage Up","Reinforced Body"],"relics":["Cracked Core","Membership Card","Happy Flower","Odd Mushroom","Mercury Hourglass","FossilizedHelix","Philosopher\u0027s Stone","Runic Capacitor","Vajra","Singing Bowl","Pantograph","Empty Cage","Strawberry","Symbiotic Virus","MealTicket","CeramicFish"],"acts_visited":["Exordium","TheCity","TheBeyond"],"potions_floor_usage":[13,16,16,22,33,33,38,44],"damage_taken":[{"damage":6,"enemies":"2 Louse","floor":1,"turns":2},{"damage":8,"enemies":"Small Slimes","floor":3,"turns":4},{"damage":0,"enemies":"Jaw Worm","floor":6,"turns":4},{"damage":11,"enemies":"The Mushroom Lair","floor":7,"turns":6},{"damage":9,"enemies":"Red Slaver","floor":10,"turns":3},{"damage":1,"enemies":"Looter","floor":11,"turns":3},{"damage":0,"enemies":"3 Sentries","floor":13,"turns":4},{"damage":0,"enemies":"Blue Slaver","floor":14,"turns":3},{"damage":16,"enemies":"Hexaghost","floor":16,"turns":9},{"damage":5,"enemies":"Spheric Guardian","floor":18,"turns":4},{"damage":0,"enemies":"Shell Parasite","floor":20,"turns":3},{"damage":0,"enemies":"Shelled Parasite and Fungi","floor":22,"turns":4},{"damage":0,"enemies":"Centurion and Healer","floor":24,"turns":6},{"damage":22,"enemies":"Gremlin Leader","floor":27,"turns":6},{"damage":0,"enemies":"Snecko","floor":29,"turns":3},{"damage":2,"enemies":"Shelled Parasite and Fungi","floor":30,"turns":4},{"damage":0,"enemies":"Centurion and Healer","floor":31,"turns":4},{"damage":28,"enemies":"Champ","floor":33,"turns":9},{"damage":22,"enemies":"Orb Walker","floor":35,"turns":4},{"damage":3,"enemies":"3 Shapes","floor":36,"turns":3},{"damage":28,"enemies":"Sphere and 2 Shapes","floor":38,"turns":4},{"damage":0,"enemies":"4 Shapes","floor":41,"turns":3},{"damage":45,"enemies":"Nemesis","floor":42,"turns":7},{"damage":30,"enemies":"3 Darklings","floor":44,"turns":2}],"seed_played":"7630367975432832110","potions_obtained":[{"floor":1,"key":"FocusPotion"},{"floor":6,"key":"BlessingOfTheForge"},{"floor":7,"key":"AttackPotion"},{"floor":14,"key":"Weak Potion"},{"floor":16,"key":"SkillPotion"},{"floor":18,"key":"GamblersBrew"},{"floor":22,"key":"Strength Potion"},{"floor":29,"key":"DistilledChaos"},{"floor":31,"key":"Block Potion"},{"floor":36,"key":"Fire Potion"},{"floor":42,"key":"Strength Potion"}],"is_trial":false,"path_per_floor":["M","?","M","?","$","M","?","R","T","M","M","R","E","M","R","B",null,"M","$","M","?","M","R","M","R","T","E","R","M","M","M","R","B",null,"M","M","$","M","$","R","M","E","T","M"],"character_chosen":"DEFECT","items_purchased":["Membership Card","Happy Flower","Capacitor","Go for the Eyes","Runic Capacitor","Vajra","Singing Bowl","Glacier","Strawberry","Symbiotic Virus","Self Repair","Bandage Up"],"campfire_rested":3,"item_purchase_floors":[5,5,5,5,19,19,19,19,37,39,39,39],"current_hp_per_floor":[62,67,59,59,59,59,48,48,48,39,38,62,62,62,62,46,72,67,67,69,53,55,55,57,57,57,37,64,66,66,68,97,71,92,72,71,78,52,52,52,61,27,27,0,0],"gold":113,"neow_bonus":"UPGRADE_CARD","is_daily":false,"chose_seed":false,"campfire_upgraded":4,"win_rate":0.0,"timestamp":1614251202,"path_taken":["M","?","M","?","?","?","?","R","T","M","M","R","E","M","R","BOSS","M","$","M","?","M","R","M","R","T","E","R","M","M","M","R","BOSS","M","M","$","M","$","R","M","E","T","M"],"items_purchased_type":["Relic","Relic","Card","Card","Relic","Relic","Relic","Card","Relic","Relic","Card","Card"],"build_version":"2020-12-22","purchased_purges":1,"victory":false,"max_hp_per_floor":[75,80,80,80,80,80,80,80,80,80,80,80,80,80,80,80,80,80,80,82,87,89,89,91,91,91,93,93,95,97,99,99,99,99,101,103,110,112,112,112,114,114,114,114,114],"relic_stats":{"Happy Flower":[32],"Singing Bowl":22,"counters":[24,104],"Pantograph":2,"CeramicFish":0,"MealTicket":0,"obtain_stats":[{"Happy Flower":5,"Singing Bowl":19,"CeramicFish":43,"Vajra":19,"Runic Capacitor":19,"Odd Mushroom":7,"Empty Cage":34,"Mercury Hourglass":9,"Pantograph":27,"Strawberry":37,"Philosopher\u0027s Stone":17,"MealTicket":42,"Membership Card":5,"Cracked Core":0,"Symbiotic Virus":39,"FossilizedHelix":13},{"Happy Flower":2,"Singing Bowl":10,"CeramicFish":23,"Vajra":10,"Runic Capacitor":10,"Odd Mushroom":4,"Empty Cage":18,"Mercury Hourglass":4,"Pantograph":14,"Strawberry":20,"Philosopher\u0027s Stone":9,"MealTicket":23,"Membership Card":2,"Cracked Core":0,"Symbiotic Virus":21,"FossilizedHelix":7},{"Happy Flower":6,"Singing Bowl":42,"CeramicFish":102,"Vajra":42,"Runic Capacitor":42,"Odd Mushroom":16,"Empty Cage":81,"Mercury Hourglass":16,"Pantograph":61,"Strawberry":88,"Philosopher\u0027s Stone":38,"MealTicket":102,"Membership Card":6,"Cracked Core":0,"Symbiotic Virus":92,"FossilizedHelix":26}],"Mercury Hourglass":[292]},"card_choices":[{"not_picked":["Lockon","Loop"],"picked":"Glacier","floor":1},{"not_picked":["Heatsinks","Hologram"],"picked":"Stack","floor":3},{"not_picked":["Leap","Streamline","Skim"],"picked":"SKIP","floor":6},{"not_picked":["Force Field","Rebound"],"picked":"Ball Lightning","floor":7},{"not_picked":["Beam Cell","Gash"],"picked":"Sweeping Beam","floor":10},{"not_picked":["Steam","Skim"],"picked":"Seek","floor":11},{"not_picked":["Compile Driver","Cold Snap"],"picked":"Barrage","floor":13},{"not_picked":["Genetic Algorithm","Heatsinks"],"picked":"Rip and Tear","floor":14},{"not_picked":["Multi-Cast","Buffer"],"picked":"Thunder Strike","floor":16},{"not_picked":["Sunder","Gash+1"],"picked":"Ball Lightning","floor":18},{"not_picked":["Hologram","Barrage","Turbo"],"picked":"Singing Bowl","floor":20},{"not_picked":["Hello World","Fission","Doom and Gloom"],"picked":"Singing Bowl","floor":22},{"not_picked":["Gash","Fusion","Beam Cell+1"],"picked":"Singing Bowl","floor":24},{"not_picked":["Steam","Force Field","Lockon"],"picked":"Singing Bowl","floor":27},{"not_picked":["Melter","Gash","Hello World"],"picked":"Singing Bowl","floor":29},{"not_picked":["Beam Cell","Recycle","Consume"],"picked":"Singing Bowl","floor":30},{"not_picked":["Barrage","Stack","Cold Snap"],"picked":"Singing Bowl","floor":31},{"not_picked":["Biased Cognition","All For One"],"picked":"Core Surge","floor":33},{"not_picked":["Barrage","Beam Cell","Doom and Gloom"],"picked":"Singing Bowl","floor":35},{"not_picked":["Redo+1","Hologram","Leap"],"picked":"Singing Bowl","floor":36},{"not_picked":["Compile Driver+1","Beam Cell+1","Ball Lightning+1"],"picked":"Singing Bowl","floor":38},{"not_picked":["Hello World+1","Recycle","Genetic Algorithm"],"picked":"Singing Bowl","floor":41},{"not_picked":["Gash+1","Scrape+1"],"picked":"Reinforced Body","floor":42}],"player_experience":1272483,"relics_obtained":[{"floor":7,"key":"Odd Mushroom"},{"floor":9,"key":"Mercury Hourglass"},{"floor":13,"key":"FossilizedHelix"},{"floor":27,"key":"Pantograph"},{"floor":42,"key":"MealTicket"},{"floor":43,"key":"CeramicFish"}],"event_choices":[{"damage_healed":0,"gold_gain":0,"player_choice":"Donut","damage_taken":0,"max_hp_gain":5,"max_hp_loss":0,"event_name":"Big Fish","floor":2,"gold_loss":0},{"damage_healed":0,"gold_gain":175,"player_choice":"AGREE","damage_taken":0,"max_hp_gain":0,"max_hp_loss":0,"event_name":"Liars Game","floor":4,"gold_loss":0,"cards_obtained":["Doubt"]},{"damage_healed":0,"gold_gain":0,"player_choice":"Fought Mushrooms","damage_taken":0,"max_hp_gain":0,"max_hp_loss":0,"event_name":"Mushrooms","floor":7,"gold_loss":0},{"damage_healed":0,"gold_gain":0,"player_choice":"Shed Blood","damage_taken":21,"max_hp_gain":5,"max_hp_loss":0,"event_name":"Forgotten Altar","floor":21,"gold_loss":0}],"is_beta":false,"boss_relics":[{"not_picked":["Runic Pyramid","Coffee Dripper"],"picked":"Philosopher\u0027s Stone"},{"not_picked":["Runic Dome","Tiny House"],"picked":"Empty Cage"}],"items_purged_floors":[5],"is_endless":false,"potions_floor_spawned":[1,6,7,14,16,18,22,24,29,31,36,42],"killed_by":"3 Darklings","ascension_level":12}}