{"host":"syozzdlzcqop4jia","time":1614211252,"event":{"mods":["AchievementEnabler","BaseMod","Colored Map","Colored Powertips","Minty Spire (QoL Compilation)","Quick Restart"],"gold_per_floor":[16,33,33,52,67,102,102,118,118,132,132,132,154,185,185,280,280,294,310,114,127,146,146,177,177,201,229,229,229,229,229,229],"floor_reached":31,"language":"ENG","playtime":1262,"items_purged":["Strike_B"],"score":339,"play_id":"3b850041-02c6-40de-b75b-986f7456d3b5","local_time":"20210225010052","is_ascension_mode":true,"campfire_choices":[{"data":"Biased Cognition","floor":7,"key":"SMITH"},{"floor":11,"key":"REST"},{"floor":15,"key":"REST"},{"floor":23,"key":"REST"},{"floor":25,"key":"REST"}],"circlet_count":0,"master_deck":["Strike_B+1","Strike_B","Defend_B","Defend_B","Defend_B","Zap","Dualcast","Steam Power","Fission","Coolheaded+1","Ball Lightning","Ball Lightning","Biased Cognition+1","Rebound","Seek","Redo","Defragment","Rainbow","Defragment","Ball Lightning","Defragment","Redo","Conserve Battery+1","Buffer","Ball Lightning"],"relics":["Cracked Core","Blue Candle","Question Card","Odd Mushroom","Meat on the Bone","Inserter","Mummified Hand","PreservedInsect","Ice Cream","TungstenRod"],"acts_visited":["Exordium","TheCity"],"potions_floor_usage":[4,8,21],"damage_taken":[{"damage":0,"enemies":"2 Louse","floor":1,"turns":2},{"damage":0,"enemies":"Cultist","floor":2,"turns":3},{"damage":7,"enemies":"Jaw Worm","floor":4,"turns":3},{"damage":4,"enemies":"Blue Slaver","floor":5,"turns":3},{"damage":12,"enemies":"Gremlin Nob","floor":6,"turns":3},{"damage":18,"enemies":"Large Slime","floor":8,"turns":3},{"damage":11,"enemies":"Looter","floor":10,"turns":3},{"damage":3,"enemies":"The Mushroom Lair","floor":13,"turns":4},{"damage":22,"enemies":"3 Sentries","floor":14,"turns":5},{"damage":21,"enemies":"Hexaghost","floor":16,"turns":7},{"damage":11,"enemies":"Spheric Guardian","floor":18,"turns":3},{"damage":13,"enemies":"Shell Parasite","floor":19,"turns":5},{"damage":43,"enemies":"Snake Plant","floor":21,"turns":3},{"damage":20,"enemies":"Sentry and Sphere","floor":22,"turns":4},{"damage":40,"enemies":"Gremlin Leader","floor":24,"turns":8},{"damage":34,"enemies":"Slavers","floor":27,"turns":3},{"damage":15,"enemies":"Gremlin Leader","floor":31,"turns":3}],"seed_played":"-1407969211889596271","potions_obtained":[{"floor":2,"key":"SteroidPotion"},{"floor":3,"key":"LiquidBronze"},{"floor":3,"key":"FearPotion"},{"floor":8,"key":"Fruit Juice"},{"floor":10,"key":"ColorlessPotion"},{"floor":21,"key":"LiquidMemories"}],"is_trial":false,"path_per_floor":["M","M","?","M","M","E","R","M","T","M","R","?","?","E","R","B",null,"M","M","$","M","M","R","E","R","T","E","?","?","T","E"],"character_chosen":"DEFECT","items_purchased":["Defragment","Redo"],"campfire_rested":4,"item_purchase_floors":[20,20],"current_hp_per_floor":[75,75,75,68,64,52,52,39,39,28,52,36,33,11,35,26,80,69,56,56,25,17,41,13,37,37,15,15,15,15,0,0],"gold":229,"neow_bonus":"TRANSFORM_TWO_CARDS","is_daily":false,"chose_seed":false,"campfire_upgraded":1,"win_rate":0.0,"timestamp":1614211252,"path_taken":["M","M","?","?","M","E","R","M","T","M","R","?","?","E","R","BOSS","M","M","$","M","M","R","E","R","T","E","?","?","?","E"],"items_purchased_type":["Card","Card"],"build_version":"2020-12-22","purchased_purges":1,"victory":false,"max_hp_per_floor":[75,75,75,75,75,75,75,80,80,80,80,80,80,80,80,80,80,80,80,80,80,80,80,80,80,80,80,80,80,80,80,80],"card_choices":[{"not_picked":["Turbo","Aggregate"],"picked":"Coolheaded","floor":1},{"not_picked":["Sweeping Beam","Hologram"],"picked":"Ball Lightning","floor":2},{"not_picked":["Go for the Eyes","Hologram"],"picked":"Ball Lightning","floor":4},{"not_picked":["Steam","Hologram"],"picked":"Biased Cognition","floor":5},{"not_picked":["Gash","Conserve Battery"],"picked":"Rebound","floor":6},{"not_picked":["Steam","Gash"],"picked":"Seek","floor":8},{"not_picked":["Double Energy","Reprogram","Gash","Compile Driver"],"picked":"SKIP","floor":10},{"not_picked":["Barrage","Rip and Tear","Genetic Algorithm"],"picked":"Redo","floor":13},{"not_picked":["Coolheaded","Heatsinks","FTL"],"picked":"Defragment","floor":14},{"not_picked":["Hyperbeam","Core Surge","Machine Learning"],"picked":"Rainbow","floor":16},{"not_picked":["Undo+1","Blizzard","Streamline+1"],"picked":"Defragment","floor":18},{"not_picked":["Coolheaded","Streamline","Beam Cell"],"picked":"Ball Lightning","floor":19},{"not_picked":["Sweeping Beam+1","Compile Driver","FTL"],"picked":"Conserve Battery+1","floor":21},{"not_picked":["Auto Shields","Steam","Blizzard+1"],"picked":"Buffer","floor":22},{"not_picked":["Coolheaded","Leap","Chaos"],"picked":"Ball Lightning","floor":24},{"not_picked":["Beam Cell+1","Darkness","Streamline","FTL"],"picked":"SKIP","floor":27}],"player_experience":734202,"relics_obtained":[{"floor":6,"key":"Blue Candle"},{"floor":9,"key":"Question Card"},{"floor":13,"key":"Odd Mushroom"},{"floor":14,"key":"Meat on the Bone"},{"floor":24,"key":"Mummified Hand"},{"floor":26,"key":"PreservedInsect"},{"floor":27,"key":"Ice Cream"},{"floor":30,"key":"TungstenRod"}],"event_choices":[{"damage_healed":0,"gold_gain":0,"player_choice":"Got Potions","damage_taken":0,"max_hp_gain":0,"max_hp_loss":0,"event_name":"Lab","floor":3,"gold_loss":0},{"damage_healed":0,"gold_gain":0,"player_choice":"Entered Light","damage_taken":16,"max_hp_gain":0,"max_hp_loss":0,"event_name":"Shining Light","floor":12,"gold_loss":0,"cards_upgraded":["Coolheaded","Strike_B"]},{"damage_healed":0,"gold_gain":0,"player_choice":"Fought Mushrooms","damage_taken":0,"max_hp_gain":0,"max_hp_loss":0,"event_name":"Mushrooms","floor":13,"gold_loss":0},{"damage_healed":0,"gold_gain":0,"player_choice":"Ignored","damage_taken":0,"max_hp_gain":0,"max_hp_loss":0,"event_name":"Cursed Tome","floor":28,"gold_loss":0},{"damage_healed":0,"gold_gain":0,"player_choice":"Ignored","damage_taken":0,"max_hp_gain":0,"max_hp_loss":0,"event_name":"The Mausoleum","floor":29,"gold_loss":0}],"is_beta":false,"boss_relics":[{"not_picked":["Pandora\u0027s Box","Fusion Hammer"],"picked":"Inserter"}],"items_purged_floors":[20],"is_endless":false,"potions_floor_spawned":[2,8,10,18,21],"killed_by":"Gremlin Leader","ascension_level":2}}