{"host":"q75fusloz6zmuoth","time":1614249400,"event":{"mods":["BaseMod","Filter the Spire","Minty Spire (QoL Compilation)","Relic Stats","StSLib"],"gold_per_floor":[109,119,119,134,45,45,59,59,139,28,48,73,105,130,130,230,230,248,248,265,265,283,318,417,141,141,141,141,141],"floor_reached":28,"language":"ENG","playtime":911,"items_purged":["Omniscience"],"score":396,"play_id":"021648a1-74f0-4370-85c5-7e592897bc61","local_time":"20210225113640","is_ascension_mode":true,"campfire_choices":[{"floor":6.0,"key":"REST"},{"floor":8.0,"key":"REST"},{"data":"Devotion","floor":15.0,"key":"SMITH"}],"circlet_count":0,"master_deck":["Prostrate+1","Alpha+1","Vengeance+1","Prostrate","Prostrate","Prostrate","Worship","Devotion+1","Conclude","BattleHymn","ForeignInfluence","Prostrate","Evaluate","Brilliance","DeceiveReality","Brilliance","SpiritShield","Tantrum","TalkToTheHand+1","DeceiveReality","DeceiveReality"],"relics":["Astrolabe","Gremlin Horn","Lantern","Thread and Needle","Pandora\u0027s Box","Bag of Preparation","Membership Card","Shuriken"],"acts_visited":["Exordium","TheCity"],"potions_floor_usage":[27,28],"damage_taken":[{"damage":8.0,"enemies":"Jaw Worm","floor":1.0,"turns":3.0},{"damage":30.0,"enemies":"2 Louse","floor":2.0,"turns":3.0},{"damage":9.0,"enemies":"Small Slimes","floor":4.0,"turns":3.0},{"damage":16.0,"enemies":"Exordium Thugs","floor":7.0,"turns":3.0},{"damage":6.0,"enemies":"Large Slime","floor":11.0,"turns":3.0},{"damage":9.0,"enemies":"3 Sentries","floor":12.0,"turns":3.0},{"damage":0.0,"enemies":"Looter","floor":13.0,"turns":1.0},{"damage":0.0,"enemies":"Lagavulin","floor":14.0,"turns":3.0},{"damage":11.0,"enemies":"The Guardian","floor":16.0,"turns":6.0},{"damage":9.0,"enemies":"Shell Parasite","floor":18.0,"turns":4.0},{"damage":10.0,"enemies":"3 Byrds","floor":20.0,"turns":3.0},{"damage":0.0,"enemies":"Snecko","floor":22.0,"turns":4.0},{"damage":20,"enemies":"Book of Stabbing","floor":23,"turns":4},{"damage":0,"enemies":"Snake Plant","floor":27,"turns":2},{"damage":20,"enemies":"Gremlin Leader","floor":28,"turns":2}],"seed_played":"-3945583399023324857","potions_obtained":[{"floor":2.0,"key":"Dexterity Potion"},{"floor":7.0,"key":"LiquidBronze"},{"floor":12.0,"key":"SmokeBomb"},{"floor":16.0,"key":"BottledMiracle"}],"is_trial":false,"path_per_floor":["M","M","?","M","$","R","M","R","T","$","M","E","M","E","R","B",null,"M","?","M","?","M","E","?","$","T","M","E"],"character_chosen":"WATCHER","items_purchased":["Prostrate","Worship","Conclude","BattleHymn","Membership Card","SmokeBomb","DistilledChaos"],"campfire_rested":2,"item_purchase_floors":[5,5,10,10,25,25,25],"current_hp_per_floor":[57,27,13,4,4,25,9,30,30,30,24,15,15,15,15,4,55,46,46,36,23,23,3,3,3,3,3,0,0],"gold":141,"neow_bonus":"BOSS_RELIC","is_daily":false,"chose_seed":false,"campfire_upgraded":1,"win_rate":0.0,"timestamp":1614249400,"path_taken":["M","M","?","M","$","R","M","R","T","$","M","E","M","E","R","BOSS","M","?","M","?","M","E","?","?","T","M","E"],"items_purchased_type":["Card","Card","Card","Card","Relic","Potion","Potion"],"build_version":"2020-12-22","purchased_purges":1,"victory":false,"max_hp_per_floor":[72,72,72,72,72,72,72,72,72,72,72,72,72,72,72,72,72,72,72,72,77,77,77,77,77,77,77,77,77],"relic_stats":{"Gremlin Horn":[6,6],"counters":[15,47],"Shuriken":[2],"Astrolabe":["Prostrate","Alpha","Vengeance"],"Pandora\u0027s Box":["Omniscience","DeceiveReality","Brilliance","Vengeance","SpiritShield","Tantrum"],"Bag of Preparation":[4],"obtain_stats":[{"Lantern":12,"Gremlin Horn":9,"Shuriken":26,"Astrolabe":0,"Thread and Needle":14,"Pandora\u0027s Box":17,"Bag of Preparation":23,"Membership Card":25,"PureWater":0},{"Lantern":6,"Gremlin Horn":4,"Shuriken":13,"Astrolabe":0,"Thread and Needle":8,"Pandora\u0027s Box":9,"Bag of Preparation":13,"Membership Card":13,"PureWater":0},{"Lantern":18,"Gremlin Horn":12,"Shuriken":43,"Astrolabe":0,"Thread and Needle":22,"Pandora\u0027s Box":28,"Bag of Preparation":43,"Membership Card":43,"PureWater":0}]},"card_choices":[{"not_picked":["Protect","MentalFortress","FollowUp"],"picked":"SKIP","floor":1.0},{"not_picked":["FlyingSleeves","Protect"],"picked":"Prostrate","floor":2.0},{"not_picked":["FlyingSleeves","CrushJoints"],"picked":"Prostrate","floor":4.0},{"not_picked":["JustLucky","Crescendo"],"picked":"Devotion","floor":7.0},{"not_picked":["WreathOfFlame","Halt"],"picked":"ForeignInfluence","floor":11.0},{"not_picked":["Protect","WreathOfFlame","FollowUp"],"picked":"SKIP","floor":12.0},{"not_picked":["Crescendo","CrushJoints"],"picked":"Prostrate","floor":13.0},{"not_picked":["ReachHeaven","Meditate"],"picked":"Evaluate","floor":14.0},{"not_picked":["Alpha","Scrawl"],"picked":"Brilliance","floor":16.0},{"not_picked":["Evaluate","CrushJoints"],"picked":"TalkToTheHand+1","floor":18.0},{"not_picked":["JustLucky","Tantrum","EmptyFist+1"],"picked":"SKIP","floor":20.0},{"not_picked":["Fasting2","Wireheading+1","FollowUp"],"picked":"SKIP","floor":22.0},{"not_picked":["SashWhip+1","FollowUp","JustLucky+1"],"picked":"SKIP","floor":23}],"player_experience":676177,"relics_obtained":[{"floor":9.0,"key":"Gremlin Horn"},{"floor":12.0,"key":"Lantern"},{"floor":14.0,"key":"Thread and Needle"},{"floor":23,"key":"Bag of Preparation"},{"floor":26,"key":"Shuriken"}],"event_choices":[{"damage_healed":0.0,"max_hp_gain":0.0,"max_hp_loss":0.0,"gold_gain":0.0,"event_name":"Shining Light","player_choice":"Entered Light","floor":3.0,"gold_loss":0.0,"damage_taken":14.0,"cards_upgraded":["Strike_P","Defend_P"]},{"damage_healed":0.0,"max_hp_gain":0.0,"max_hp_loss":0.0,"gold_gain":0.0,"cards_transformed":["Eruption","Vengeance"],"event_name":"Drug Dealer","player_choice":"Became Test Subject","floor":19.0,"gold_loss":0.0,"damage_taken":0.0,"cards_obtained":["DeceiveReality","DeceiveReality"]},{"damage_healed":0.0,"max_hp_gain":5.0,"max_hp_loss":0.0,"gold_gain":0.0,"event_name":"Forgotten Altar","player_choice":"Shed Blood","floor":21.0,"gold_loss":0.0,"damage_taken":18.0},{"damage_healed":0,"gold_gain":99,"player_choice":"Stole From Cult","damage_taken":0,"max_hp_gain":0,"max_hp_loss":0,"event_name":"Nest","floor":24,"gold_loss":0}],"is_beta":false,"boss_relics":[{"not_picked":["Ectoplasm","Velvet Choker"],"picked":"Pandora\u0027s Box"}],"items_purged_floors":[25],"is_endless":false,"potions_floor_spawned":[2,7,12,16,27],"killed_by":"Gremlin Leader","ascension_level":7}}