{"host":"1hw3ks68c0zl1mxv","time":1614233554,"event":{"mods":["2.2 Compatiblity","Act Like it!","Aspiration","BaseMod","Beaked The Cultist","BetterRewards","Colored Map","Colored Powertips","Conspire","Downfall","Energized Spire","GungeonMod","Halation","Hallownest","Hubris","Infinite Spire","Marisa????????","Mimic Mod","Minty Spire (QoL Compilation)","Quick Restart","Replay The Spire","Shop Mod","StSLib","The Bug Knight","The Construct","The Elementalist","The Necromancer","The Saiyan","The Servant 0.9.4","TheHero"],"gold_per_floor":[111,111,131,306,306,339,339,339,379,379,394,18,18,30,30,129,129,147,165,11,28,28,28,47,63,102,102,119,134,134,147,147,247,247,267,281,307,326,341,371,371,383,417,171,171,186,38,55,55,55],"floor_reached":51,"language":"ENG","playtime":3231,"items_purged":["Doubt","animeID:Bakugo"],"score":858,"play_id":"6b86507d-9831-48c2-9eef-bc0476ddf499","local_time":"20210224231234","is_ascension_mode":false,"campfire_choices":[{"data":"animeID:Deku","floor":8,"key":"SMITH"},{"data":"animeID:Rei","floor":15,"key":"SMITH"},{"data":"animeID:Thirteen","floor":23,"key":"SMITH"},{"data":"animeID:Thirteen","floor":32,"key":"SMITH"},{"data":"animeID:Hawks","floor":41,"key":"SMITH"},{"data":"animeID:Rei","floor":45,"key":"SMITH"},{"data":"animeID:ShootStyle","floor":49,"key":"SMITH"}],"circlet_count":0,"master_deck":["animeID:Deku+1","animeID:Smash+1","animeID:Smash+1","animeID:Smash+1","animeID:Smash+1","animeID:DefendMH","animeID:DefendMH","animeID:DefendMH","animeID:DefendMH","animeID:FullCowl+1","animeID:DelawareSmash","animeID:DetroitDelaware","animeID:Deku+1","animeID:DelawareSmash","animeID:Rei+1","animeID:Rei+1","animeID:RecoveryGirl","animeID:ShootStyle+1","animeID:Thirteen+1","animeID:TodorokiShoto+1","animeID:Thirteen+1","animeID:NightEye+1","animeID:MirioTogata","animeID:Hawks+1"],"relics":["animeID:HeroCostume","Guide Book","Kunai","Replay:Bottled Eggs","DemoMod:ClearGuonStone","Painkiller Herb","Tiny Chest","hubris:FunFungus","Nloth\u0027s Gift","hubris:RunicObelisk","Centennial Puzzle","DemoMod:JetPack","OrangePellets","HollowMod:PaleOreRelic"],"acts_visited":["Exordium","TheCity","TheBeyond"],"potions_floor_usage":[6,21,25,31,40,50,50,50],"damage_taken":[{"damage":10,"enemies":"Jaw Worm","floor":1,"turns":5},{"damage":12,"enemies":"Small Slimes","floor":3,"turns":3},{"damage":36,"enemies":"Lagavulin","floor":6,"turns":8},{"damage":11,"enemies":"conspire:RoseBush","floor":9,"turns":17},{"damage":1,"enemies":"conspire:RoseBush","floor":11,"turns":4},{"damage":0,"enemies":"3 Louse","floor":14,"turns":3},{"damage":18,"enemies":"Fading Forest","floor":16,"turns":11},{"damage":16,"enemies":"3 Byrds","floor":18,"turns":5},{"damage":1,"enemies":"3 Cultists","floor":19,"turns":4},{"damage":0,"enemies":"Snake Plant","floor":21,"turns":2},{"damage":38,"enemies":"Chosen and Byrds","floor":24,"turns":6},{"damage":5,"enemies":"Centurion and Healer","floor":25,"turns":6},{"damage":1,"enemies":"Snecko","floor":26,"turns":6},{"damage":9,"enemies":"Snecko","floor":28,"turns":4},{"damage":7,"enemies":"Sentry and Sphere","floor":29,"turns":6},{"damage":4,"enemies":"Snake Plant","floor":31,"turns":3},{"damage":10,"enemies":"Collector","floor":33,"turns":10},{"damage":18,"enemies":"3 Darklings","floor":35,"turns":6},{"damage":0,"enemies":"Orb Walker","floor":36,"turns":4},{"damage":5,"enemies":"3 Darklings","floor":38,"turns":5},{"damage":2,"enemies":"Sphere and 2 Shapes","floor":39,"turns":4},{"damage":16,"enemies":"beaked:SuperParasite","floor":40,"turns":8},{"damage":5,"enemies":"Writhing Mass","floor":42,"turns":5},{"damage":0,"enemies":"3 Darklings","floor":43,"turns":9},{"damage":0,"enemies":"3 Darklings","floor":46,"turns":5},{"damage":4,"enemies":"Maw","floor":48,"turns":6},{"damage":9,"enemies":"Awakened One","floor":50,"turns":11}],"seed_played":"7074557385931082692","potions_obtained":[{"floor":6,"key":"SteroidPotion"},{"floor":14,"key":"hexamod:SoulburnPotion"},{"floor":21,"key":"sneckomod:MuddlingPotion"},{"floor":24,"key":"SpeedPotion"},{"floor":28,"key":"SkillPotion"},{"floor":35,"key":"Dexterity Potion"},{"floor":40,"key":"champ:CounterPotion"},{"floor":42,"key":"Energy Potion"}],"is_trial":false,"path_per_floor":["M","$","M","?","?","E","?","R","MIM","?","M","$","?","M","R","B",null,"?","?","T","?","T","T","?","?","MIM","?","?","?","?","?","T","B",null,"?","?","T","?","?","E","T","?","MIM","T","T","?","T","?","T","B",null],"character_chosen":"THE_HERO","items_purchased":["animeID:FullCowl","animeID:DelawareSmash","Guide Book","animeID:DetroitDelaware","animeID:Deku","Regen Potion","champ:CounterPotion","DemoMod:ClearGuonStone","Blue Doll","Tiny Chest","OrangePellets","HollowMod:PaleOreRelic"],"campfire_rested":0,"item_purchase_floors":[0,0,0,0,0,0,0,12,12,20,44,47],"current_hp_per_floor":[67,67,57,57,57,39,39,39,38,38,37,37,37,39,39,41,75,67,72,72,75,75,75,39,42,49,74,67,69,69,74,74,75,75,62,72,72,75,75,72,72,75,75,75,75,75,75,75,75,75],"gold":55,"neow_bonus":"","is_daily":false,"chose_seed":false,"campfire_upgraded":7,"win_rate":0.0,"timestamp":1614233554,"path_taken":["M","$","M","?","?","E","?","R","MIM","?","M","$","?","M","R","BOSS","?","?","T","?","T","T","?","?","MIM","?","?","?","?","?","T","BOSS","?","?","?","?","?","E","T","?","MIM","?","T","?","T","?","T","BOSS"],"items_purchased_type":["Card","Card","Relic","Card","Card","Potion","Potion","Relic","Relic","Relic","Relic","Relic"],"build_version":"2020-12-22","purchased_purges":2,"victory":true,"max_hp_per_floor":[75,75,75,75,75,75,75,75,75,75,75,75,75,75,75,75,75,75,75,75,75,75,75,75,75,75,75,75,75,75,75,75,75,75,75,75,75,75,75,75,75,75,75,75,75,75,75,75,75,75],"card_choices":[{"not_picked":["animeID:Mina","animeID:Tsuyu","animeID:Dabi"],"picked":"SKIP","floor":1},{"not_picked":["animeID:DetroitDelaware","animeID:Stain"],"picked":"animeID:DelawareSmash","floor":3},{"not_picked":["animeID:TodorokiShoto","animeID:Uraraka"],"picked":"animeID:Rei","floor":6},{"not_picked":["animeID:TetsuTetsu","animeID:ToruHagakure"],"picked":"animeID:Rei","floor":11},{"not_picked":["animeID:Tsuyu","animeID:TodorokiShoto"],"picked":"animeID:RecoveryGirl","floor":14},{"not_picked":["animeID:ToruHagakure","animeID:GranTorino+1"],"picked":"animeID:ShootStyle","floor":18},{"not_picked":["animeID:HowitzerImpact+1","animeID:Uraraka+1"],"picked":"animeID:Thirteen","floor":19},{"not_picked":["animeID:Momo","animeID:Kaminari","animeID:Mezo"],"picked":"SKIP","floor":21},{"not_picked":["animeID:Mezo","animeID:ToruHagakure","animeID:Tomura"],"picked":"SKIP","floor":24},{"not_picked":["animeID:GranTorino","animeID:Iida"],"picked":"animeID:TodorokiShoto+1","floor":25},{"not_picked":["animeID:Crystallize","animeID:DetroitSmash+1"],"picked":"animeID:Thirteen","floor":26},{"not_picked":["animeID:Iida","animeID:DetroitDelaware+1"],"picked":"animeID:NightEye+1","floor":28},{"not_picked":["animeID:TodorokiShoto","animeID:Tomura","animeID:DelawareSmash"],"picked":"SKIP","floor":29},{"not_picked":["animeID:Tomura","animeID:Tsuyu"],"picked":"animeID:MirioTogata","floor":31},{"not_picked":["animeID:Shigaraki","animeID:Eri"],"picked":"animeID:Hawks","floor":33},{"not_picked":["animeID:Kaminari+1","animeID:USA_Smash","animeID:Aoyama+1"],"picked":"SKIP","floor":35},{"not_picked":["animeID:DetroitSmash","animeID:Tomura+1","animeID:Thirteen"],"picked":"SKIP","floor":36},{"not_picked":["animeID:Mina","animeID:DetroitSmash","animeID:Tengai+1"],"picked":"SKIP","floor":38},{"not_picked":["animeID:Bakugo","animeID:Twice+1","animeID:ToruHagakure+1"],"picked":"SKIP","floor":39},{"not_picked":["animeID:TodorokiShoto","animeID:Rappa+1","animeID:SkinnyGum+1"],"picked":"SKIP","floor":40},{"not_picked":["animeID:Muscular+1","animeID:Hawks","animeID:Mina+1"],"picked":"SKIP","floor":42},{"not_picked":["animeID:Muscular+1","animeID:Hawks","animeID:Mina+1"],"picked":"SKIP","floor":42},{"not_picked":["animeID:SkinnyGum","animeID:Kaminari+1","animeID:Tamaki"],"picked":"SKIP","floor":46},{"not_picked":["animeID:Tsuyu","animeID:DetroitDelaware","animeID:SkinnyGum+1"],"picked":"SKIP","floor":48}],"player_experience":1623036,"relics_obtained":[{"floor":6,"key":"Kunai"},{"floor":9,"key":"Replay:Bottled Eggs"},{"floor":26,"key":"hubris:FunFungus"},{"floor":37,"key":"Centennial Puzzle"},{"floor":40,"key":"DemoMod:JetPack"}],"event_choices":[{"damage_healed":0,"gold_gain":175,"player_choice":"AGREE","damage_taken":0,"max_hp_gain":0,"max_hp_loss":0,"event_name":"Liars Game","floor":4,"gold_loss":0,"cards_obtained":["Doubt"]},{"damage_healed":0,"gold_gain":0,"player_choice":"Disagree","damage_taken":0,"max_hp_gain":0,"max_hp_loss":0,"event_name":"conspire:LoneGhost","floor":7,"gold_loss":0},{"damage_healed":0,"gold_gain":0,"player_choice":"Ignored","damage_taken":0,"max_hp_gain":0,"max_hp_loss":0,"event_name":"Transmorgrifier","floor":13,"gold_loss":0},{"damage_healed":25,"gold_gain":0,"player_choice":"Heal","damage_taken":0,"max_hp_gain":0,"max_hp_loss":0,"event_name":"The Library","floor":27,"gold_loss":0},{"damage_healed":0,"gold_gain":0,"player_choice":"Traded Relic","damage_taken":0,"relics_obtained":["Nloth\u0027s Gift"],"max_hp_gain":0,"max_hp_loss":0,"event_name":"N\u0027loth","floor":30,"relics_lost":["Blue Doll"],"gold_loss":0}],"is_beta":false,"boss_relics":[{"not_picked":["energizedSpire:RedRose","conspire:RunicOctahedron"],"picked":"Painkiller Herb"},{"not_picked":["bronze:MakeshiftBattery","Replay:Wanted Poster"],"picked":"hubris:RunicObelisk"}],"items_purged_floors":[12,44],"is_endless":false,"potions_floor_spawned":[6,14,16,21,24,28,35,38,40,42],"ascension_level":0}}