{"host":"gzz35fplm60aw28t","time":1614261220,"event":{"mods":["AchievementEnabler","BaseMod","Colored Powertips","DeckTracker","Minty Spire (QoL Compilation)","SuperFastMode"],"gold_per_floor":[113,131,141,156,70,102,102,122,169,169,169,169],"floor_reached":11,"language":"ENG","playtime":387,"items_purged":[],"score":75,"play_id":"53c2da1e-3653-486c-988d-7b4132aaa228","local_time":"20210225145340","is_ascension_mode":false,"campfire_choices":[{"data":"BattleHymn","floor":7,"key":"SMITH"},{"data":"Study","floor":10,"key":"SMITH"}],"circlet_count":0,"master_deck":["Strike_P","Strike_P","Strike_P","Strike_P","Defend_P","Defend_P","Defend_P","Defend_P","Eruption","Vigilance","Consecrate","Swivel","Evaluate","Study+1","BattleHymn+1","ThirdEye","CrushJoints"],"relics":["PureWater","NeowsBlessing","Bronze Scales","Toy Ornithopter"],"acts_visited":["Exordium"],"potions_floor_usage":[6,6],"damage_taken":[{"damage":0,"enemies":"Cultist","floor":1,"turns":1},{"damage":0,"enemies":"2 Louse","floor":2,"turns":1},{"damage":0,"enemies":"Small Slimes","floor":3,"turns":1},{"damage":4,"enemies":"Blue Slaver","floor":4,"turns":4},{"damage":29,"enemies":"3 Sentries","floor":6,"turns":4},{"damage":6,"enemies":"Large Slime","floor":8,"turns":5},{"damage":35,"enemies":"Gremlin Nob","floor":11,"turns":3}],"seed_played":"-5354925132503686487","potions_obtained":[{"floor":2,"key":"CultistPotion"},{"floor":4,"key":"SkillPotion"}],"is_trial":false,"path_per_floor":["M","M","M","M","$","E","R","M","T","R","E"],"character_chosen":"WATCHER","items_purchased":["BattleHymn","BlessingOfTheForge"],"campfire_rested":0,"item_purchase_floors":[5,5],"current_hp_per_floor":[72,72,72,68,68,39,39,33,33,33,0,0],"gold":169,"neow_bonus":"THREE_ENEMY_KILL","is_daily":false,"chose_seed":false,"campfire_upgraded":2,"win_rate":0.0,"timestamp":1614261220,"path_taken":["M","M","M","M","?","E","R","M","T","R","E"],"items_purchased_type":["Card","Potion"],"build_version":"2020-12-22","purchased_purges":0,"victory":false,"max_hp_per_floor":[72,72,72,72,72,72,72,72,72,72,72,72],"card_choices":[{"not_picked":["ClearTheMind","EmptyFist"],"picked":"Consecrate","floor":1},{"not_picked":["Adaptation","CrushJoints"],"picked":"Swivel","floor":2},{"not_picked":["BowlingBash","EmptyFist"],"picked":"Evaluate","floor":3},{"not_picked":["JustLucky","Indignation"],"picked":"Study","floor":4},{"not_picked":["CarveReality","BowlingBash"],"picked":"ThirdEye","floor":6},{"not_picked":["JustLucky","Protect"],"picked":"CrushJoints","floor":8}],"player_experience":55709,"relics_obtained":[{"floor":6,"key":"Bronze Scales"},{"floor":9,"key":"Toy Ornithopter"}],"event_choices":[],"is_beta":false,"boss_relics":[],"items_purged_floors":[],"is_endless":false,"potions_floor_spawned":[2,4],"killed_by":"Gremlin Nob","ascension_level":0}}