{"host":"sim2kxx81cjsn49b","time":1614272064,"event":{"mods":["ATMod(阿瑾Mod)","BaseMod","Minty Spire (QoL Compilation)","Reliquary","RumiaBox-露米娅的神秘盒子","StSLib","TestMod","Waifu the Spire","【功能Mod】混沌之环修复补丁"],"gold_per_floor":[119,119,139,139,155,155,155],"floor_reached":6,"language":"ZHS","playtime":110,"items_purged":[],"score":72,"play_id":"e6e1e599-9037-4f1c-bc2d-fecd6862528c","local_time":"20210226005424","is_ascension_mode":true,"campfire_choices":[],"circlet_count":0,"master_deck":["AscendersBane","Strike_B","Strike_B","Strike_B","Strike_B","Defend_B","Defend_B","Defend_B","Defend_B","Zap","Dualcast","AT_OneInchPunch","Recycle","Genetic Algorithm"],"relics":["Cracked Core","testmod-TestBox","AT_ATBox","testmod-EqualTreatment","NeowsBlessing","Baka"],"acts_visited":["Exordium"],"potions_floor_usage":[],"damage_taken":[{"damage":0,"enemies":"Jaw Worm","floor":1,"turns":1},{"damage":0,"enemies":"Cultist","floor":3,"turns":1},{"damage":0,"enemies":"Small Slimes","floor":5,"turns":1},{"damage":66,"enemies":"Gremlin Nob","floor":6,"turns":3}],"seed_played":"-75451666816575965","potions_obtained":[{"floor":1,"key":"Ancient Potion"},{"floor":2,"key":"Ancient Potion"},{"floor":2,"key":"testmod-EscapePotion"}],"is_trial":false,"path_per_floor":["M","?","M","?","M","E"],"character_chosen":"DEFECT","items_purchased":[],"campfire_rested":0,"item_purchase_floors":[],"current_hp_per_floor":[64,64,64,64,64,0,0],"gold":155,"neow_bonus":"THREE_ENEMY_KILL","is_daily":false,"chose_seed":false,"campfire_upgraded":0,"win_rate":0.0,"timestamp":1614272064,"path_taken":["M","?","?","?","M","E"],"items_purchased_type":[],"build_version":"2020-12-22","purchased_purges":0,"victory":false,"max_hp_per_floor":[71,71,71,71,71,71,71],"card_choices":[{"not_picked":["Capacitor","Beam Cell"],"picked":"Recycle","floor":1},{"not_picked":["Cold Snap","Rebound"],"picked":"Genetic Algorithm","floor":3},{"not_picked":["Storm","Steam","Conserve Battery"],"picked":"SKIP","floor":5}],"player_experience":646538,"relics_obtained":[{"floor":1,"key":"Baka"}],"event_choices":[{"damage_healed":0,"gold_gain":0,"player_choice":"Got Potions","damage_taken":0,"max_hp_gain":0,"max_hp_loss":0,"event_name":"Lab","floor":2,"gold_loss":0},{"damage_healed":0,"gold_gain":0,"player_choice":"Ignored","damage_taken":0,"max_hp_gain":0,"max_hp_loss":0,"event_name":"Liars Game","floor":4,"gold_loss":0}],"is_beta":false,"boss_relics":[],"items_purged_floors":[],"is_endless":false,"potions_floor_spawned":[1,3],"killed_by":"Gremlin Nob","ascension_level":20}}