{"host":"bvp2uifzy1c463d9","time":1614225424,"event":{"mods":["AchievementEnabler","BaseMod","Better Note","Block Reminder","Bossed Relics","Colored Map","Colored Powertips","Highlight Path","Hubris","Infinite Spire","Minty Spire (QoL Compilation)","Relic Sorter","Relic Stats","Reliquary","Replay The Spire","StSLib","The Blue Laboratory","Wandering Minibosses"],"gold_per_floor":[15,15,15,35,35,62,62,93,119,119,119,119,148,148,148,247,247,261,277,277,289,19,19,37,37,61,94,94,105,140,140,140,172,172,274,274,306,343,384,184,215,215,259,259,259,303,303,338,338,373,373,373,373],"floor_reached":52,"language":"ENG","playtime":3445,"items_purged":["Strike_G","Strike_G"],"score":1097,"play_id":"4e869a71-80fc-448e-89bc-a90b44876267","local_time":"20210224215704","is_ascension_mode":true,"campfire_choices":[{"data":"Leg Sweep","floor":7,"key":"SMITH"},{"data":"Envenom","floor":10,"key":"SMITH"},{"data":"Blade Dance","floor":12,"key":"SMITH"},{"data":"ReplayTheSpireMod:Scrap Shanks","floor":15,"key":"SMITH"},{"data":"Footwork","floor":23,"key":"SMITH"},{"data":"ReplayTheSpireMod:Shiv Toss","floor":25,"key":"SMITH"},{"floor":28,"key":"REST"},{"floor":34,"key":"REST"},{"data":"Burst","floor":42,"key":"SMITH"},{"data":"Night Terror","floor":44,"key":"SMITH"},{"floor":47,"key":"REST"},{"data":"infinitespire:DeathsTouch","floor":51,"key":"SMITH"}],"circlet_count":0,"master_deck":["Strike_G+1","Defend_G","Defend_G","Defend_G+1","Defend_G","Defend_G","Survivor","Neutralize","Prepared","ReplayTheSpireMod:Shiv Toss+1","Blade Dance+1","Leg Sweep+1","Envenom+1","ReplayTheSpireMod:Scrap Shanks+1","Die Die Die","Calculated Gamble+1","PiercingWail","Flechettes","Footwork+1","Outmaneuver+1","Bane","Hidden Blade","Burst+1","Dagger Throw","Night Terror+1","Underhanded Strike","Fluid Movement","Backflip","Cloak And Dagger","Finisher","Escape Plan","Blur","ReplayTheSpireMod:Scrap Shanks+1","infinitespire:DeathsTouch+1","Noxious Fumes"],"relics":["Ring of the Snake","FossilizedHelix","reliquary:Boomerang","ReplayTheSpireMod:TigerMarble","Lantern","Replay:Baseball","ChewingGum","TheAbacus","reliquary:SharkskinSheath","Art of War","MealTicket","Replay:Ringing Soul","infinitespire:EvilPickle","Astrolabe","wanderingMiniBosses:AbyssPearl","Vajra","Simple Rune","hubris:CrystalStatue","Cursed Key"],"acts_visited":["Exordium","TheCity","TheBeyond"],"potions_floor_usage":[13,21,33,35,39,43,48,52,52,52],"damage_taken":[{"damage":0,"enemies":"Jaw Worm","floor":1,"turns":4},{"damage":0,"enemies":"Cultist","floor":4,"turns":4},{"damage":18,"enemies":"Lagavulin","floor":6,"turns":8},{"damage":15,"enemies":"Replay:BlueRogue","floor":8,"turns":10},{"damage":22,"enemies":"Gremlin Nob","floor":13,"turns":5},{"damage":51,"enemies":"Fading Forest","floor":16,"turns":11},{"damage":12,"enemies":"Shell Parasite","floor":18,"turns":7},{"damage":3,"enemies":"3 Byrds","floor":19,"turns":5},{"damage":0,"enemies":"Snecko","floor":21,"turns":6},{"damage":0,"enemies":"3 Cultists","floor":24,"turns":4},{"damage":36,"enemies":"Gremlin Leader","floor":27,"turns":7},{"damage":0,"enemies":"Centurion and Healer","floor":29,"turns":8},{"damage":4,"enemies":"Nightmare","floor":30,"turns":6},{"damage":42,"enemies":"Book of Stabbing","floor":33,"turns":8},{"damage":11,"enemies":"Pondfish","floor":35,"turns":11},{"damage":10,"enemies":"3 Shapes","floor":37,"turns":6},{"damage":0,"enemies":"Orb Walker","floor":38,"turns":3},{"damage":35,"enemies":"Spire Growth","floor":39,"turns":5},{"damage":10,"enemies":"Writhing Mass","floor":41,"turns":7},{"damage":0,"enemies":"Giant Head","floor":43,"turns":4},{"damage":17,"enemies":"R_Hoarder","floor":46,"turns":6},{"damage":0,"enemies":"Maw","floor":48,"turns":6},{"damage":0,"enemies":"Transient","floor":50,"turns":5},{"damage":65,"enemies":"Time Eater","floor":52,"turns":6}],"seed_played":"-5838101062286084440","potions_obtained":[{"floor":4,"key":"blueLaboratory:FruitPreserves"},{"floor":16,"key":"blueLaboratory:EnragingPotion"},{"floor":19,"key":"blueLaboratory:FrostheartPotion"},{"floor":24,"key":"EntropicBrew"},{"floor":37,"key":"blueLaboratory:BottleOfVodka"},{"floor":41,"key":"blueLaboratory:BottleOfRum"}],"is_trial":false,"path_per_floor":["M","?","$","M","$","E","R","E","T","R","?","R","E","?","R","B",null,"M","M","?","M","$","R","M","R","T","E","R","M","NM","PTL","PTL","E","R","B",null,"M","M","M","$","M","R","E","R","T","E","R","M","AVR","M","R","B"],"character_chosen":"THE_SILENT","items_purchased":["Flechettes","Footwork","TheAbacus","Cloak And Dagger","Finisher"],"campfire_rested":3,"item_purchase_floors":[22,22,22,40,40],"current_hp_per_floor":[63,63,63,63,63,45,45,30,30,30,30,30,35,56,56,15,56,44,41,41,41,41,41,41,41,41,5,26,26,22,22,22,21,42,34,66,59,62,30,48,41,41,44,44,44,27,55,58,61,64,64,0,0],"gold":373,"neow_bonus":"ONE_RARE_RELIC","is_daily":false,"chose_seed":false,"campfire_upgraded":9,"win_rate":0.0,"timestamp":1614225424,"path_taken":["M","?","$","?","$","E","R","E","T","R","?","R","E","?","R","BOSS","M","M","?","M","$","R","M","R","T","E","R","?","NM","PTL","PTL","E","R","BOSS","M","M","M","$","M","R","E","R","T","E","R","M","AVR","M","R","BOSS"],"items_purchased_type":["Card","Card","Relic","Card","Card"],"build_version":"2020-12-22","purchased_purges":2,"victory":false,"max_hp_per_floor":[70,70,70,70,70,70,70,70,70,70,70,70,70,70,70,70,70,70,70,70,70,70,70,70,70,70,70,70,70,70,70,70,73,73,76,76,79,82,85,88,91,91,94,94,94,94,94,97,100,103,103,103,103],"relic_stats":{"TheAbacus":[96],"counters":[24,152],"Astrolabe":[],"MealTicket":15,"Art of War":[2],"Cursed Key":0,"obtain_stats":[{"Lantern":9,"reliquary:Boomerang":6,"hubris:CrystalStatue":49,"Astrolabe":36,"Vajra":43,"wanderingMiniBosses:AbyssPearl":37,"Cursed Key":49,"infinitespire:EvilPickle":35,"Replay:Ringing Soul":33,"Replay:Baseball":13,"TheAbacus":22,"ChewingGum":17,"MealTicket":30,"Simple Rune":46,"ReplayTheSpireMod:TigerMarble":8,"Art of War":27,"FossilizedHelix":0,"Ring of the Snake":0,"reliquary:SharkskinSheath":26},{"Lantern":4,"reliquary:Boomerang":3,"hubris:CrystalStatue":22,"Astrolabe":15,"Vajra":20,"wanderingMiniBosses:AbyssPearl":16,"Cursed Key":22,"infinitespire:EvilPickle":15,"Replay:Ringing Soul":14,"Replay:Baseball":5,"TheAbacus":9,"ChewingGum":6,"MealTicket":13,"Simple Rune":21,"ReplayTheSpireMod:TigerMarble":4,"Art of War":11,"FossilizedHelix":0,"Ring of the Snake":0,"reliquary:SharkskinSheath":10},{"Lantern":26,"reliquary:Boomerang":16,"hubris:CrystalStatue":141,"Astrolabe":104,"Vajra":129,"wanderingMiniBosses:AbyssPearl":110,"Cursed Key":141,"infinitespire:EvilPickle":104,"Replay:Ringing Soul":93,"Replay:Baseball":31,"TheAbacus":60,"ChewingGum":42,"MealTicket":85,"Simple Rune":135,"ReplayTheSpireMod:TigerMarble":26,"Art of War":71,"FossilizedHelix":0,"Ring of the Snake":0,"reliquary:SharkskinSheath":64}],"Ring of the Snake":[48]},"card_choices":[{"not_picked":["hubris:SlightOfHand","Bane"],"picked":"Prepared","floor":1},{"not_picked":["Outmaneuver","ReplayTheSpireMod:Speed Training"],"picked":"Blade Dance","floor":4},{"not_picked":["Fluid Movement","Sucker Punch"],"picked":"Leg Sweep","floor":6},{"not_picked":["Fluid Movement","Skewer"],"picked":"Envenom","floor":8},{"not_picked":["Eviscerate","Quick Slash"],"picked":"ReplayTheSpireMod:Scrap Shanks","floor":13},{"not_picked":["Night Terror","Envenom"],"picked":"Die Die Die","floor":16},{"not_picked":["Outmaneuver","Flying Knee+1"],"picked":"Calculated Gamble+1","floor":18},{"not_picked":["Sucker Punch","Prepared","Calculated Gamble"],"picked":"SKIP","floor":19},{"not_picked":["Sucker Punch","Crippling Poison"],"picked":"PiercingWail","floor":21},{"not_picked":["Deflect","Backstab"],"picked":"Outmaneuver+1","floor":24},{"not_picked":["Masterful Stab","Underhanded Strike"],"picked":"Bane","floor":27},{"not_picked":["Blade Dance","Setup"],"picked":"Hidden Blade","floor":29},{"not_picked":["Heel Hook","hubris:Sniper"],"picked":"Burst","floor":30},{"not_picked":["Skewer","ReplayTheSpireMod:Exploit Weakness"],"picked":"Dagger Throw","floor":33},{"not_picked":["Replay:Bag of Tricks","Die Die Die"],"picked":"Night Terror","floor":35},{"not_picked":["Outmaneuver","Deadly Poison+1"],"picked":"Underhanded Strike","floor":37},{"not_picked":["Cloak And Dagger+1","Masterful Stab"],"picked":"Fluid Movement","floor":38},{"not_picked":["Sucker Punch","Burst"],"picked":"Backflip","floor":39},{"not_picked":["Backflip+1","Blade Dance"],"picked":"Escape Plan","floor":41},{"not_picked":["Poisoned Stab","Calculated Gamble+1"],"picked":"Blur","floor":43},{"not_picked":["Cloak And Dagger+1","Endless Agony+1","Backstab"],"picked":"SKIP","floor":46},{"not_picked":["Outmaneuver+1","PiercingWail"],"picked":"ReplayTheSpireMod:Scrap Shanks+1","floor":48},{"not_picked":["PiercingWail","Bane"],"picked":"Noxious Fumes","floor":50}],"player_experience":286917,"relics_obtained":[{"floor":6,"key":"reliquary:Boomerang"},{"floor":8,"key":"ReplayTheSpireMod:TigerMarble"},{"floor":9,"key":"Lantern"},{"floor":13,"key":"Replay:Baseball"},{"floor":26,"key":"reliquary:SharkskinSheath"},{"floor":27,"key":"Art of War"},{"floor":30,"key":"MealTicket"},{"floor":33,"key":"Replay:Ringing Soul"},{"floor":37,"key":"wanderingMiniBosses:AbyssPearl"},{"floor":43,"key":"Vajra"},{"floor":46,"key":"Simple Rune"}],"event_choices":[{"damage_healed":0,"gold_gain":0,"cards_transformed":["Strike_G"],"player_choice":"Transformed","damage_taken":0,"max_hp_gain":0,"max_hp_loss":0,"event_name":"Transmorgrifier","floor":2,"gold_loss":0,"cards_obtained":["ReplayTheSpireMod:Shiv Toss"]},{"cards_removed":["Strike_G"],"damage_healed":0,"gold_gain":0,"player_choice":"Forget","damage_taken":0,"max_hp_gain":0,"max_hp_loss":0,"event_name":"Living Wall","floor":11,"gold_loss":0},{"damage_healed":0,"gold_gain":0,"player_choice":"Got Potions","damage_taken":0,"max_hp_gain":0,"max_hp_loss":0,"event_name":"Lab","floor":20,"gold_loss":0}],"is_beta":false,"boss_relics":[{"not_picked":["Fusion Hammer","hubris:BlackHole"],"picked":"ChewingGum"},{"not_picked":["reliquary:Ember","hubris:Stopwatch"],"picked":"Astrolabe"}],"items_purged_floors":[40,49],"is_endless":false,"potions_floor_spawned":[4,16,19,24,29,30,37,41,43],"killed_by":"Time Eater","ascension_level":6}}