{"host":"f97mkdti7dx29mjq","time":1614220147,"event":{"mods":["BaseMod","Colored Powertips","Minty Spire (QoL Compilation)","Quick Restart","Rare Cards Sparkle","StSLib"],"gold_per_floor":[112,112,187,202,225,264,264,279,359,359,359],"floor_reached":10,"language":"ENG","playtime":678,"items_purged":[],"score":68,"play_id":"06f149a2-849f-43b0-ba95-aca8507d910a","local_time":"20210224212907","is_ascension_mode":false,"campfire_choices":[{"floor":7,"key":"REST"}],"circlet_count":0,"master_deck":["Strike_P","Strike_P","Strike_P","Strike_P","Defend_P","Defend_P","Defend_P","Defend_P","Eruption","Vigilance","Study","Prostrate","FlurryOfBlows","Prostrate","Halt"],"relics":["PureWater","Golden Idol","GoldenEye","Yang"],"acts_visited":["Exordium"],"potions_floor_usage":[6,6,10],"damage_taken":[{"damage":0,"enemies":"2 Louse","floor":1,"turns":3},{"damage":1,"enemies":"Jaw Worm","floor":4,"turns":5},{"damage":0,"enemies":"Small Slimes","floor":5,"turns":3},{"damage":38,"enemies":"Lagavulin","floor":6,"turns":12},{"damage":24,"enemies":"Exordium Thugs","floor":8,"turns":5},{"damage":14,"enemies":"3 Sentries","floor":10,"turns":4}],"seed_played":"2075098737963397698","potions_obtained":[{"floor":1,"key":"EssenceOfSteel"},{"floor":5,"key":"SneckoOil"},{"floor":8,"key":"Explosive Potion"}],"is_trial":false,"path_per_floor":["M","?","?","M","M","E","R","M","T","E"],"character_chosen":"WATCHER","items_purchased":[],"campfire_rested":1,"item_purchase_floors":[],"current_hp_per_floor":[79,60,49,48,48,10,33,9,9,0,0],"gold":359,"neow_bonus":"TEN_PERCENT_HP_BONUS","is_daily":false,"chose_seed":false,"campfire_upgraded":0,"win_rate":0.0,"timestamp":1614220147,"path_taken":["M","?","?","M","M","E","R","M","T","E"],"items_purchased_type":[],"build_version":"2020-12-22","purchased_purges":0,"victory":false,"max_hp_per_floor":[79,79,79,79,79,79,79,79,79,79,79],"card_choices":[{"not_picked":["ForeignInfluence","LikeWater"],"picked":"Study","floor":1},{"not_picked":["ThirdEye","FollowUp"],"picked":"Prostrate","floor":4},{"not_picked":["Pray","FollowUp"],"picked":"FlurryOfBlows","floor":5},{"not_picked":["Wireheading","FollowUp"],"picked":"Prostrate","floor":6},{"not_picked":["Protect","Conclude"],"picked":"Halt","floor":8}],"player_experience":212564,"relics_obtained":[{"floor":6,"key":"GoldenEye"},{"floor":9,"key":"Yang"}],"event_choices":[{"damage_healed":0,"gold_gain":0,"player_choice":"Take Damage","damage_taken":19,"relics_obtained":["Golden Idol"],"max_hp_gain":0,"max_hp_loss":0,"event_name":"Golden Idol","floor":2,"gold_loss":0},{"damage_healed":0,"gold_gain":75,"player_choice":"Gather Gold","damage_taken":11,"max_hp_gain":0,"max_hp_loss":0,"event_name":"World of Goop","floor":3,"gold_loss":0}],"is_beta":false,"boss_relics":[],"items_purged_floors":[],"is_endless":false,"potions_floor_spawned":[1,5,8],"killed_by":"3 Sentries","ascension_level":0}}