{"host":"d52brwsy6af8zvaq","time":1614218956,"event":{"mods":["AchievementEnabler","BaseMod","Bestiary","Highlight Path","Minty Spire (QoL Compilation)","Quick Restart","Relic Stats","ojb\u0027s Better Paths Mod"],"gold_per_floor":[118,118,130,3,3,31,31,64,64,75,75,90,116,126,126,197,197,208,208,218,218,234,234,261,261,261,261,292,342,257,270,270,270,270],"floor_reached":33,"language":"ENG","playtime":996,"items_purged":["Strike_B"],"score":606,"play_id":"0297cd97-5403-46b3-a2cf-c495ad9c6300","local_time":"20210224190916","is_ascension_mode":true,"campfire_choices":[{"floor":7.0,"key":"REST"},{"floor":11.0,"key":"REST"},{"data":"Streamline","floor":15.0,"key":"SMITH"},{"floor":23,"key":"REST"},{"floor":27,"key":"REST"},{"floor":32,"key":"REST"}],"circlet_count":0,"master_deck":["AscendersBane","Strike_B","Strike_B","Strike_B","Defend_B","Defend_B","Defend_B+1","Defend_B","Zap+1","Dualcast","Gash","Ball Lightning+1","Streamline+1","Beam Cell","Glacier","Leap","Self Repair","Darkness","Electrodynamics","Multi-Cast","Recycle","Chill+1","Gash","Biased Cognition","Stack+1","Cold Snap"],"relics":["Cracked Core","StoneCalendar","Tiny Chest","Torii","Bronze Scales","Nuclear Battery","Bird Faced Urn","Bottled Tornado","Orichalcum","Mummified Hand"],"acts_visited":["Exordium","TheCity"],"potions_floor_usage":[28],"damage_taken":[{"damage":10.0,"enemies":"2 Louse","floor":1.0,"turns":2.0},{"damage":2.0,"enemies":"Jaw Worm","floor":3.0,"turns":3.0},{"damage":15.0,"enemies":"Lagavulin","floor":6.0,"turns":6.0},{"damage":32.0,"enemies":"3 Sentries","floor":8.0,"turns":7.0},{"damage":1.0,"enemies":"Cultist","floor":10.0,"turns":3.0},{"damage":1.0,"enemies":"Blue Slaver","floor":12.0,"turns":3.0},{"damage":60.0,"enemies":"Gremlin Nob","floor":13.0,"turns":5.0},{"damage":7.0,"enemies":"Looter","floor":14.0,"turns":2.0},{"damage":10.0,"enemies":"Hexaghost","floor":16.0,"turns":8.0},{"damage":14.0,"enemies":"Chosen","floor":18.0,"turns":5.0},{"damage":15,"enemies":"Shell Parasite","floor":20,"turns":6},{"damage":25,"enemies":"Chosen and Byrds","floor":22,"turns":6},{"damage":41,"enemies":"Slavers","floor":24,"turns":7},{"damage":39,"enemies":"Book of Stabbing","floor":28,"turns":4},{"damage":10,"enemies":"Snake Plant","floor":31,"turns":5},{"damage":40,"enemies":"Collector","floor":33,"turns":5}],"seed_played":"172845531327803564","potions_obtained":[{"floor":3.0,"key":"Block Potion"},{"floor":8.0,"key":"FairyPotion"},{"floor":14.0,"key":"Strength Potion"},{"floor":16.0,"key":"FairyPotion"},{"floor":22,"key":"Fire Potion"},{"floor":28,"key":"PotionOfCapacity"},{"floor":31,"key":"SpeedPotion"}],"is_trial":false,"path_per_floor":["M","?","M","$","?","E","R","E","T","M","R","M","E","M","R","B",null,"M","?","M","T","M","R","E","?","T","R","E","?","?","M","R","B"],"character_chosen":"DEFECT","items_purchased":["Streamline"],"campfire_rested":5,"item_purchase_floors":[4],"current_hp_per_floor":[61,61,59,59,36,21,44,12,12,11,34,33,30,30,30,27,65,58,58,50,50,32,55,21,24,24,48,11,11,11,12,36,0,0],"gold":270,"neow_bonus":"TEN_PERCENT_HP_BONUS","is_daily":false,"chose_seed":false,"campfire_upgraded":1,"win_rate":0.0,"timestamp":1614218956,"path_taken":["M","?","M","?","?","E","R","E","T","?","R","M","E","M","R","BOSS","M","?","?","?","M","R","E","?","T","R","E","?","?","M","R","BOSS"],"items_purchased_type":["Card"],"build_version":"2020-12-22","purchased_purges":1,"victory":false,"max_hp_per_floor":[78,78,78,78,78,78,78,78,78,78,78,78,78,78,78,78,78,78,78,78,78,78,78,78,83,83,83,83,83,83,83,83,83,83],"relic_stats":{"Torii":33,"counters":[16,77],"Mummified Hand":[4],"Bronze Scales":[203],"Bird Faced Urn":[10],"StoneCalendar":[91],"Tiny Chest":1,"Orichalcum":[18],"obtain_stats":[{"Torii":9,"Mummified Hand":30,"Bronze Scales":13,"Bird Faced Urn":24,"StoneCalendar":6,"Tiny Chest":8,"Bottled Tornado":26,"Orichalcum":28,"Cracked Core":0,"Nuclear Battery":17},{"Torii":4,"Mummified Hand":14,"Bronze Scales":7,"Bird Faced Urn":13,"StoneCalendar":3,"Tiny Chest":4,"Bottled Tornado":13,"Orichalcum":14,"Cracked Core":0,"Nuclear Battery":9},{"Torii":18,"Mummified Hand":67,"Bronze Scales":29,"Bird Faced Urn":63,"StoneCalendar":11,"Tiny Chest":18,"Bottled Tornado":63,"Orichalcum":67,"Cracked Core":0,"Nuclear Battery":39}]},"card_choices":[{"not_picked":["Go for the Eyes","Compile Driver"],"picked":"Gash","floor":1.0},{"not_picked":["Force Field","Undo"],"picked":"Ball Lightning","floor":3.0},{"not_picked":["Redo","Turbo"],"picked":"Beam Cell","floor":6.0},{"not_picked":["Doom and Gloom","Turbo"],"picked":"Glacier","floor":8.0},{"not_picked":["Hologram","Double Energy"],"picked":"Leap","floor":10.0},{"not_picked":["Compile Driver","Lockon"],"picked":"Self Repair","floor":12.0},{"not_picked":["Consume","Recycle"],"picked":"Darkness","floor":13.0},{"not_picked":["Capacitor","Streamline"],"picked":"Electrodynamics","floor":14.0},{"not_picked":["Machine Learning","Buffer"],"picked":"Multi-Cast","floor":16.0},{"not_picked":["Compile Driver","Steam Power"],"picked":"Recycle","floor":18.0},{"not_picked":["Streamline+1","Redo"],"picked":"Chill+1","floor":20},{"not_picked":["Steam","Cold Snap"],"picked":"Gash","floor":22},{"not_picked":["Leap","Genetic Algorithm"],"picked":"Biased Cognition","floor":24},{"not_picked":["Turbo","Rainbow"],"picked":"Stack+1","floor":28},{"not_picked":["Redo","Blizzard"],"picked":"Cold Snap","floor":31}],"player_experience":2365186,"relics_obtained":[{"floor":6.0,"key":"StoneCalendar"},{"floor":8.0,"key":"Tiny Chest"},{"floor":9.0,"key":"Torii"},{"floor":13.0,"key":"Bronze Scales"},{"floor":24,"key":"Bird Faced Urn"},{"floor":26,"key":"Bottled Tornado"},{"floor":28,"key":"Orichalcum"}],"event_choices":[{"damage_healed":0.0,"max_hp_gain":0.0,"max_hp_loss":0.0,"gold_gain":0.0,"event_name":"Living Wall","player_choice":"Grow","floor":2.0,"gold_loss":0.0,"damage_taken":0.0,"cards_upgraded":["Zap"]},{"damage_healed":0.0,"max_hp_gain":0.0,"max_hp_loss":0.0,"gold_gain":0.0,"event_name":"Shining Light","player_choice":"Entered Light","floor":5.0,"gold_loss":0.0,"damage_taken":23.0,"cards_upgraded":["Defend_B","Ball Lightning"]},{"damage_healed":0,"gold_gain":0,"player_choice":"Leave","damage_taken":0,"max_hp_gain":0,"max_hp_loss":0,"event_name":"FaceTrader","floor":19,"gold_loss":0},{"damage_healed":0,"gold_gain":0,"player_choice":"Shed Blood","damage_taken":27,"max_hp_gain":5,"max_hp_loss":0,"event_name":"Forgotten Altar","floor":25,"gold_loss":0},{"damage_healed":0,"gold_gain":50,"player_choice":"Stole From Cult","damage_taken":0,"max_hp_gain":0,"max_hp_loss":0,"event_name":"Nest","floor":29,"gold_loss":0},{"damage_healed":0,"gold_gain":0,"player_choice":"Obtained Relic","damage_taken":0,"relics_obtained":["Mummified Hand"],"max_hp_gain":0,"max_hp_loss":0,"event_name":"Addict","floor":30,"gold_loss":85}],"is_beta":false,"boss_relics":[{"not_picked":["SlaversCollar","Tiny House"],"picked":"Nuclear Battery"}],"items_purged_floors":[4],"is_endless":false,"potions_floor_spawned":[3,8,14,16,20,22,28,31],"killed_by":"Collector","ascension_level":20}}