{"host":"l6t8kvs6xu8ynp71","time":1614247450,"event":{"mods":["BaseMod","Curses Come First","Highlight Path","Minty Spire (QoL Compilation)","Permanent Neow","Relic Stats","StSLib"],"gold_per_floor":[116,132,146,50,50,75,94,94,94,112,112,146,146,175,175,251,251,267,267,141,141,157,157,189,189,215,244,244,134,147,163,163,236,236,251,263,280,280,280,280,310,310,310,310,325,351,363,394,394,394,394],"floor_reached":50,"language":"ENG","playtime":2742,"items_purged":["Strike_G"],"score":1176,"play_id":"3adfa519-296b-48ff-9591-c1e17d3756fc","local_time":"20210225030410","is_ascension_mode":true,"campfire_choices":[{"floor":8,"key":"REST"},{"floor":11,"key":"REST"},{"floor":13,"key":"REST"},{"data":"Accuracy","floor":15,"key":"SMITH"},{"floor":23,"key":"REST"},{"floor":25,"key":"REST"},{"data":"After Image","floor":28,"key":"SMITH"},{"floor":32,"key":"REST"},{"data":"Strike_G","floor":40,"key":"PURGE"},{"data":"Footwork","floor":44,"key":"SMITH"},{"floor":49,"key":"REST"}],"circlet_count":0,"master_deck":["AscendersBane","Defend_G","Defend_G","Defend_G","Defend_G","Survivor","Neutralize","Blade Dance","Accuracy+1","Noxious Fumes","Footwork+1","Blade Dance+1","Backflip","PiercingWail+1","Infinite Blades","Crippling Poison","Cloak And Dagger","After Image+1","Terror+1","Blade Dance","Backflip","Escape Plan","Infinite Blades","Good Instincts","Footwork"],"relics":["Ring of the Snake","Peace Pipe","Orichalcum","Oddly Smooth Stone","Shuriken","Boot","Philosopher\u0027s Stone","Pear","War Paint","Toy Ornithopter","Runic Pyramid","Dream Catcher","Bottled Tornado","HornCleat","Omamori"],"acts_visited":["Exordium","TheCity","TheBeyond"],"potions_floor_usage":[6,12,14,16,30,48],"damage_taken":[{"damage":4,"enemies":"2 Louse","floor":1,"turns":4},{"damage":1,"enemies":"Small Slimes","floor":2,"turns":4},{"damage":2,"enemies":"Jaw Worm","floor":3,"turns":5},{"damage":28,"enemies":"Lagavulin","floor":6,"turns":8},{"damage":4,"enemies":"2 Fungi Beasts","floor":7,"turns":4},{"damage":1,"enemies":"Red Slaver","floor":10,"turns":3},{"damage":20,"enemies":"Gremlin Nob","floor":12,"turns":4},{"damage":12,"enemies":"Lagavulin","floor":14,"turns":6},{"damage":18,"enemies":"Slime Boss","floor":16,"turns":8},{"damage":9,"enemies":"2 Thieves","floor":18,"turns":4},{"damage":11,"enemies":"Shell Parasite","floor":22,"turns":4},{"damage":34,"enemies":"Gremlin Leader","floor":24,"turns":6},{"damage":19,"enemies":"Book of Stabbing","floor":27,"turns":4},{"damage":10,"enemies":"Cultist and Chosen","floor":30,"turns":5},{"damage":7,"enemies":"Chosen and Byrds","floor":31,"turns":4},{"damage":30,"enemies":"Champ","floor":33,"turns":8},{"damage":18,"enemies":"3 Darklings","floor":35,"turns":4},{"damage":2,"enemies":"Orb Walker","floor":36,"turns":4},{"damage":3,"enemies":"Writhing Mass","floor":37,"turns":6},{"damage":1,"enemies":"Giant Head","floor":41,"turns":5},{"damage":0,"enemies":"Transient","floor":45,"turns":6},{"damage":8,"enemies":"Nemesis","floor":46,"turns":6},{"damage":0,"enemies":"Maw","floor":47,"turns":6},{"damage":14,"enemies":"Reptomancer","floor":48,"turns":5},{"damage":50,"enemies":"Time Eater","floor":50,"turns":6}],"seed_played":"3818644116409384944","potions_obtained":[{"floor":3,"key":"Swift Potion"},{"floor":6,"key":"SteroidPotion"},{"floor":7,"key":"LiquidMemories"},{"floor":12,"key":"Fruit Juice"},{"floor":14,"key":"AttackPotion"},{"floor":24,"key":"Weak Potion"},{"floor":31,"key":"SmokeBomb"},{"floor":35,"key":"Poison Potion"}],"is_trial":false,"path_per_floor":["M","M","M","$","?","E","M","R","T","M","R","E","R","E","R","B",null,"M","?","$","?","M","R","E","R","T","E","R","?","M","M","R","B",null,"M","M","M","?","?","R","E","?","T","R","M","E","M","E","R","B"],"character_chosen":"THE_SILENT","items_purchased":["Footwork","Blade Dance","Backflip"],"campfire_rested":7,"item_purchase_floors":[4,4,20],"current_hp_per_floor":[40,39,37,37,37,9,5,24,24,23,42,22,41,34,34,16,57,48,48,48,48,37,58,34,58,58,39,39,39,34,27,51,21,66,48,46,43,43,43,43,42,42,42,42,42,34,34,25,49,0,0],"gold":394,"neow_bonus":"ONE_RARE_RELIC","is_daily":false,"chose_seed":false,"campfire_upgraded":3,"win_rate":0.0,"timestamp":1614247450,"path_taken":["M","M","M","$","?","E","M","R","T","M","R","E","R","E","R","BOSS","M","?","$","?","M","R","E","R","T","E","R","?","?","M","R","BOSS","M","M","M","?","?","R","E","?","T","R","M","E","M","E","R","BOSS"],"items_purchased_type":["Card","Card","Card"],"build_version":"2020-12-22","purchased_purges":1,"victory":false,"max_hp_per_floor":[66,66,66,66,66,66,66,66,66,66,66,66,66,71,71,71,71,71,71,71,71,71,71,81,81,81,81,81,81,81,81,81,81,81,81,81,81,81,81,81,81,81,81,81,81,81,81,81,81,81,81],"relic_stats":{"Peace Pipe":1,"Dream Catcher":1,"counters":[25,129],"Shuriken":[83],"Orichalcum":[54],"War Paint":["Blade Dance","PiercingWail"],"Boot":[76],"obtain_stats":[{"Pear":24,"Oddly Smooth Stone":9,"Omamori":48,"Orichalcum":6,"War Paint":26,"Bottled Tornado":43,"Boot":14,"Peace Pipe":0,"Dream Catcher":41,"HornCleat":46,"Shuriken":12,"Philosopher\u0027s Stone":17,"Toy Ornithopter":27,"Ring of the Snake":0,"Runic Pyramid":34},{"Pear":12,"Oddly Smooth Stone":5,"Omamori":24,"Orichalcum":4,"War Paint":12,"Bottled Tornado":20,"Boot":8,"Peace Pipe":0,"Dream Catcher":20,"HornCleat":22,"Shuriken":7,"Philosopher\u0027s Stone":9,"Toy Ornithopter":13,"Ring of the Snake":0,"Runic Pyramid":16},{"Pear":60,"Oddly Smooth Stone":25,"Omamori":123,"Orichalcum":21,"War Paint":60,"Bottled Tornado":100,"Boot":38,"Peace Pipe":0,"Dream Catcher":100,"HornCleat":112,"Shuriken":32,"Philosopher\u0027s Stone":46,"Toy Ornithopter":64,"Ring of the Snake":0,"Runic Pyramid":81}],"Toy Ornithopter":10,"Ring of the Snake":[50]},"card_choices":[{"not_picked":["Deadly Poison","Accuracy"],"picked":"Blade Dance","floor":1},{"not_picked":["Bane","Terror"],"picked":"Accuracy","floor":2},{"not_picked":["Masterful Stab","Flechettes"],"picked":"Noxious Fumes","floor":3},{"not_picked":["Prepared","Setup"],"picked":"Backflip","floor":6},{"not_picked":["Poisoned Stab","Bane"],"picked":"PiercingWail","floor":7},{"not_picked":["Calculated Gamble","Underhanded Strike"],"picked":"Infinite Blades","floor":10},{"not_picked":["Noxious Fumes","Calculated Gamble"],"picked":"Crippling Poison","floor":12},{"not_picked":["Doppelganger","Reflex"],"picked":"Cloak And Dagger","floor":14},{"not_picked":["Die Die Die","Grand Finale"],"picked":"After Image","floor":16},{"not_picked":["Underhanded Strike","Dagger Throw","Expertise"],"picked":"SKIP","floor":18},{"not_picked":["Slice","Quick Slash","Grand Finale"],"picked":"SKIP","floor":22},{"not_picked":["Eviscerate","Flying Knee","Slice"],"picked":"SKIP","floor":24},{"not_picked":["Accuracy","Bouncing Flask"],"picked":"Escape Plan","floor":27},{"not_picked":["Expertise","Concentrate","Predator"],"picked":"SKIP","floor":30},{"not_picked":["Dagger Spray","Expertise"],"picked":"Infinite Blades","floor":31},{"not_picked":["Dagger Throw+1","Blade Dance","Sucker Punch"],"picked":"SKIP","floor":35},{"not_picked":["Finisher","Expertise+1","Deadly Poison"],"picked":"SKIP","floor":36},{"not_picked":["Backflip+1","Slice","Outmaneuver+1"],"picked":"SKIP","floor":37},{"not_picked":["Blind","Panacea"],"picked":"Good Instincts","floor":38},{"not_picked":["Corpse Explosion","Catalyst","Masterful Stab+1"],"picked":"SKIP","floor":41},{"not_picked":["Backstab","Endless Agony","Blade Dance+1"],"picked":"SKIP","floor":45},{"not_picked":["Deadly Poison","Distraction+1"],"picked":"Footwork","floor":46},{"not_picked":["Underhanded Strike+1","Escape Plan","Slice+1"],"picked":"SKIP","floor":47},{"not_picked":["Tools of the Trade","Endless Agony+1","Distraction"],"picked":"SKIP","floor":48}],"player_experience":1536290,"relics_obtained":[{"floor":6,"key":"Orichalcum"},{"floor":9,"key":"Oddly Smooth Stone"},{"floor":12,"key":"Shuriken"},{"floor":14,"key":"Boot"},{"floor":24,"key":"Pear"},{"floor":26,"key":"War Paint"},{"floor":27,"key":"Toy Ornithopter"},{"floor":41,"key":"Dream Catcher"},{"floor":43,"key":"Bottled Tornado"},{"floor":46,"key":"HornCleat"},{"floor":48,"key":"Omamori"}],"event_choices":[{"damage_healed":0,"gold_gain":0,"player_choice":"Ignored","damage_taken":0,"max_hp_gain":0,"max_hp_loss":0,"event_name":"Liars Game","floor":5,"gold_loss":0},{"damage_healed":0,"gold_gain":0,"cards_transformed":["Strike_G","Strike_G"],"player_choice":"Became Test Subject","damage_taken":0,"max_hp_gain":0,"max_hp_loss":0,"event_name":"Drug Dealer","floor":19,"gold_loss":0,"cards_obtained":["Terror","Blade Dance"]},{"damage_healed":0,"gold_gain":0,"player_choice":"Ignored","damage_taken":0,"max_hp_gain":0,"max_hp_loss":0,"event_name":"The Mausoleum","floor":21,"gold_loss":0},{"cards_removed":["Strike_G"],"damage_healed":0,"gold_gain":0,"player_choice":"Upgrade and Remove","damage_taken":0,"max_hp_gain":0,"max_hp_loss":0,"event_name":"Designer","floor":29,"gold_loss":110,"cards_upgraded":["Terror"]},{"damage_healed":0,"gold_gain":0,"player_choice":"Memory 1","damage_taken":0,"max_hp_gain":0,"max_hp_loss":0,"event_name":"SensoryStone","floor":38,"gold_loss":0},{"damage_healed":0,"gold_gain":0,"player_choice":"Ignored","damage_taken":0,"max_hp_gain":0,"max_hp_loss":0,"event_name":"Tomb of Lord Red Mask","floor":39,"gold_loss":0},{"cards_removed":["Defend_G"],"damage_healed":0,"gold_gain":0,"player_choice":"Purged","damage_taken":0,"max_hp_gain":0,"max_hp_loss":0,"event_name":"Purifier","floor":42,"gold_loss":0}],"is_beta":false,"boss_relics":[{"not_picked":["Astrolabe","Calling Bell"],"picked":"Philosopher\u0027s Stone"},{"not_picked":["Coffee Dripper","HoveringKite"],"picked":"Runic Pyramid"}],"items_purged_floors":[20],"is_endless":false,"potions_floor_spawned":[3,6,7,12,14,24,31,35,37,41,47],"killed_by":"Time Eater","ascension_level":20}}