{"host":"kzk3jxgl97km4m18","time":1614223901,"event":{"mods":["BaseMod","Colored Map","Minty Spire (QoL Compilation)"],"gold_per_floor":[113,123,123,123,135,135,164,183,253,271,271,271],"floor_reached":11,"language":"ENG","playtime":531,"items_purged":[],"score":79,"play_id":"5ac3faf3-f40e-49dc-bc17-26d53c5abed0","local_time":"20210224223141","is_ascension_mode":true,"campfire_choices":[{"data":"Caltrops","floor":6,"key":"SMITH"}],"circlet_count":0,"master_deck":["Strike_G","Strike_G","Strike_G","Strike_G","Strike_G","Defend_G","Defend_G","Defend_G","Defend_G","Defend_G","Survivor","Neutralize","Caltrops+1","Slice","Pain","Dodge and Roll","Backstab","Backstab","Sucker Punch"],"relics":["Ring of the Snake","NeowsBlessing","WarpedTongs","Thread and Needle","Paper Crane"],"acts_visited":["Exordium"],"potions_floor_usage":[7],"damage_taken":[{"damage":0,"enemies":"Small Slimes","floor":1,"turns":1},{"damage":0,"enemies":"Jaw Worm","floor":2,"turns":1},{"damage":1,"enemies":"Cultist","floor":5,"turns":1},{"damage":57,"enemies":"Gremlin Nob","floor":7,"turns":6},{"damage":2,"enemies":"Lots of Slimes","floor":8,"turns":3},{"damage":6,"enemies":"Looter","floor":10,"turns":2},{"damage":4,"enemies":"Lagavulin","floor":11,"turns":3}],"seed_played":"6703494150179864060","potions_obtained":[{"floor":1,"key":"ColorlessPotion"},{"floor":2,"key":"SmokeBomb"},{"floor":5,"key":"Dexterity Potion"}],"is_trial":false,"path_per_floor":["M","M","?","?","M","R","E","M","T","M","E"],"character_chosen":"THE_SILENT","items_purchased":[],"campfire_rested":0,"item_purchase_floors":[],"current_hp_per_floor":[70,70,70,70,69,69,12,10,10,4,0,0],"gold":271,"neow_bonus":"THREE_ENEMY_KILL","is_daily":false,"chose_seed":false,"campfire_upgraded":1,"win_rate":0.0,"timestamp":1614223901,"path_taken":["M","M","?","?","M","R","E","?","T","M","E"],"items_purchased_type":[],"build_version":"2020-12-22","purchased_purges":0,"victory":false,"max_hp_per_floor":[70,70,70,70,70,70,70,70,70,70,70,70],"card_choices":[{"not_picked":["Leg Sweep","Flechettes"],"picked":"Caltrops","floor":1},{"not_picked":["Dagger Throw","Flying Knee"],"picked":"Slice","floor":2},{"not_picked":["Catalyst","Terror"],"picked":"Dodge and Roll","floor":5},{"not_picked":["Underhanded Strike","Predator"],"picked":"Backstab","floor":7},{"not_picked":["Acrobatics","Predator"],"picked":"Backstab","floor":8},{"not_picked":["Escape Plan","Dagger Spray"],"picked":"Sucker Punch","floor":10}],"player_experience":168790,"relics_obtained":[{"floor":7,"key":"Thread and Needle"},{"floor":9,"key":"Paper Crane"}],"event_choices":[{"damage_healed":0,"gold_gain":0,"player_choice":"Ignored","damage_taken":0,"max_hp_gain":0,"max_hp_loss":0,"event_name":"Liars Game","floor":3,"gold_loss":0},{"damage_healed":0,"gold_gain":0,"player_choice":"Rummage","damage_taken":0,"relics_obtained":["WarpedTongs"],"max_hp_gain":0,"max_hp_loss":0,"event_name":"Accursed Blacksmith","floor":4,"gold_loss":0,"cards_obtained":["Pain"]}],"is_beta":false,"boss_relics":[],"items_purged_floors":[],"is_endless":false,"potions_floor_spawned":[1,2,5],"killed_by":"Lagavulin","ascension_level":1}}