{"host":"71mgpozmht821pzh","time":1614214107,"event":{"mods":["BaseMod","Downfall","Minty Spire (QoL Compilation)","Replay The Spire","StSLib"],"gold_per_floor":[156,204,249,294,336,414,414,459,482,482,578,578,653,692,692,992,992,1022,1022,513,570,615,708,708,415,415,765,765,765,801,888,888,1182,1182,1236,1236,1392,130,172,286,0,99,99,108,171,171,237,270,288,288,288,288,17,140,140],"floor_reached":56,"language":"ENG","playtime":9858,"items_purged":[],"score":1842,"play_id":"db6ac5de-a16f-4eab-aba9-1aa3b839aef3","local_time":"20210224184827","daily_mods":["Hoarder","Midas"],"is_ascension_mode":false,"campfire_choices":[{"floor":15.0,"key":"RECALL"},{"floor":24.0,"key":"REST"},{"data":"1","floor":46,"key":"LIFT"},{"data":"2","floor":52,"key":"LIFT"}],"circlet_count":0,"master_deck":["Slimebound:Strike_Slimebound","Slimebound:Strike_Slimebound","Slimebound:Tackle","Slimebound:Defend_Slimebound","Slimebound:Defend_Slimebound","Slimebound:Defend_Slimebound","Slimebound:Defend_Slimebound+1","Slimebound:Split","Slimebound:CorrosiveSpit","Slimebound:Schlurp","Slimebound:Schlurp","Slimebound:Schlurp","Slimebound:FormOfPuddle","Slimebound:FormOfPuddle","Slimebound:FormOfPuddle","Slimebound:ItLooksTasty","Slimebound:ItLooksTasty","Slimebound:ItLooksTasty","Slimebound:SplitAcid","Slimebound:SplitAcid+1","Slimebound:SplitAcid","Slimebound:MassFeed","Slimebound:MassFeed","Slimebound:MassFeed","Slimebound:GoopSpray","Slimebound:GoopSpray","Slimebound:GoopSpray","Slimebound:OneTwoCombo","Slimebound:OneTwoCombo","Slimebound:OneTwoCombo","Slimebound:ItLooksTasty","Slimebound:ItLooksTasty","Slimebound:ItLooksTasty","Slimebound:FormOfPuddle","Slimebound:FormOfPuddle","Slimebound:FormOfPuddle","Slimebound:Repurpose","Slimebound:Repurpose","Slimebound:Repurpose","Slimebound:RallyTheTroops","Slimebound:RallyTheTroops","Slimebound:RallyTheTroops","Slimebound:SplitMire","Slimebound:SplitMire","Slimebound:SplitMire","Slimebound:SplitSpecialist","Slimebound:SplitSpecialist","Slimebound:SplitSpecialist","Panache","Panache","Panache","Specialist","Specialist","Specialist","Slimebound:Prepare","Slimebound:Prepare","Slimebound:Prepare","Slimebound:Gluttony+1","Slimebound:Gluttony+1","Slimebound:Gluttony+1","Slimebound:Prepare","Slimebound:Prepare","Slimebound:Prepare","Slimebound:SpikyOuterGoop","Slimebound:SpikyOuterGoop","Slimebound:SpikyOuterGoop","Master of Strategy","Master of Strategy","Master of Strategy","Delirium","Delirium","Delirium","Replay:Hysterical Blindness","Replay:Hysterical Blindness","Replay:Hysterical Blindness","Parasite","Parasite","Parasite","Slimebound:LivingWall","Slimebound:LivingWall","Slimebound:LivingWall","Languid","Languid","Languid","Slimebound:Darklings","Slimebound:Darklings","Slimebound:Darklings","Regret","Regret","Regret","Injury","Injury","Injury","Slimebound:TagTeam","Slimebound:TagTeam","Slimebound:TagTeam","Slimebound:LivingWall","Slimebound:LivingWall","Slimebound:LivingWall","Secret Technique","Secret Technique","Secret Technique","Panacea","Panacea","Panacea","ReplayTheSpireMod:Brewmster","ReplayTheSpireMod:Brewmster","ReplayTheSpireMod:Brewmster","Clumsy","Clumsy","Clumsy","Slimebound:Recollect","Slimebound:Recollect","Slimebound:Recollect","Slimebound:LevelUp","Slimebound:LevelUp","Slimebound:LevelUp","Slimebound:WasteNot","Slimebound:WasteNot","Slimebound:WasteNot","Decay","Decay","Decay","Slimebound:Equalize","Slimebound:Equalize","Slimebound:Equalize","Languid","Languid","Languid","Slimebound:LevelUp+1","Slimebound:LevelUp+1","Slimebound:LevelUp+1","downfall:Haunted","downfall:Haunted","downfall:Haunted","downfall:Haunted","downfall:Haunted","downfall:Haunted","Injury","Injury","Injury","Slimebound:HauntingLick+1","Slimebound:HauntingLick+1","Slimebound:HauntingLick+1"],"relics":["Garlic","War Paint","PreservedInsect","m_BurningSludge","Happy Flower","Oddly Smooth Stone","ChewingGum","Membership Card","Lantern","Toy Ornithopter","Slimebound:MaxSlimesRelic","HandDrill","Ring of Greed","The Courier","Ring of Fangs","Old Coin","Nloth\u0027s Gift","Orichalcum","sneckomod:SneckoTalon","Ginger","CeramicFish","Blue Candle","Replay:Rubber Ducky","bronze:DonusWashers","Eternal Feather","Girya","Regal Pillow","Dream Catcher","bronze:BronzeIdol","Ancient Tea Set","Bottled Lightning","InkBottle","Pet Ghost","ReplayTheSpireMod:TigerMarble","Omamori","Slimebound:AggressiveSlimeRelic","ReplayFunnel","Potion Belt","Snack Pack","Replay:Mystery Machine","Art of War","MealTicket","BranchBurnRelic","Darkstone Periapt","HornCleat","TungstenRod","Strawberry","Calipers"],"acts_visited":["Exordium","TheCity","TheBeyond","TheEnding"],"potions_floor_usage":[45,50,54,55,55,55,55,55,55,55,55],"damage_taken":[{"damage":3.0,"enemies":"2 Louse","floor":1.0,"turns":2.0},{"damage":1.0,"enemies":"Jaw Worm","floor":2.0,"turns":3.0},{"damage":0.0,"enemies":"Small Slimes","floor":3.0,"turns":2.0},{"damage":0.0,"enemies":"Exordium Thugs","floor":4.0,"turns":4.0},{"damage":1.0,"enemies":"Looter","floor":5.0,"turns":4.0},{"damage":11.0,"enemies":"Lagavulin","floor":6.0,"turns":7.0},{"damage":0.0,"enemies":"2 Fungi Beasts","floor":8.0,"turns":2.0},{"damage":14.0,"enemies":"Gremlin Nob","floor":11.0,"turns":4.0},{"damage":4.0,"enemies":"Lagavulin","floor":13.0,"turns":6.0},{"damage":1.0,"enemies":"Large Slime","floor":14.0,"turns":5.0},{"damage":7.0,"enemies":"The Guardian","floor":16.0,"turns":11.0},{"damage":8.0,"enemies":"2 Thieves","floor":18.0,"turns":2.0},{"damage":2.0,"enemies":"Shell Parasite","floor":21.0,"turns":5.0},{"damage":14.0,"enemies":"Shelled Parasite and Fungi","floor":22.0,"turns":6.0},{"damage":0.0,"enemies":"Book of Stabbing","floor":23.0,"turns":5.0},{"damage":2.0,"enemies":"Chosen and Byrds","floor":30.0,"turns":6.0},{"damage":9.0,"enemies":"Gremlin Leader","floor":31.0,"turns":6.0},{"damage":0.0,"enemies":"Collector","floor":33.0,"turns":8.0},{"damage":15.0,"enemies":"3 Darklings","floor":35.0,"turns":5.0},{"damage":38.0,"enemies":"2 Orb Walkers","floor":37.0,"turns":4.0},{"damage":2,"enemies":"3 Shapes","floor":39,"turns":3},{"damage":4,"enemies":"Giant Head","floor":40,"turns":7},{"damage":8,"enemies":"Nemesis","floor":42,"turns":7},{"damage":8,"enemies":"Sphere and 2 Shapes","floor":45,"turns":4},{"damage":14,"enemies":"Writhing Mass","floor":47,"turns":5},{"damage":1,"enemies":"Maw","floor":48,"turns":6},{"damage":14,"enemies":"Donu and Deca","floor":50,"turns":8},{"damage":0,"enemies":"Shield and Spear","floor":54,"turns":5},{"damage":7,"enemies":"The Heart","floor":55,"turns":7}],"seed_played":"-8332089797946986942","potions_obtained":[{"floor":3.0,"key":"SkillPotion"},{"floor":4.0,"key":"SpeedPotion"},{"floor":6.0,"key":"Weak Potion"},{"floor":13.0,"key":"LifebloodPotion"},{"floor":16.0,"key":"Elixir"},{"floor":32.0,"key":"Elixir"},{"floor":32.0,"key":"Cursed Concoction"},{"floor":37.0,"key":"PowerPotion"},{"floor":39,"key":"bronze:BurnAndBuffPotion"},{"floor":40,"key":"Slimebound:SlimedPotion"}],"is_trial":true,"path_per_floor":["M","M","M","M","M","E","?","M","T","?","E","?","E","M","R","B",null,"M","?","$","M","M","E","R","$","T","?","?","?","M","E","R","B",null,"M","?","?","$","M","E","$","E","T","?","M","R","M","M","R","B",null,"R","$","E","B",null],"character_chosen":"SLIMEBOUND","items_purchased":["Membership Card","Lantern","Juzu Bracelet","Slimebound:SplitSpecialist","Panache","Specialist","Slimebound:Prepare","Slimebound:MaxSlimesRelic","HandDrill","Master of Strategy","CeramicFish","Blue Candle","Replay:Rubber Ducky","bronze:DonusWashers","Eternal Feather","Slimebound:LevelUp","Girya","Regal Pillow","Dream Catcher","bronze:BronzeIdol","Ancient Tea Set","Bottled Lightning","InkBottle","Pet Ghost","ReplayTheSpireMod:TigerMarble","Omamori","Slimebound:AggressiveSlimeRelic","ReplayFunnel","Snack Pack","Replay:Mystery Machine","Dead Branch","HornCleat","TungstenRod","Strawberry"],"campfire_rested":1,"item_purchase_floors":[20,20,20,20,20,20,20,25,25,25,38,38,38,38,38,38,38,38,38,38,38,38,38,38,38,38,38,38,41,41,41,53,53,53],"current_hp_per_floor":[64,65,65,65,65,58,58,66,66,66,61,61,64,73,73,75,86,86,86,86,93,88,94,98,98,98,98,98,98,98,97,97,98,98,94,84,55,55,67,71,71,73,73,73,83,110,113,113,149,149,149,149,156,177,177],"gold":140,"neow_bonus":"","is_daily":false,"chose_seed":false,"campfire_upgraded":0,"win_rate":0.0,"timestamp":1614214107,"path_taken":["M","M","M","M","M","E","?","M","T","?","E","?","E","?","R","BOSS","M","?","$","M","M","E","R","$","T","?","?","?","?","E","R","BOSS","M","?","?","$","M","E","$","E","T","?","?","R","?","M","R","BOSS","R","$","E","BOSS"],"items_purchased_type":["Relic","Relic","Relic","Card","Card","Card","Card","Relic","Relic","Card","Relic","Relic","Relic","Relic","Relic","Card","Relic","Relic","Relic","Relic","Relic","Relic","Relic","Relic","Relic","Relic","Relic","Relic","Relic","Relic","Relic","Relic","Relic","Relic"],"build_version":"2020-12-22","purchased_purges":0,"victory":true,"max_hp_per_floor":[65,65,65,65,65,65,65,71,71,71,74,74,77,83,83,86,86,92,92,92,95,98,98,98,98,98,98,98,98,98,98,98,98,98,101,101,101,101,107,107,107,107,107,107,110,110,113,113,149,149,149,149,156,177,177],"card_choices":[{"not_picked":["Slimebound:RollThrough","Slimebound:GoopTackle"],"picked":"Slimebound:Schlurp","floor":1.0},{"not_picked":["Slimebound:HauntingLick","Slimebound:DivideAndConquer","Slimebound:ForwardTackle"],"picked":"SKIP","floor":2.0},{"not_picked":["Slimebound:Repurpose","Slimebound:ProtectTheBoss"],"picked":"Slimebound:FormOfPuddle","floor":3.0},{"not_picked":["Slimebound:SelfFormingGoo","Slimebound:PressTheAttack"],"picked":"Slimebound:ItLooksTasty","floor":4.0},{"not_picked":["Slimebound:Grow","Slimebound:SlimeSpikes"],"picked":"Slimebound:SplitAcid","floor":5.0},{"not_picked":["Slimebound:LeechLife","Slimebound:RejuvenatingLick"],"picked":"Slimebound:MassFeed","floor":6.0},{"not_picked":["Slimebound:Schlurp","Slimebound:Chomp"],"picked":"Slimebound:GoopSpray","floor":8.0},{"not_picked":["Slimebound:Grow","Slimebound:ViciousTackle"],"picked":"Slimebound:OneTwoCombo","floor":11.0},{"not_picked":["Slimebound:Schlurp","Slimebound:SamplingLick"],"picked":"Slimebound:FormOfPuddle","floor":13.0},{"not_picked":["Slimebound:RainOfGoop","Slimebound:ProtectTheBoss"],"picked":"Slimebound:Repurpose","floor":14.0},{"not_picked":["Slimebound:DouseInSlime","Slimebound:OozeBath"],"picked":"Slimebound:RallyTheTroops","floor":16.0},{"not_picked":["Slimebound:HauntingLick","Slimebound:LevelUp"],"picked":"Slimebound:SplitMire","floor":18.0},{"not_picked":["Slimebound:RollThrough","Slimebound:SplitBruiser"],"picked":"Slimebound:Gluttony+1","floor":21.0},{"not_picked":["Slimebound:Nibble","Slimebound:PressTheAttack"],"picked":"Slimebound:Prepare","floor":22.0},{"not_picked":["Slimebound:LeechEnergy+1","Slimebound:PressTheAttack+1"],"picked":"Slimebound:SpikyOuterGoop","floor":23.0},{"not_picked":["Slimebound:GrowthPunch+1","Slimebound:LivingWall","Slimebound:ComboTackle"],"picked":"SKIP","floor":30.0},{"not_picked":["Slimebound:GrowthPunch+1","Slimebound:ComboTackle"],"picked":"Slimebound:LivingWall","floor":30.0},{"not_picked":["Slimebound:LivingWall","Slimebound:SlimeSpikes+1"],"picked":"Slimebound:Darklings","floor":31.0},{"not_picked":["Slimebound:PrepareCrush","Slimebound:SelfFormingGoo"],"picked":"Slimebound:TagTeam","floor":33.0},{"not_picked":["Slimebound:RainOfGoop+1","Slimebound:ItLooksTasty+1"],"picked":"Slimebound:LivingWall","floor":35.0},{"not_picked":["Good Instincts","Replay:Bootleg Shield Generator"],"picked":"Secret Technique","floor":36.0},{"not_picked":["ReplayUltimateDefense","Midas Touch"],"picked":"Panacea","floor":36.0},{"not_picked":["Blind","Finesse"],"picked":"ReplayTheSpireMod:Brewmster","floor":36.0},{"not_picked":["Slimebound:Chomp","Slimebound:PressTheAttack"],"picked":"Slimebound:Recollect","floor":37.0},{"not_picked":["Pummel+1","Slimebound:GoopSpray","Blood for Blood"],"picked":"SKIP","floor":39},{"not_picked":["Slimebound:SlimeSlap","Slimebound:OozeBath"],"picked":"Slimebound:WasteNot","floor":40},{"not_picked":["Twin Strike+1","Slimebound:ItLooksTasty+1","Slimebound:GoopSpray+1"],"picked":"SKIP","floor":42},{"not_picked":["Blood for Blood","Slimebound:Grow+1"],"picked":"Slimebound:Equalize","floor":45},{"not_picked":["Slimebound:ComboTackle+1","Slimebound:LeechEnergy"],"picked":"Slimebound:LevelUp+1","floor":47},{"not_picked":["Slimebound:PrepareCrush","Sword Boomerang","Slimebound:ComboTackle"],"picked":"SKIP","floor":48},{"not_picked":["Slimebound:MinionMaster","Slimebound:RollThrough"],"picked":"Slimebound:HauntingLick+1","floor":54}],"player_experience":6540644,"relics_obtained":[{"floor":6.0,"key":"Garlic"},{"floor":9.0,"key":"PreservedInsect"},{"floor":11.0,"key":"Happy Flower"},{"floor":13.0,"key":"Oddly Smooth Stone"},{"floor":23.0,"key":"Toy Ornithopter"},{"floor":27.0,"key":"Ring of Greed"},{"floor":27.0,"key":"The Courier"},{"floor":27.0,"key":"Ring of Fangs"},{"floor":27.0,"key":"Old Coin"},{"floor":31.0,"key":"Orichalcum"},{"floor":37.0,"key":"Ginger"},{"floor":40,"key":"Potion Belt"},{"floor":42,"key":"Art of War"},{"floor":43,"key":"MealTicket"},{"floor":54,"key":"Calipers"}],"event_choices":[{"damage_healed":0.0,"max_hp_gain":0.0,"max_hp_loss":0.0,"gold_gain":0.0,"event_name":"Dead Adventurer","player_choice":"Searched \u00271\u0027 times","floor":7.0,"gold_loss":0.0,"damage_taken":0.0,"relics_obtained":["War Paint"]},{"damage_healed":0.0,"max_hp_gain":0.0,"max_hp_loss":0.0,"gold_gain":0.0,"cards_transformed":["Slimebound:Strike_Slimebound"],"event_name":"Transmorgrifier","player_choice":"Transformed","floor":12.0,"gold_loss":0.0,"damage_taken":0.0,"cards_obtained":["Slimebound:ItLooksTasty"]},{"damage_healed":0.0,"max_hp_gain":0.0,"max_hp_loss":0.0,"gold_gain":0.0,"event_name":"Beggar","player_choice":"Ignored","floor":19.0,"gold_loss":0.0,"damage_taken":0.0},{"damage_healed":0.0,"max_hp_gain":0.0,"max_hp_loss":0.0,"gold_gain":0.0,"event_name":"N\u0027loth","player_choice":"Traded Relic","floor":29.0,"relics_lost":["Juzu Bracelet"],"gold_loss":0.0,"damage_taken":0.0,"relics_obtained":["Nloth\u0027s Gift"]},{"damage_healed":0.0,"max_hp_gain":0.0,"max_hp_loss":0.0,"gold_gain":0.0,"event_name":"Lab","player_choice":"Got Potions","floor":32.0,"gold_loss":0.0,"damage_taken":0.0},{"damage_healed":0.0,"max_hp_gain":0.0,"max_hp_loss":0.0,"gold_gain":0.0,"event_name":"SensoryStone","player_choice":"Memory 3","floor":36.0,"gold_loss":0.0,"damage_taken":10.0},{"damage_healed":0.0,"max_hp_gain":0.0,"max_hp_loss":0.0,"gold_gain":0.0,"event_name":"Mysterious Sphere","player_choice":"Fight","floor":37.0,"gold_loss":0.0,"damage_taken":0.0},{"damage_healed":0,"gold_gain":0,"player_choice":"Cursed","damage_taken":0,"max_hp_gain":0,"max_hp_loss":0,"event_name":"Wheel of Change","floor":44,"gold_loss":0,"cards_obtained":["Decay"]}],"is_beta":false,"boss_relics":[{"not_picked":["Replay:Drink Me","Abe\u0027s Treasure"],"picked":"ChewingGum"},{"not_picked":["ReplayTheSpireMod:DimensionalGlitch","Philosopher\u0027s Stone"],"picked":"sneckomod:SneckoTalon"}],"items_purged_floors":[],"is_endless":false,"potions_floor_spawned":[3,4,6,13,16,23,30,31,37,39,40],"ascension_level":0}}