{"host":"oq0u6q7bjztc2jwc","time":1614293888,"event":{"mods":["AchievementEnabler","BaseMod","Colored Map","Highlight Path","Minty Spire (QoL Compilation)","Permanent Neow","StSLib"],"gold_per_floor":[113,124,124,49,49,90,90,103,155,169,169,169,69,21,21,21,21],"floor_reached":16,"language":"ENG","playtime":710,"items_purged":["Injury","Regret"],"score":98,"play_id":"bd4dee6d-68ae-4e21-a34a-96a3425830dd","local_time":"20210225175808","is_ascension_mode":false,"campfire_choices":[{"data":"Armaments","floor":7,"key":"SMITH"},{"data":"Armaments","floor":11,"key":"SMITH"},{"floor":15,"key":"RECALL"}],"circlet_count":0,"master_deck":["Strike_R","Strike_R","Strike_R","Strike_R","Strike_R","Defend_R","Defend_R","Defend_R","Defend_R","Bash","Armaments+1","Shockwave+1","Thunderclap","Fiend Fire","Armaments+1","Iron Wave"],"relics":["Burning Blood","Golden Idol","Ancient Tea Set","War Paint","Meat on the Bone"],"acts_visited":["Exordium"],"potions_floor_usage":[6,16],"damage_taken":[{"damage":2,"enemies":"Small Slimes","floor":1,"turns":5},{"damage":2,"enemies":"2 Louse","floor":2,"turns":3},{"damage":18,"enemies":"Lagavulin","floor":6,"turns":5},{"damage":7,"enemies":"Jaw Worm","floor":8,"turns":4},{"damage":2,"enemies":"Exordium Wildlife","floor":10,"turns":4},{"damage":78,"enemies":"Hexaghost","floor":16,"turns":14}],"seed_played":"6860076356334638975","potions_obtained":[{"floor":2,"key":"AttackPotion"},{"floor":6,"key":"Swift Potion"}],"is_trial":false,"path_per_floor":["M","M","?","$","?","E","R","M","T","M","R","?","$","$","R","B"],"character_chosen":"IRONCLAD","items_purchased":["Iron Wave"],"campfire_rested":0,"item_purchase_floors":[14],"current_hp_per_floor":[80,80,80,80,80,68,68,67,67,71,71,71,71,71,71,0,0],"gold":21,"neow_bonus":"THREE_CARDS","is_daily":false,"chose_seed":false,"campfire_upgraded":2,"win_rate":0.0,"timestamp":1614293888,"path_taken":["M","M","?","$","?","E","R","M","T","?","R","?","?","$","R","BOSS"],"items_purchased_type":["Card"],"build_version":"2020-12-22","purchased_purges":2,"victory":false,"max_hp_per_floor":[80,80,80,80,80,80,80,80,80,80,80,80,80,80,80,80,80],"card_choices":[{"not_picked":["Infernal Blade","Havoc"],"picked":"Armaments","floor":0},{"not_picked":["Headbutt","Havoc"],"picked":"Infernal Blade","floor":1},{"not_picked":["Havoc","Sword Boomerang"],"picked":"Shockwave","floor":2},{"not_picked":["Headbutt","Sword Boomerang"],"picked":"Thunderclap","floor":6},{"not_picked":["Perfected Strike","Combust"],"picked":"Fiend Fire","floor":8},{"not_picked":["Body Slam","Carnage"],"picked":"Armaments","floor":10}],"player_experience":470837,"relics_obtained":[{"floor":6,"key":"War Paint"}],"event_choices":[{"damage_healed":0,"gold_gain":0,"player_choice":"Take Wound","damage_taken":0,"relics_obtained":["Golden Idol"],"max_hp_gain":0,"max_hp_loss":0,"event_name":"Golden Idol","floor":3,"gold_loss":0,"cards_obtained":["Injury"]},{"damage_healed":0,"gold_gain":0,"player_choice":"Box","damage_taken":0,"relics_obtained":["Ancient Tea Set"],"max_hp_gain":0,"max_hp_loss":0,"event_name":"Big Fish","floor":5,"gold_loss":0,"cards_obtained":["Regret"]},{"cards_removed":["Infernal Blade"],"damage_healed":0,"gold_gain":0,"player_choice":"Gave Card","damage_taken":0,"relics_obtained":["Meat on the Bone"],"max_hp_gain":0,"max_hp_loss":0,"event_name":"WeMeetAgain","floor":12,"gold_loss":0}],"is_beta":false,"boss_relics":[],"items_purged_floors":[4,13],"is_endless":false,"potions_floor_spawned":[2,6],"killed_by":"Hexaghost","ascension_level":0}}