{"host":"uceopoba4zvqsgiy","time":1614217211,"event":{"mods":["2.2 Compatiblity","Act Like it!","BaseMod","Better Skull","Better Third Choice","Elementarium","Evolution","GifTheSpireLib","Hermit","Humility","Infinite Spire","Jorbs\u0027s Wanderer Trilogy","Marked Mod","Minty Spire (QoL Compilation)","Potionbrewer","Reliquary","Replay The Spire","Robot Space Explorer","Shade Mod","Spicy Shops","StS++","StSLib","Stuff the Spire","The Blue Laboratory","The Caster","The Cursed","The Dragon Tamer","The Dragonkin","The Hierophant","The Judge","The Jungle","TheSurvivalist","Wandering Minibosses"],"gold_per_floor":[115,134,93,93,109,143,160,187,187,187,214,184,184,184],"floor_reached":13,"language":"ENG","playtime":2005,"items_purged":[],"score":254,"play_id":"b3584a07-f7c3-4ce8-81e4-1178fd8f0764","local_time":"20210225121011","is_ascension_mode":true,"campfire_choices":[{"floor":10,"key":"REST"}],"circlet_count":0,"master_deck":["WordoMod:SoulSpear","WordoMod:SoulSpear","WordoMod:SoulSpear","WordoMod:SoulSpear","WordoMod:MementoMori","WordoMod:DefendCard","WordoMod:DefendCard","WordoMod:DefendCard","WordoMod:Accursed","WordoMod:IllWill","stsjorbsmod:FreshAdventure","RobotSpaceExplorer:Scan","Transmutation","WordoMod:ScatterAshes","Writhe","Voices","infinitespire:Fortify","ReplayTheSpireMod:Splinters","WordoMod:ScatterAshes","WordoMod:DarkForm+1","stsjorbsmod:Withering","WordoMod:Unchained"],"relics":["WordoMod:Obsidian","WordoMod:Effigy","betterThird:SlimedRelic","Golden Egg","Chameleon Ring","Replay:Bottled Snecko","Tiny Chest"],"acts_visited":["Exordium"],"potions_floor_usage":[8,11],"damage_taken":[{"damage":21,"enemies":"Jaw Worm","floor":1,"turns":3},{"damage":0,"enemies":"2 Louse","floor":2,"turns":2},{"damage":6,"enemies":"Cultist","floor":5,"turns":4},{"damage":10,"enemies":"Lagavulin","floor":6,"turns":5},{"damage":0,"enemies":"3 Louse","floor":7,"turns":1},{"damage":24,"enemies":"Gremlin Nob","floor":8,"turns":4},{"damage":14,"enemies":"3 Sentries","floor":11,"turns":4},{"damage":6,"enemies":"Looter","floor":12,"turns":3},{"damage":5,"enemies":"Gremlin Nob","floor":13,"turns":3}],"seed_played":"-8806211065847661972","potions_obtained":[{"floor":2,"key":"blueLaboratory:Moonshine"},{"floor":6,"key":"potionbrewer:HastePotion"},{"floor":8,"key":"potionbrewer:HastePotion"},{"floor":11,"key":"blueLaboratory:ArtificerPotion"}],"is_trial":false,"path_per_floor":["M","M","?","?","M","E","M","E","T","R","E","M","E"],"character_chosen":"JUDGE_CLASS","items_purchased":[],"campfire_rested":1,"item_purchase_floors":[],"current_hp_per_floor":[54,54,43,43,37,27,27,3,3,25,11,5,0,0],"gold":184,"neow_bonus":"RANDOM_COLORLESS_2","is_daily":false,"chose_seed":false,"campfire_upgraded":0,"win_rate":0.0,"timestamp":1614217211,"path_taken":["M","M","?","?","?","E","M","E","T","R","E","M","E"],"items_purchased_type":[],"build_version":"2020-12-22","purchased_purges":0,"victory":false,"max_hp_per_floor":[75,75,75,75,75,75,75,75,75,75,75,75,75,75],"card_choices":[{"not_picked":["Secret Weapon","Violence"],"picked":"Transmutation","floor":0},{"not_picked":["WordoMod:ICurseThee","WordoMod:BurdenOfSin","WordoMod:Sacrilege"],"picked":"SKIP","floor":1},{"not_picked":["WordoMod:Sickness","WordoMod:BoundlessGreed"],"picked":"WordoMod:ScatterAshes","floor":2},{"not_picked":["infinitespire:SealOfDarkness+","infinitespire:Gouge"],"picked":"infinitespire:Fortify","floor":4},{"not_picked":["stsjorbsmod:Amnesia","Normality"],"picked":"ReplayTheSpireMod:Splinters","floor":5},{"not_picked":["WordoMod:Exorcism","WordoMod:BurdenOfSin"],"picked":"WordoMod:ScatterAshes","floor":5},{"not_picked":["WordoMod:Unchained","WordoMod:ThornedFist"],"picked":"WordoMod:DarkForm","floor":6},{"not_picked":["WordoMod:Rise","WordoMod:BadMemories","WordoMod:BurdenOfSin"],"picked":"SKIP","floor":7},{"not_picked":["Hallucinations","Normality"],"picked":"stsjorbsmod:Withering","floor":8},{"not_picked":["WordoMod:BadMemories","WordoMod:Repent"],"picked":"WordoMod:Unchained","floor":8},{"not_picked":["WordoMod:CurseBuckler","WordoMod:SoulSpear","WordoMod:Contagion"],"picked":"SKIP","floor":11},{"not_picked":["WordoMod:CurseBuckler","WordoMod:WillOWisp","WordoMod:Taunt"],"picked":"SKIP","floor":12}],"player_experience":1886295,"relics_obtained":[{"floor":6,"key":"Golden Egg"},{"floor":8,"key":"Chameleon Ring"},{"floor":9,"key":"Replay:Bottled Snecko"},{"floor":11,"key":"Tiny Chest"}],"event_choices":[{"damage_healed":0,"gold_gain":0,"player_choice":"Slimed","damage_taken":11,"max_hp_gain":0,"max_hp_loss":0,"event_name":"betterThird:BetterGoop","floor":3,"gold_loss":41}],"is_beta":false,"boss_relics":[],"items_purged_floors":[],"is_endless":false,"potions_floor_spawned":[2,6,8,11],"killed_by":"Gremlin Nob","ascension_level":5,"is_humility":true}}