{"host":"2hobwcalzbvkj63m","time":1614241866,"event":{"mods":["BaseMod","Downfall","Minty Spire (QoL Compilation)","StSLib"],"gold_per_floor":[99,99,274,274,274,305,305,205,225,81,113,113,113,113,127,228,228,228,239,339,349,369,369,369,369],"floor_reached":23,"language":"ENG","playtime":1299,"items_purged":["Slimebound:BestDefense"],"score":231,"play_id":"651686aa-23c6-46d2-bdf1-939b201898aa","local_time":"20210225033106","is_ascension_mode":true,"campfire_choices":[{"data":"Slimebound:Split","floor":1,"key":"SMITH"},{"data":"Slimebound:SlimeBrawl","floor":8,"key":"SMITH"},{"data":"Slimebound:MassRepurpose","floor":12,"key":"SMITH"},{"floor":18,"key":"RECALL"}],"circlet_count":0,"master_deck":["Slimebound:Strike_Slimebound","Slimebound:Tackle","Slimebound:Defend_Slimebound","Slimebound:Defend_Slimebound","Slimebound:Defend_Slimebound","Slimebound:Defend_Slimebound","Slimebound:Split+1","Slimebound:CorrosiveSpit","Doubt","Slimebound:SplitLeeching+1","Slimebound:SlimeBrawl+1","Slimebound:SplitBruiser","Slimebound:MassRepurpose+1","Slimebound:PressTheAttack+1","Slimebound:LevelUp","Slimebound:SelfFormingGoo","Slimebound:SpikyOuterGoop","Slimebound:PressTheAttack+1","J.A.X.","Slimebound:SlimeBarrage+1","Slimebound:DivideAndConquer+1","Slimebound:DivideAndConquer+1","Slimebound:Repurpose"],"relics":["Slimebound:AbsorbEndCombat","downfall:HeartsMalice","Blue Candle","PreservedInsect","Molten Egg 2","downfall:HeartBlessingGreen","Regal Pillow","downfall:ShatteredFragment","Velvet Choker","MutagenicStrength"],"acts_visited":["Exordium","TheCity"],"potions_floor_usage":[23],"damage_taken":[{"damage":0,"enemies":"2 Louse","floor":2,"turns":1},{"damage":0,"enemies":"Jaw Worm","floor":5,"turns":1},{"damage":0,"enemies":"3 Sentries","floor":6,"turns":1},{"damage":1,"enemies":"Small Slimes","floor":9,"turns":4},{"damage":1,"enemies":"downfall:FleeingMerchant","floor":10,"turns":4},{"damage":12,"enemies":"Lagavulin","floor":11,"turns":5},{"damage":1,"enemies":"downfall:LooterAlt","floor":15,"turns":3},{"damage":23,"enemies":"IC_STATUS_ARCHETYPE","floor":16,"turns":5},{"damage":25,"enemies":"downfall:LooterAlt2","floor":19,"turns":3},{"damage":13,"enemies":"downfall:Augmenter","floor":20,"turns":5},{"damage":0,"enemies":"3 Byrds","floor":21,"turns":3},{"damage":36,"enemies":"Snake Plant","floor":22,"turns":3},{"damage":6,"enemies":"downfall:FleeingMerchant","floor":23,"turns":2}],"seed_played":"5244443245010924161","potions_obtained":[{"floor":9,"key":"SpeedPotion"},{"floor":11,"key":"sneckomod:MuddlingPotion"},{"floor":22,"key":"bronze:BurnAndBuffPotion"}],"is_trial":false,"path_per_floor":["R","M","?","?","M","E","T","R","M","$","E","R","?","?","M","B",null,"R","M","?","M","M","$"],"character_chosen":"SLIMEBOUND","items_purchased":["Slimebound:PressTheAttack+1"],"campfire_rested":0,"item_purchase_floors":[10],"current_hp_per_floor":[65,65,65,60,60,60,60,60,61,65,55,55,37,37,38,19,65,65,42,35,35,3,0,0,0],"gold":369,"neow_bonus":"THREE_ENEMY_KILL","is_daily":false,"chose_seed":false,"campfire_upgraded":3,"win_rate":0.0,"timestamp":1614241866,"path_taken":["R","M","?","?","M","E","T","R","M","$","E","R","?","?","M","BOSS","R","M","?","M","M","$"],"items_purchased_type":["Card"],"build_version":"2020-12-22","purchased_purges":1,"victory":false,"max_hp_per_floor":[65,65,65,65,65,65,65,65,65,65,65,65,65,65,65,65,65,65,65,65,65,65,65,65,65],"card_choices":[{"not_picked":["Slimebound:SplitAcid","Slimebound:LeechingTouch"],"picked":"Slimebound:BestDefense","floor":2},{"not_picked":["Slimebound:AcidTongue","Slimebound:GoopSpray"],"picked":"Slimebound:SplitLeeching","floor":5},{"not_picked":["Slimebound:ItLooksTasty","Slimebound:LeechEnergy"],"picked":"Slimebound:SlimeBrawl","floor":6},{"not_picked":["Slimebound:Prepare","Slimebound:SamplingLick"],"picked":"Slimebound:SplitBruiser","floor":9},{"not_picked":["Slimebound:RainOfGoop","Slimebound:GoopSpray"],"picked":"Slimebound:MassRepurpose","floor":10},{"not_picked":["Slimebound:TongueLash+1","Slimebound:ComboTackle+1"],"picked":"Slimebound:LevelUp","floor":11},{"not_picked":["Slimebound:SplitAcid","Slimebound:SplitMire","Slimebound:HungryTackle+1"],"picked":"SKIP","floor":15},{"not_picked":["Slimebound:CheckThePlaybook","Slimebound:MassRepurpose"],"picked":"Slimebound:SelfFormingGoo","floor":16},{"not_picked":["Slimebound:RainOfGoop","Slimebound:FlameTackle+1"],"picked":"Slimebound:SpikyOuterGoop","floor":19},{"not_picked":["Slimebound:SamplingLick","Slimebound:ItLooksTasty+1"],"picked":"Slimebound:PressTheAttack+1","floor":20},{"not_picked":[],"picked":"J.A.X.","floor":20},{"not_picked":["Slimebound:RainOfGoop","Slimebound:ItLooksTasty+1"],"picked":"Slimebound:DivideAndConquer+1","floor":21},{"not_picked":["Slimebound:SplitLeeching","Slimebound:Chomp+1"],"picked":"Slimebound:Repurpose","floor":22}],"player_experience":103585,"relics_obtained":[{"floor":6,"key":"PreservedInsect"},{"floor":7,"key":"Molten Egg 2"},{"floor":11,"key":"Regal Pillow"},{"floor":20,"key":"MutagenicStrength"}],"event_choices":[{"damage_healed":0,"gold_gain":0,"player_choice":"Grow","damage_taken":0,"max_hp_gain":0,"max_hp_loss":0,"event_name":"Living Wall","floor":14,"gold_loss":0,"cards_upgraded":["Slimebound:SplitLeeching"]}],"is_beta":false,"boss_relics":[{"not_picked":["Coffee Dripper","Fusion Hammer"],"picked":"Velvet Choker"}],"items_purged_floors":[10],"is_endless":false,"potions_floor_spawned":[9,11,22],"killed_by":"downfall:FleeingMerchant","ascension_level":1}}