{"host":"28p8ce41sjwa6lzf","time":1614275014,"event":{"mods":["BaseMod","Bestiary","Colored Map","Colored Powertips","Dark Map","Highlight Path","Minty Spire (QoL Compilation)","Permanent Neow","Quick Restart","Random Character Button","Rare Cards Sparkle","Relic Stats","StSLib","Unceasing Turn Reminder","ojb\u0027s Info Mod: The sequel"],"gold_per_floor":[115,132,148,163,113,113,146,146,146,146,163,189,217,227,227,227,227],"floor_reached":16,"language":"ENG","playtime":704,"items_purged":[],"score":224,"play_id":"82599d2e-dc69-4ef4-85d2-c449c43771ab","local_time":"20210225114334","is_ascension_mode":true,"campfire_choices":[{"data":"Heavy Blade","floor":6.0,"key":"SMITH"},{"data":"Feed","floor":8.0,"key":"SMITH"},{"data":"Power Through","floor":15.0,"key":"SMITH"}],"circlet_count":0,"master_deck":["AscendersBane","Strike_R","Strike_R","Strike_R","Strike_R","Strike_R","Defend_R","Defend_R","Defend_R","Defend_R","Bash","Impervious","Second Wind","Inflame","Heavy Blade+1","True Grit","Feed+1","Clothesline","Cleave","Power Through+1"],"relics":["Burning Blood","Paper Frog","The Courier","Omamori","Frozen Egg 2"],"acts_visited":["Exordium"],"potions_floor_usage":[16],"damage_taken":[{"damage":1.0,"enemies":"Cultist","floor":1.0,"turns":4.0},{"damage":9.0,"enemies":"Jaw Worm","floor":2.0,"turns":6.0},{"damage":9.0,"enemies":"2 Louse","floor":3.0,"turns":5.0},{"damage":18.0,"enemies":"Exordium Wildlife","floor":4.0,"turns":6.0},{"damage":26.0,"enemies":"Gremlin Nob","floor":7.0,"turns":4.0},{"damage":0.0,"enemies":"2 Fungi Beasts","floor":11.0,"turns":4.0},{"damage":20.0,"enemies":"3 Sentries","floor":13.0,"turns":7.0},{"damage":0.0,"enemies":"Large Slime","floor":14.0,"turns":4.0},{"damage":63,"enemies":"Slime Boss","floor":16,"turns":11}],"seed_played":"1774739365369862584","potions_obtained":[{"floor":2.0,"key":"Strength Potion"},{"floor":7.0,"key":"PowerPotion"},{"floor":11.0,"key":"SpeedPotion"},{"floor":13.0,"key":"AttackPotion"},{"floor":14.0,"key":"Dexterity Potion"}],"is_trial":false,"path_per_floor":["M","M","M","M","?","R","E","R","T","?","M","T","E","M","R","B"],"character_chosen":"IRONCLAD","items_purchased":[],"campfire_rested":0,"item_purchase_floors":[],"current_hp_per_floor":[73,70,67,55,55,55,35,35,35,35,45,45,35,45,45,0,0],"gold":227,"neow_bonus":"ONE_RANDOM_RARE_CARD","is_daily":false,"chose_seed":false,"campfire_upgraded":3,"win_rate":0.0,"timestamp":1614275014,"path_taken":["M","M","M","M","?","R","E","R","T","?","M","?","E","M","R","BOSS"],"items_purchased_type":[],"build_version":"2020-12-22","purchased_purges":0,"victory":false,"max_hp_per_floor":[75,75,75,75,75,75,75,75,75,75,79,79,83,87,87,91,91],"relic_stats":{"counters":[9,51],"obtain_stats":[{"The Courier":9,"Omamori":12,"Frozen Egg 2":13,"Burning Blood":0,"Paper Frog":7},{"The Courier":5,"Omamori":6,"Frozen Egg 2":7,"Burning Blood":0,"Paper Frog":5},{"The Courier":25,"Omamori":29,"Frozen Egg 2":36,"Burning Blood":0,"Paper Frog":25}],"Burning Blood":48},"card_choices":[{"not_picked":["Warcry","Havoc"],"picked":"Second Wind","floor":1.0},{"not_picked":["Pommel Strike","Infernal Blade"],"picked":"Inflame","floor":2.0},{"not_picked":["Thunderclap","Dropkick"],"picked":"Heavy Blade","floor":3.0},{"not_picked":["Wild Strike","Dropkick"],"picked":"True Grit","floor":4.0},{"not_picked":["Armaments","Rage"],"picked":"Feed","floor":7.0},{"not_picked":["Perfected Strike","Sword Boomerang"],"picked":"Clothesline","floor":11.0},{"not_picked":["Cleave","Armaments","Iron Wave"],"picked":"SKIP","floor":13.0},{"not_picked":["Armaments","Iron Wave"],"picked":"Cleave","floor":13.0},{"not_picked":["Cleave","Iron Wave"],"picked":"Power Through","floor":14.0}],"player_experience":1407828,"relics_obtained":[{"floor":7.0,"key":"Paper Frog"},{"floor":9.0,"key":"The Courier"},{"floor":12.0,"key":"Omamori"},{"floor":13.0,"key":"Frozen Egg 2"}],"event_choices":[{"damage_healed":0.0,"max_hp_gain":0.0,"max_hp_loss":0.0,"gold_gain":0.0,"event_name":"World of Goop","player_choice":"Left Gold","floor":5.0,"gold_loss":50.0,"damage_taken":0.0},{"damage_healed":0.0,"max_hp_gain":0.0,"max_hp_loss":0.0,"gold_gain":0.0,"event_name":"Liars Game","player_choice":"Ignored","floor":10.0,"gold_loss":0.0,"damage_taken":0.0}],"is_beta":false,"boss_relics":[],"items_purged_floors":[],"is_endless":false,"potions_floor_spawned":[2,7,11,13,14],"killed_by":"Slime Boss","ascension_level":20}}