{"host":"yf9uv1vgok0dao2o","time":1614288591,"event":{"mods":["BaseMod","Highlight Path","Minty Spire (QoL Compilation)","Relic Stats","StSLib"],"gold_per_floor":[113,125,175,194,82,112,112,138,164,164,180,206,131,131,131,222,222,241,23,41,41,57,91,116,116,116,14,55,78,78,114,114,213,213,229,57,88,107,107,107,130,161,161,161,197,217,256,36,36,36,36,36,36,36,75,75],"floor_reached":57,"language":"ENG","playtime":6785,"items_purged":["Defend_P","Defend_P","Strike_P"],"score":3532,"play_id":"09513fbc-9a01-4046-b23d-ccc3e426eecc","local_time":"20210225152951","is_ascension_mode":true,"campfire_choices":[{"data":"Eruption","floor":7.0,"key":"SMITH"},{"data":"Adaptation","floor":10.0,"key":"SMITH"},{"data":"MasterReality","floor":15.0,"key":"SMITH"},{"floor":30.0,"key":"REST"},{"data":"EmptyMind","floor":32.0,"key":"SMITH"},{"floor":40.0,"key":"RECALL"},{"data":"Meditate","floor":44.0,"key":"SMITH"},{"floor":49.0,"key":"REST"},{"data":"Ghostly","floor":53,"key":"SMITH"}],"circlet_count":0,"master_deck":["AscendersBane","Strike_P+1","Strike_P+1","Eruption+1","Vigilance+1","Adaptation+1","SashWhip+1","Meditate+1","EmptyFist+1","Meditate+1","MasterReality+1","Establishment+1","Evaluate+1","EmptyMind+1","DeceiveReality+1","TalkToTheHand+1","Ghostly+1","Ghostly+1","Ghostly+1","LessonLearned","DeceiveReality+1","BattleHymn","CutThroughFate+1"],"relics":["PureWater","Torii","Happy Flower","Anchor","Akabeko","Dead Branch","Golden Idol","VioletLotus","Membership Card","Art of War","Turnip","Whetstone","Empty Cage","CloakClasp","TungstenRod","Mercury Hourglass","Damaru","Lantern","Bottled Flame","Incense Burner","Oddly Smooth Stone"],"acts_visited":["Exordium","TheCity","TheBeyond","TheEnding"],"potions_floor_usage":[],"damage_taken":[{"damage":0.0,"enemies":"Cultist","floor":1.0,"turns":3.0},{"damage":1.0,"enemies":"Jaw Worm","floor":2.0,"turns":5.0},{"damage":0.0,"enemies":"Small Slimes","floor":4.0,"turns":5.0},{"damage":26.0,"enemies":"3 Sentries","floor":6.0,"turns":6.0},{"damage":0.0,"enemies":"Gremlin Nob","floor":8.0,"turns":2.0},{"damage":0.0,"enemies":"2 Fungi Beasts","floor":11.0,"turns":2.0},{"damage":1.0,"enemies":"3 Sentries","floor":12.0,"turns":3.0},{"damage":0.0,"enemies":"The Guardian","floor":16.0,"turns":8.0},{"damage":10.0,"enemies":"Shell Parasite","floor":18.0,"turns":4.0},{"damage":27.0,"enemies":"3 Byrds","floor":20.0,"turns":5.0},{"damage":7.0,"enemies":"Centurion and Healer","floor":22.0,"turns":6.0},{"damage":14.0,"enemies":"Book of Stabbing","floor":23.0,"turns":4.0},{"damage":0.0,"enemies":"Snake Plant","floor":24.0,"turns":4.0},{"damage":0.0,"enemies":"Slavers","floor":28.0,"turns":5.0},{"damage":0.0,"enemies":"Snecko","floor":29.0,"turns":6.0},{"damage":0.0,"enemies":"Book of Stabbing","floor":31.0,"turns":4.0},{"damage":0.0,"enemies":"Collector","floor":33.0,"turns":9.0},{"damage":1.0,"enemies":"3 Darklings","floor":35.0,"turns":7.0},{"damage":0.0,"enemies":"Mind Bloom Boss Battle","floor":37.0,"turns":6.0},{"damage":0.0,"enemies":"Orb Walker","floor":38.0,"turns":6.0},{"damage":0.0,"enemies":"Sphere and 2 Shapes","floor":41.0,"turns":6.0},{"damage":0.0,"enemies":"Giant Head","floor":42.0,"turns":7.0},{"damage":0.0,"enemies":"Nemesis","floor":45.0,"turns":9.0},{"damage":0.0,"enemies":"3 Darklings","floor":46.0,"turns":5.0},{"damage":0.0,"enemies":"Reptomancer","floor":47.0,"turns":7.0},{"damage":0.0,"enemies":"Awakened One","floor":50.0,"turns":9.0},{"damage":0,"enemies":"Time Eater","floor":51,"turns":6},{"damage":0,"enemies":"Shield and Spear","floor":55,"turns":7},{"damage":0,"enemies":"The Heart","floor":56,"turns":9}],"seed_played":"8626776217167566785","potions_obtained":[{"floor":4.0,"key":"StancePotion"},{"floor":11.0,"key":"Block Potion"},{"floor":12.0,"key":"FearPotion"},{"floor":16.0,"key":"LiquidMemories"},{"floor":22.0,"key":"EssenceOfSteel"},{"floor":28.0,"key":"Weak Potion"},{"floor":35.0,"key":"SteroidPotion"},{"floor":37.0,"key":"DuplicationPotion"}],"is_trial":false,"path_per_floor":["M","M","?","M","$","E","R","E","T","R","M","E","?","?","R","B",null,"M","$","M","?","M","E","M","?","T","$","E","M","R","E","R","B",null,"M","$","?","M","?","R","M","E","T","R","E","M","E","$","R","B","B",null,"R","$","E","B",null],"character_chosen":"WATCHER","items_purchased":["Meditate","Membership Card","DistilledChaos","CloakClasp","Incense Burner","Ambrosia"],"campfire_rested":2,"item_purchase_floors":[5,19,27,36,48,48],"current_hp_per_floor":[61,60,54,54,54,28,28,28,28,28,28,27,27,27,27,27,49,39,39,12,23,16,2,2,2,2,2,2,2,10,10,10,10,24,23,23,23,23,23,23,23,23,23,23,23,23,23,23,28,28,28,28,28,28,28,28],"gold":75,"neow_bonus":"ONE_RARE_RELIC","is_daily":false,"chose_seed":false,"campfire_upgraded":6,"win_rate":0.0,"timestamp":1614288591,"path_taken":["M","M","?","?","$","E","R","E","T","R","?","E","?","?","R","BOSS","M","$","M","?","M","E","M","?","T","$","E","M","R","E","R","BOSS","M","$","?","M","?","R","M","E","T","R","E","?","E","$","R","BOSS","BOSS","R","$","E","BOSS"],"items_purchased_type":["Card","Relic","Potion","Relic","Relic","Potion"],"build_version":"2020-12-22","purchased_purges":3,"victory":true,"max_hp_per_floor":[62,62,62,62,62,62,62,62,62,62,62,62,62,56,56,56,56,56,56,56,56,56,56,56,28,28,28,28,28,28,28,28,28,28,28,28,28,28,28,28,28,28,28,28,28,28,28,28,28,28,28,28,28,28,28,28],"relic_stats":{"Torii":26,"Happy Flower":[48],"counters":[29,165],"Golden Idol":189,"Dead Branch":[252],"CloakClasp":[386],"Whetstone":["Strike_P","TalkToTheHand"],"Mercury Hourglass":[208],"VioletLotus":[77],"Turnip":[8],"Art of War":[14],"obtain_stats":[{"Lantern":45,"Torii":0,"Happy Flower":6,"Golden Idol":14,"Dead Branch":12,"Damaru":43,"Oddly Smooth Stone":55,"CloakClasp":36,"Incense Burner":48,"Whetstone":31,"Empty Cage":34,"Akabeko":9,"Mercury Hourglass":42,"Anchor":8,"Bottled Flame":47,"VioletLotus":17,"Turnip":28,"Art of War":23,"Membership Card":19,"PureWater":0,"TungstenRod":37},{"Lantern":23,"Torii":0,"Happy Flower":4,"Golden Idol":7,"Dead Branch":7,"Damaru":22,"Oddly Smooth Stone":28,"CloakClasp":18,"Incense Burner":25,"Whetstone":16,"Empty Cage":17,"Akabeko":5,"Mercury Hourglass":22,"Anchor":5,"Bottled Flame":25,"VioletLotus":8,"Turnip":14,"Art of War":12,"Membership Card":9,"PureWater":0,"TungstenRod":19},{"Lantern":122,"Torii":0,"Happy Flower":19,"Golden Idol":26,"Dead Branch":26,"Damaru":113,"Oddly Smooth Stone":156,"CloakClasp":88,"Incense Burner":134,"Whetstone":72,"Empty Cage":81,"Akabeko":21,"Mercury Hourglass":113,"Anchor":21,"Bottled Flame":134,"VioletLotus":34,"Turnip":62,"Art of War":53,"Membership Card":38,"PureWater":0,"TungstenRod":94}],"TungstenRod":3},"card_choices":[{"not_picked":["ClearTheMind","Evaluate"],"picked":"Adaptation","floor":1.0},{"not_picked":["ThirdEye","ClearTheMind"],"picked":"SashWhip","floor":2.0},{"not_picked":["SignatureMove","Weave","Protect"],"picked":"SKIP","floor":4.0},{"not_picked":["JustLucky","SashWhip"],"picked":"EmptyFist","floor":6.0},{"not_picked":["Pray","BowlingBash"],"picked":"Meditate","floor":8.0},{"not_picked":["Evaluate","Sanctity","SashWhip"],"picked":"SKIP","floor":11.0},{"not_picked":["DeceiveReality","Crescendo"],"picked":"MasterReality","floor":12.0},{"not_picked":["ConjureBlade","Alpha"],"picked":"Establishment","floor":16.0},{"not_picked":["Halt","MentalFortress"],"picked":"Evaluate","floor":18.0},{"not_picked":["JustLucky","EmptyBody"],"picked":"EmptyMind","floor":20.0},{"not_picked":["CrushJoints","ThirdEye"],"picked":"DeceiveReality","floor":22.0},{"not_picked":["Halt","BowlingBash"],"picked":"TalkToTheHand","floor":23.0},{"not_picked":["Evaluate","ForeignInfluence","Prostrate"],"picked":"SKIP","floor":24.0},{"not_picked":["Swivel","JustLucky","WreathOfFlame"],"picked":"SKIP","floor":28.0},{"not_picked":["EmptyBody","SashWhip+1","MasterReality"],"picked":"SKIP","floor":29.0},{"not_picked":["SandsOfTime","FlyingSleeves","Study+1"],"picked":"SKIP","floor":31.0},{"not_picked":["Establishment","ConjureBlade"],"picked":"LessonLearned","floor":33.0},{"not_picked":["SignatureMove+1","Crescendo"],"picked":"DeceiveReality+1","floor":35.0},{"not_picked":["DeceiveReality","Crescendo","Wallop+1"],"picked":"SKIP","floor":38.0},{"not_picked":["SandsOfTime","ThirdEye","SashWhip"],"picked":"SKIP","floor":41.0},{"not_picked":["FollowUp","Alpha"],"picked":"BattleHymn","floor":42.0},{"not_picked":["LikeWater+1","Perseverance","Protect"],"picked":"SKIP","floor":45.0},{"not_picked":["EmptyBody","Nirvana","FollowUp"],"picked":"SKIP","floor":46.0},{"not_picked":["WreathOfFlame","BattleHymn+1"],"picked":"CutThroughFate+1","floor":47.0},{"not_picked":["Protect","FlyingSleeves","FollowUp"],"picked":"SKIP","floor":55}],"player_experience":1639812,"relics_obtained":[{"floor":6.0,"key":"Happy Flower"},{"floor":8.0,"key":"Anchor"},{"floor":9.0,"key":"Akabeko"},{"floor":12.0,"key":"Dead Branch"},{"floor":23.0,"key":"Art of War"},{"floor":28.0,"key":"Turnip"},{"floor":31.0,"key":"Whetstone"},{"floor":37.0,"key":"TungstenRod"},{"floor":42.0,"key":"Mercury Hourglass"},{"floor":43.0,"key":"Damaru"},{"floor":45.0,"key":"Lantern"},{"floor":47.0,"key":"Bottled Flame"},{"floor":55,"key":"Oddly Smooth Stone"}],"event_choices":[{"damage_healed":0.0,"max_hp_gain":0.0,"max_hp_loss":0.0,"gold_gain":50.0,"event_name":"FaceTrader","player_choice":"Touch","floor":3.0,"gold_loss":0.0,"damage_taken":6.0},{"cards_removed":["Defend_P"],"damage_healed":0.0,"max_hp_gain":0.0,"max_hp_loss":0.0,"gold_gain":0.0,"event_name":"The Cleric","player_choice":"Card Removal","floor":13.0,"gold_loss":75.0,"damage_taken":0.0},{"damage_healed":0.0,"max_hp_gain":0.0,"max_hp_loss":6.0,"gold_gain":0.0,"event_name":"Golden Idol","player_choice":"Lose Max HP","floor":14.0,"gold_loss":0.0,"damage_taken":0.0,"relics_obtained":["Golden Idol"]},{"damage_healed":11.0,"max_hp_gain":0.0,"max_hp_loss":0.0,"gold_gain":0.0,"event_name":"The Library","player_choice":"Heal","floor":21.0,"gold_loss":0.0,"damage_taken":0.0},{"damage_healed":0.0,"max_hp_gain":0.0,"max_hp_loss":28.0,"gold_gain":0.0,"event_name":"Ghosts","player_choice":"Became a Ghost","floor":25.0,"gold_loss":0.0,"damage_taken":0.0,"cards_obtained":["Ghostly","Ghostly","Ghostly"]},{"damage_healed":0.0,"max_hp_gain":0.0,"max_hp_loss":0.0,"gold_gain":0.0,"event_name":"MindBloom","player_choice":"Fight","floor":37.0,"gold_loss":0.0,"damage_taken":0.0},{"damage_healed":0.0,"max_hp_gain":0.0,"max_hp_loss":0.0,"gold_gain":0.0,"event_name":"Lab","player_choice":"Got Potions","floor":39.0,"gold_loss":0.0,"damage_taken":0.0}],"is_beta":false,"boss_relics":[{"not_picked":["Busted Crown","Runic Pyramid"],"picked":"VioletLotus"},{"not_picked":["Velvet Choker","Runic Dome"],"picked":"Empty Cage"}],"items_purged_floors":[5,19,27],"is_endless":false,"potions_floor_spawned":[4,11,12,16,22,28,29,35,37,41,47],"ascension_level":20}}