{"host":"v0n6ky7dmveherv3","time":1614294495,"event":{"mods":["BaseMod","Better Third Choice","Downfall","Minty Spire (QoL Compilation)","StSLib"],"gold_per_floor":[99,119,135,135,46,46,46,46,46,46,63,83,83,83,83,83],"floor_reached":14,"language":"ENG","playtime":416,"items_purged":[],"score":82,"play_id":"4b604688-defc-4c2c-985e-c8bdb545e2c0","local_time":"20210225160815","is_ascension_mode":true,"campfire_choices":[{"data":"champ:Taunt","floor":1,"key":"SMITH"},{"data":"champ:CrownThrow","floor":6,"key":"SMITH"},{"data":"champ:CrookedStrike","floor":8,"key":"SMITH"},{"data":"champ:CrookedStrike","floor":10,"key":"SMITH"},{"data":"champ:FocusedBerserking","floor":13,"key":"SMITH"}],"circlet_count":0,"master_deck":["champ:Strike","champ:Strike","champ:Strike","champ:Defend","champ:Defend","champ:Defend","champ:Execute","champ:Taunt+1","champ:CrownThrow+1","champ:CrookedStrike+1","champ:CrookedStrike+1","champ:FocusedBerserking+1"],"relics":["champ:ChampionCrown","Eternal Feather","Unceasing Top"],"acts_visited":["Exordium"],"potions_floor_usage":[],"damage_taken":[{"damage":1,"enemies":"2 Louse","floor":2,"turns":3},{"damage":14,"enemies":"Cultist","floor":3,"turns":4},{"damage":45,"enemies":"downfall:FleeingMerchant","floor":5,"turns":4},{"damage":3,"enemies":"Jaw Worm","floor":11,"turns":3},{"damage":10,"enemies":"Exordium Wildlife","floor":12,"turns":2},{"damage":93,"enemies":"Lagavulin","floor":14,"turns":6}],"seed_played":"8100881488857761152","potions_obtained":[{"floor":3,"key":"Fire Potion"}],"is_trial":false,"path_per_floor":["R","M","M","?","$","R","T","R","T","R","M","M","R","E"],"character_chosen":"THE_CHAMP","items_purchased":["champ:CrookedStrike"],"campfire_rested":0,"item_purchase_floors":[5],"current_hp_per_floor":[81,80,76,41,31,31,31,37,37,43,40,40,46,0,0,0],"gold":83,"neow_bonus":"REMOVE_TWO","is_daily":false,"chose_seed":false,"campfire_upgraded":5,"win_rate":0.0,"timestamp":1614294495,"path_taken":["R","M","M","?","?","R","T","R","?","R","M","?","R","E"],"items_purchased_type":["Card"],"build_version":"2020-12-22","purchased_purges":0,"victory":false,"max_hp_per_floor":[81,81,81,81,81,81,81,81,81,81,81,81,81,81,81,81],"card_choices":[{"not_picked":["champ:BladeFlurry","champ:Haymaker"],"picked":"champ:CrownThrow","floor":2},{"not_picked":["champ:BladeFlurry","champ:FlashCut"],"picked":"champ:CrookedStrike","floor":3},{"not_picked":["champ:FlashCut","champ:CrownThrow","champ:DefensiveShout"],"picked":"SKIP","floor":5},{"not_picked":["champ:PreciseThrust","champ:EnGarde","champ:BringItOn"],"picked":"SKIP","floor":11},{"not_picked":["champ:StrikeOfGenius","champ:FanOfKnives"],"picked":"champ:FocusedBerserking","floor":12}],"player_experience":167104,"relics_obtained":[{"floor":7,"key":"Eternal Feather"},{"floor":9,"key":"Unceasing Top"}],"event_choices":[],"is_beta":false,"boss_relics":[],"items_purged_floors":[],"is_endless":false,"potions_floor_spawned":[3],"killed_by":"Lagavulin","ascension_level":1}}