{"host":"f9ntswufr8mq3t4y","time":1614269030,"event":{"mods":["AchievementEnabler","BaseMod","Best Route Mod","Block Reminder","Colored Map","Colored Powertips","Curses Come First","DeckTracker","Displayed Cursed Tome","Highlight Path","Minty Spire (QoL Compilation)","Permanent Neow","Quick Restart","Slay-I","StSLib"],"gold_per_floor":[361,436,137,153,172,172,172,172,172,172,201,211,211,246,246,246,246],"floor_reached":16,"language":"ENG","playtime":729,"items_purged":[],"score":140,"play_id":"a6b2f217-9e02-4137-a939-58bcee144678","local_time":"20210225190350","is_ascension_mode":true,"campfire_choices":[{"data":"Dualcast","floor":6,"key":"SMITH"},{"data":"Zap","floor":8,"key":"SMITH"},{"data":"Self Repair","floor":10,"key":"SMITH"},{"data":"White Noise","floor":13,"key":"SMITH"},{"data":"Consume","floor":15,"key":"SMITH"}],"circlet_count":0,"master_deck":["Strike_B","Strike_B","Strike_B","Strike_B","Defend_B","Defend_B","Defend_B","Defend_B","Zap+1","Dualcast+1","Coolheaded","Self Repair+1","White Noise+1","Coolheaded","Consume+1"],"relics":["Cracked Core","MealTicket","Lee\u0027s Waffle","Nunchaku","CaptainsWheel","DataDisk","The Courier"],"acts_visited":["Exordium"],"potions_floor_usage":[],"damage_taken":[{"damage":3,"enemies":"Small Slimes","floor":1,"turns":3},{"damage":1,"enemies":"2 Louse","floor":4,"turns":2},{"damage":0,"enemies":"Cultist","floor":5,"turns":3},{"damage":27,"enemies":"3 Sentries","floor":11,"turns":9},{"damage":14,"enemies":"Exordium Wildlife","floor":12,"turns":4},{"damage":14,"enemies":"Gremlin Nob","floor":14,"turns":4},{"damage":49,"enemies":"Slime Boss","floor":16,"turns":18}],"seed_played":"-8856294853727912382","potions_obtained":[{"floor":4,"key":"SpeedPotion"}],"is_trial":false,"path_per_floor":["M","?","$","M","M","R","?","R","T","R","E","M","R","E","R","B"],"character_chosen":"DEFECT","items_purchased":["MealTicket","Lee\u0027s Waffle"],"campfire_rested":0,"item_purchase_floors":[3,3],"current_hp_per_floor":[65,54,75,74,74,74,74,74,74,74,57,53,53,49,49,0,0],"gold":246,"neow_bonus":"TWO_FIFTY_GOLD","is_daily":false,"chose_seed":false,"campfire_upgraded":5,"win_rate":0.0,"timestamp":1614269030,"path_taken":["M","?","$","M","M","R","?","R","T","R","E","?","R","E","R","BOSS"],"items_purchased_type":["Relic","Relic"],"build_version":"2020-12-22","purchased_purges":0,"victory":false,"max_hp_per_floor":[68,68,75,75,75,75,75,75,75,75,75,75,75,75,75,75,75],"card_choices":[{"not_picked":["Beam Cell","Chaos"],"picked":"Coolheaded","floor":1},{"not_picked":["Aggregate","Turbo"],"picked":"Self Repair","floor":4},{"not_picked":["Turbo","Darkness","Steam"],"picked":"SKIP","floor":5},{"not_picked":["Skim","Buffer"],"picked":"White Noise","floor":11},{"not_picked":["Gash","Rebound"],"picked":"Coolheaded","floor":12},{"not_picked":["Aggregate","Gash"],"picked":"Consume","floor":14}],"player_experience":466795,"relics_obtained":[{"floor":9,"key":"CaptainsWheel"},{"floor":11,"key":"DataDisk"},{"floor":14,"key":"The Courier"}],"event_choices":[{"damage_healed":0,"gold_gain":75,"player_choice":"Gather Gold","damage_taken":11,"max_hp_gain":0,"max_hp_loss":0,"event_name":"World of Goop","floor":2,"gold_loss":0},{"damage_healed":0,"gold_gain":0,"player_choice":"Gave Potion","damage_taken":0,"relics_obtained":["Nunchaku"],"max_hp_gain":0,"max_hp_loss":0,"event_name":"WeMeetAgain","floor":7,"gold_loss":0}],"is_beta":false,"boss_relics":[],"items_purged_floors":[],"is_endless":false,"potions_floor_spawned":[4],"killed_by":"Slime Boss","ascension_level":6}}