{"host":"jz4ul6vrcxqkcr33","time":1614221046,"event":{"mods":["BaseMod","Minty Spire (QoL Compilation)","StSLib"],"gold_per_floor":[119,119,44,61,76,103,122,122,122,157,183,183,194,229,229,341,341,364,6,31,50,32,32,77,77,77,77,176,195,224,252,252,359,359,379,170,229,229,152,192,192,220,256,256,256,280,69,94,94,94,94,94,20,62,62],"floor_reached":56,"language":"ENG","playtime":2321,"items_purged":["Pain","Strike_R","Injury"],"score":1664,"play_id":"999aad95-6e14-4e5e-a579-63f1b202bd3e","local_time":"20210224214406","is_ascension_mode":true,"campfire_choices":[{"data":"Searing Blow","floor":12.0,"key":"SMITH"},{"data":"Searing Blow+1","floor":15.0,"key":"SMITH"},{"data":"Searing Blow+2","floor":23.0,"key":"SMITH"},{"data":"Searing Blow+3","floor":25.0,"key":"SMITH"},{"data":"Searing Blow+4","floor":27.0,"key":"SMITH"},{"data":"Searing Blow+5","floor":32.0,"key":"SMITH"},{"data":"Searing Blow+6","floor":41,"key":"SMITH"},{"data":"Searing Blow+7","floor":45,"key":"SMITH"},{"floor":49,"key":"RECALL"},{"data":"Searing Blow+8","floor":52,"key":"SMITH"}],"circlet_count":0,"master_deck":["Defend_R+1","Defend_R","Defend_R+1","Bash","Cleave","Pommel Strike","Uppercut","Searing Blow+9","Pummel","Reaper","Spot Weakness","Double Tap","Brutality","Rage","Warcry","Pommel Strike+1","True Grit","Bite","Bite","Bite","Bite","Bite","Battle Trance","Shockwave","Iron Wave","Feed","Shrug It Off","Heavy Blade+1","Flex+1","Shrug It Off+1","Flame Barrier","Thunderclap+1","Limit Break"],"relics":["Burning Blood","WarpedTongs","Ancient Tea Set","TungstenRod","InkBottle","Meat on the Bone","CeramicFish","Akabeko","SlaversCollar","Membership Card","Incense Burner","Mercury Hourglass","Cursed Key","Gremlin Horn","HandDrill","Magic Flower","War Paint","Bag of Marbles","Vajra","Happy Flower","Bag of Preparation","Bronze Scales"],"acts_visited":["Exordium","TheCity","TheBeyond","TheEnding"],"potions_floor_usage":[33,33,55,55,55],"damage_taken":[{"damage":2.0,"enemies":"Jaw Worm","floor":1.0,"turns":4.0},{"damage":1.0,"enemies":"Cultist","floor":4.0,"turns":3.0},{"damage":0.0,"enemies":"Small Slimes","floor":5.0,"turns":3.0},{"damage":18.0,"enemies":"Lagavulin","floor":6.0,"turns":6.0},{"damage":17.0,"enemies":"Blue Slaver","floor":7.0,"turns":3.0},{"damage":20.0,"enemies":"Gremlin Nob","floor":10.0,"turns":4.0},{"damage":16.0,"enemies":"Lots of Slimes","floor":13.0,"turns":3.0},{"damage":35.0,"enemies":"Lagavulin","floor":14.0,"turns":9.0},{"damage":33.0,"enemies":"The Guardian","floor":16.0,"turns":8.0},{"damage":10.0,"enemies":"3 Byrds","floor":18.0,"turns":5.0},{"damage":29.0,"enemies":"Shell Parasite","floor":20.0,"turns":6.0},{"damage":32.0,"enemies":"Shelled Parasite and Fungi","floor":21.0,"turns":7.0},{"damage":19.0,"enemies":"3 Cultists","floor":29.0,"turns":4.0},{"damage":1.0,"enemies":"Sentry and Sphere","floor":30.0,"turns":4.0},{"damage":31.0,"enemies":"Snecko","floor":31.0,"turns":5.0},{"damage":53,"enemies":"Automaton","floor":33,"turns":7},{"damage":9,"enemies":"3 Shapes","floor":35,"turns":3},{"damage":11,"enemies":"Mind Bloom Boss Battle","floor":37,"turns":4},{"damage":0,"enemies":"Reptomancer","floor":40,"turns":3},{"damage":29,"enemies":"Giant Head","floor":42,"turns":7},{"damage":0,"enemies":"Orb Walker","floor":46,"turns":1},{"damage":0,"enemies":"Jaw Worm Horde","floor":48,"turns":1},{"damage":40,"enemies":"Time Eater","floor":50,"turns":6},{"damage":0,"enemies":"Shield and Spear","floor":54,"turns":2},{"damage":47,"enemies":"The Heart","floor":55,"turns":6}],"seed_played":"-8225669551933232832","potions_obtained":[{"floor":4.0,"key":"Explosive Potion"},{"floor":5.0,"key":"FearPotion"},{"floor":10.0,"key":"SpeedPotion"},{"floor":14.0,"key":"Dexterity Potion"},{"floor":16.0,"key":"Strength Potion"},{"floor":18.0,"key":"Swift Potion"},{"floor":20.0,"key":"Swift Potion"},{"floor":21.0,"key":"BloodPotion"},{"floor":31.0,"key":"AttackPotion"},{"floor":37,"key":"Ancient Potion"},{"floor":40,"key":"Dexterity Potion"},{"floor":54,"key":"AttackPotion"}],"is_trial":false,"path_per_floor":["M","?","$","M","M","E","M","?","T","E","T","R","M","E","R","B",null,"M","$","M","M","$","R","?","R","T","R","?","M","M","M","R","B",null,"M","$","?","?","$","E","R","E","T","?","R","M","$","M","R","B",null,"R","$","E","B",null],"character_chosen":"IRONCLAD","items_purchased":["Membership Card","Incense Burner","True Grit","Gremlin Horn","HandDrill","War Paint","Happy Flower","Flame Barrier","EssenceOfSteel","Bag of Preparation"],"campfire_rested":0,"item_purchase_floors":[19,19,22,36,36,39,47,47,47,53],"current_hp_per_floor":[76,76,76,80,80,68,57,54,54,40,40,40,70,50,50,35,69,73,73,50,36,36,36,36,36,36,36,36,49,56,35,35,22,48,56,56,56,56,56,56,56,56,56,56,56,56,56,56,56,56,56,56,56,56,38],"gold":62,"neow_bonus":"THREE_CARDS","is_daily":false,"chose_seed":false,"campfire_upgraded":9,"win_rate":0.0,"timestamp":1614221046,"path_taken":["M","?","?","M","M","E","M","?","T","E","?","R","M","E","R","BOSS","M","?","M","M","$","R","?","R","T","R","?","M","M","M","R","BOSS","M","$","?","?","?","E","R","E","T","?","R","M","$","?","R","BOSS","R","$","E","BOSS"],"items_purchased_type":["Relic","Relic","Card","Relic","Relic","Relic","Relic","Card","Potion","Relic"],"build_version":"2020-12-13","purchased_purges":3,"victory":true,"max_hp_per_floor":[80,80,80,80,80,80,80,80,80,80,80,80,80,80,80,80,80,80,80,80,80,80,80,56,56,56,56,56,56,56,56,56,56,56,56,56,56,56,56,56,56,56,56,56,56,56,56,56,56,56,56,56,56,56,56],"card_choices":[{"not_picked":["Flex","Metallicize"],"picked":"Cleave","floor":0.0},{"not_picked":["Clothesline","Havoc"],"picked":"Pommel Strike","floor":1.0},{"not_picked":["Perfected Strike","Armaments"],"picked":"Uppercut","floor":4.0},{"not_picked":["Rupture","Perfected Strike"],"picked":"Searing Blow","floor":5.0},{"not_picked":["Searing Blow","Heavy Blade"],"picked":"Pummel","floor":6.0},{"not_picked":["Flame Barrier","Sever Soul"],"picked":"Reaper","floor":7.0},{"not_picked":["Headbutt","Power Through"],"picked":"Spot Weakness","floor":10.0},{"not_picked":["Twin Strike","Anger","Clash"],"picked":"SKIP","floor":13.0},{"not_picked":["Body Slam","Twin Strike"],"picked":"Double Tap","floor":14.0},{"not_picked":["Berserk","Barricade"],"picked":"Brutality","floor":16.0},{"not_picked":["Sword Boomerang","True Grit"],"picked":"Rage","floor":18.0},{"not_picked":["Dark Embrace","Havoc"],"picked":"Warcry","floor":20.0},{"not_picked":["Hemokinesis","Entrench"],"picked":"Pommel Strike+1","floor":21.0},{"not_picked":["Reckless Charge+1","Rage"],"picked":"Battle Trance","floor":29.0},{"not_picked":["Disarm","Pommel Strike"],"picked":"Shockwave","floor":30.0},{"not_picked":["Anger","Combust"],"picked":"Iron Wave","floor":31.0},{"not_picked":["Barricade","Bludgeon"],"picked":"Feed","floor":33},{"not_picked":["Searing Blow+1","Wild Strike"],"picked":"Shrug It Off","floor":35},{"not_picked":["Cleave+1","Carnage"],"picked":"Heavy Blade+1","floor":37},{"not_picked":["Anger+1","Combust"],"picked":"Flex+1","floor":40},{"not_picked":["Flex","Second Wind","Twin Strike"],"picked":"SKIP","floor":42},{"not_picked":["Disarm+1","Warcry+1"],"picked":"Shrug It Off+1","floor":46},{"not_picked":["Intimidate+1","Cleave"],"picked":"Thunderclap+1","floor":48},{"not_picked":["Pummel","Heavy Blade"],"picked":"Limit Break","floor":54}],"player_experience":287688,"relics_obtained":[{"floor":6.0,"key":"Ancient Tea Set"},{"floor":9.0,"key":"InkBottle"},{"floor":10.0,"key":"Meat on the Bone"},{"floor":11.0,"key":"CeramicFish"},{"floor":14.0,"key":"Akabeko"},{"floor":26.0,"key":"Mercury Hourglass"},{"floor":37,"key":"Magic Flower"},{"floor":40,"key":"Bag of Marbles"},{"floor":42,"key":"Vajra"},{"floor":54,"key":"Bronze Scales"}],"event_choices":[{"damage_healed":0.0,"max_hp_gain":0.0,"max_hp_loss":0.0,"gold_gain":0.0,"event_name":"Accursed Blacksmith","player_choice":"Rummage","floor":2.0,"gold_loss":0.0,"damage_taken":0.0,"relics_obtained":["WarpedTongs"],"cards_obtained":["Pain"]},{"damage_healed":0.0,"max_hp_gain":0.0,"max_hp_loss":0.0,"gold_gain":0.0,"event_name":"Scrap Ooze","player_choice":"Success","floor":8.0,"gold_loss":0.0,"damage_taken":3.0,"relics_obtained":["TungstenRod"]},{"damage_healed":0.0,"max_hp_gain":0.0,"max_hp_loss":24.0,"gold_gain":0.0,"event_name":"Vampires","player_choice":"Became a vampire","floor":24.0,"gold_loss":0.0,"damage_taken":0.0,"cards_obtained":["Bite","Bite","Bite","Bite","Bite"]},{"damage_healed":0.0,"max_hp_gain":0.0,"max_hp_loss":0.0,"gold_gain":99.0,"event_name":"Nest","player_choice":"Stole From Cult","floor":28.0,"gold_loss":0.0,"damage_taken":0.0},{"damage_healed":0,"gold_gain":0,"player_choice":"Fight","damage_taken":0,"max_hp_gain":0,"max_hp_loss":0,"event_name":"MindBloom","floor":37,"gold_loss":0},{"damage_healed":0,"gold_gain":0,"player_choice":"Ignored","damage_taken":0,"max_hp_gain":0,"max_hp_loss":0,"event_name":"Tomb of Lord Red Mask","floor":38,"gold_loss":0},{"cards_removed":["Defend_R"],"damage_healed":0,"gold_gain":0,"player_choice":"Removed Skill","damage_taken":0,"max_hp_gain":0,"max_hp_loss":0,"event_name":"Falling","floor":44,"gold_loss":0}],"is_beta":false,"boss_relics":[{"not_picked":["Black Star","Astrolabe"],"picked":"SlaversCollar"},{"not_picked":["Snecko Eye","Fusion Hammer"],"picked":"Cursed Key"}],"items_purged_floors":[3,19,47],"is_endless":false,"potions_floor_spawned":[4,5,10,14,16,18,20,21,31,37,40,48,54],"ascension_level":7}}