{"host":"puf131q5awx2h4uh","time":1614247465,"event":{"mods":["BaseMod","Minty Spire (QoL Compilation)","Quick Restart","Shop Mod","StSLib"],"gold_per_floor":[115,130,55,205,205,240,62,81,131,211,211,211,235,277,277,277,277],"floor_reached":16,"language":"ZHS","playtime":365,"items_purged":["Strike_R","Doubt"],"score":266,"play_id":"1753c20d-0f3b-41f1-a93b-dca34f19ab57","local_time":"20210225180425","is_ascension_mode":true,"campfire_choices":[{"data":"Body Slam","floor":11,"key":"SMITH"},{"data":"Armaments","floor":15,"key":"SMITH"}],"circlet_count":0,"master_deck":["AscendersBane","Strike_R","Strike_R","Strike_R","Strike_R","Defend_R","Defend_R","Defend_R","Defend_R","Bash","Flex","Body Slam+1","Battle Trance","Power Through","Spot Weakness","Armaments+1"],"relics":["Burning Blood","NeowsBlessing","Ancient Tea Set","CeramicFish","Pear","Mummified Hand","Incense Burner"],"acts_visited":["Exordium"],"potions_floor_usage":[14,16,16],"damage_taken":[{"damage":0,"enemies":"2 Louse","floor":1,"turns":1},{"damage":0,"enemies":"Small Slimes","floor":2,"turns":1},{"damage":0,"enemies":"Gremlin Nob","floor":6,"turns":1},{"damage":2,"enemies":"Jaw Worm","floor":8,"turns":5},{"damage":2,"enemies":"3 Louse","floor":13,"turns":3},{"damage":52,"enemies":"3 Sentries","floor":14,"turns":11},{"damage":32,"enemies":"Hexaghost","floor":16,"turns":10}],"seed_played":"-3071178163596686985","potions_obtained":[{"floor":1,"key":"Swift Potion"},{"floor":6,"key":"SkillPotion"},{"floor":14,"key":"EssenceOfSteel"}],"is_trial":false,"path_per_floor":["M","M","$","?","?","E","$","M","T","T","R","?","M","E","R","B"],"character_chosen":"IRONCLAD","items_purchased":["Power Through"],"campfire_rested":0,"item_purchase_floors":[7],"current_hp_per_floor":[74,75,75,75,80,80,80,80,80,90,90,72,76,30,30,0,0],"gold":277,"neow_bonus":"THREE_ENEMY_KILL","is_daily":false,"chose_seed":false,"campfire_upgraded":2,"win_rate":0.0,"timestamp":1614247465,"path_taken":["M","M","$","?","?","E","$","M","T","?","R","?","?","E","R","BOSS"],"items_purchased_type":["Card"],"build_version":"2020-12-22","purchased_purges":2,"victory":false,"max_hp_per_floor":[75,75,75,75,80,80,80,80,80,90,90,90,90,90,90,90,90],"card_choices":[{"not_picked":["Sword Boomerang","Clothesline"],"picked":"Flex","floor":1},{"not_picked":["Headbutt","Sever Soul"],"picked":"Body Slam","floor":2},{"not_picked":["Sever Soul","Dark Embrace"],"picked":"Battle Trance","floor":6},{"not_picked":["Clothesline","Warcry","True Grit"],"picked":"SKIP","floor":8},{"not_picked":["Blood for Blood","Headbutt"],"picked":"Spot Weakness","floor":13},{"not_picked":["Immolate","Warcry"],"picked":"Armaments","floor":14}],"player_experience":336151,"relics_obtained":[{"floor":6,"key":"Ancient Tea Set"},{"floor":9,"key":"CeramicFish"},{"floor":10,"key":"Pear"},{"floor":14,"key":"Incense Burner"}],"event_choices":[{"damage_healed":0,"gold_gain":150,"player_choice":"AGREE","damage_taken":0,"max_hp_gain":0,"max_hp_loss":0,"event_name":"Liars Game","floor":4,"gold_loss":0,"cards_obtained":["Doubt"]},{"damage_healed":0,"gold_gain":0,"player_choice":"Donut","damage_taken":0,"max_hp_gain":5,"max_hp_loss":0,"event_name":"Big Fish","floor":5,"gold_loss":0},{"damage_healed":0,"gold_gain":0,"player_choice":"Success","damage_taken":18,"relics_obtained":["Mummified Hand"],"max_hp_gain":0,"max_hp_loss":0,"event_name":"Scrap Ooze","floor":12,"gold_loss":0}],"is_beta":false,"boss_relics":[],"items_purged_floors":[3,7],"is_endless":false,"potions_floor_spawned":[1,6,14],"killed_by":"Hexaghost","ascension_level":20}}