{"host":"1bzbl1adcbkdzqlf","time":1614286110,"event":{"mods":["BaseMod","Minty Spire (QoL Compilation)","Slay the Relics Exporter"],"gold_per_floor":[119,136,211,211,211,255,274,308,308,360,383,396,396,427,427,517,517,531,550,434,434,449,449,490,66,89,132,151,167,167,205,205,301,301,324,657,672,333,349,382,394,394,394,411,411,445,462,489,489,489,489,489,489,23,53,53,53],"floor_reached":56,"language":"ENG","playtime":7546,"items_purged":["Strike_R","Writhe","Strike_R","Strike_R"],"score":2159,"play_id":"96836b87-1269-4c52-85c9-34c18f8f361a","local_time":"20210225144830","is_ascension_mode":true,"campfire_choices":[{"data":"Immolate","floor":13,"key":"SMITH"},{"floor":15,"key":"REST"},{"data":"Armaments","floor":23,"key":"SMITH"},{"data":"Sentinel","floor":30,"key":"SMITH"},{"data":"Bash","floor":32,"key":"SMITH"},{"floor":49,"key":"RECALL"},{"data":"Panacea","floor":53,"key":"SMITH"}],"circlet_count":0,"master_deck":["AscendersBane","Strike_R","Strike_R","Defend_R","Defend_R","Defend_R","Defend_R","Bash+1","Twin Strike","Infernal Blade+1","Immolate+1","Armaments+1","Disarm","Spot Weakness","Cleave","Shrug It Off","Corruption","Feel No Pain","Shrug It Off","Ghostly Armor","Feel No Pain+1","Sentinel+1","Exhume","Second Wind+1","Impervious","Iron Wave+1","Twin Strike+1","Power Through","Evolve+1","Dual Wield","Parasite","Panacea+1","Panache","Clothesline+1","Headbutt+1","Chrysalis"],"relics":["Burning Blood","NeowsBlessing","Calipers","Bottled Flame","Singing Bowl","Red Skull","Kunai","Snecko Eye","Centennial Puzzle","MealTicket","PreservedInsect","Bag of Marbles","Art of War","Pear","Nunchaku","Coffee Dripper","Akabeko","Ancient Tea Set","Question Card","Pantograph","Bronze Scales","Membership Card","Mummified Hand","Lantern"],"acts_visited":["Exordium","TheCity","TheBeyond","TheEnding"],"potions_floor_usage":[8,16,18,19,24,28,33,48,51,51,56],"damage_taken":[{"damage":0,"enemies":"Jaw Worm","floor":1,"turns":1},{"damage":0,"enemies":"Small Slimes","floor":2,"turns":1},{"damage":0,"enemies":"Lagavulin","floor":6,"turns":1},{"damage":14,"enemies":"2 Louse","floor":7,"turns":2},{"damage":10,"enemies":"3 Sentries","floor":8,"turns":3},{"damage":0,"enemies":"Exordium Wildlife","floor":11,"turns":2},{"damage":11,"enemies":"Blue Slaver","floor":12,"turns":3},{"damage":26,"enemies":"Lagavulin","floor":14,"turns":4},{"damage":6,"enemies":"Slime Boss","floor":16,"turns":5},{"damage":21,"enemies":"2 Thieves","floor":18,"turns":3},{"damage":3,"enemies":"3 Byrds","floor":19,"turns":3},{"damage":0,"enemies":"3 Cultists","floor":22,"turns":5},{"damage":12,"enemies":"Gremlin Leader","floor":24,"turns":6},{"damage":0,"enemies":"Slavers","floor":27,"turns":1},{"damage":15,"enemies":"Centurion and Healer","floor":28,"turns":3},{"damage":0,"enemies":"Cultist and Chosen","floor":29,"turns":6},{"damage":9,"enemies":"Gremlin Leader","floor":31,"turns":4},{"damage":13,"enemies":"Collector","floor":33,"turns":8},{"damage":0,"enemies":"3 Darklings","floor":35,"turns":1},{"damage":0,"enemies":"Orb Walker","floor":37,"turns":2},{"damage":0,"enemies":"3 Darklings","floor":39,"turns":1},{"damage":2,"enemies":"Nemesis","floor":40,"turns":5},{"damage":0,"enemies":"Writhing Mass","floor":41,"turns":7},{"damage":0,"enemies":"Sphere and 2 Shapes","floor":44,"turns":1},{"damage":15,"enemies":"Giant Head","floor":46,"turns":6},{"damage":0,"enemies":"4 Shapes","floor":47,"turns":1},{"damage":9,"enemies":"Reptomancer","floor":48,"turns":3},{"damage":21,"enemies":"Donu and Deca","floor":50,"turns":11},{"damage":45,"enemies":"Time Eater","floor":51,"turns":11},{"damage":23,"enemies":"Shield and Spear","floor":55,"turns":6},{"damage":104,"enemies":"The Heart","floor":56,"turns":8}],"seed_played":"5784410927067293344","potions_obtained":[{"floor":2,"key":"Energy Potion"},{"floor":11,"key":"BloodPotion"},{"floor":14,"key":"SteroidPotion"},{"floor":16,"key":"ColorlessPotion"},{"floor":18,"key":"Energy Potion"},{"floor":19,"key":"SteroidPotion"},{"floor":29,"key":"SneckoOil"},{"floor":39,"key":"ElixirPotion"},{"floor":40,"key":"Swift Potion"},{"floor":44,"key":"GamblersBrew"},{"floor":48,"key":"Strength Potion"},{"floor":55,"key":"EssenceOfSteel"}],"is_trial":false,"path_per_floor":["M","M","?","?","?","E","M","E","T","T","M","M","R","E","R","B",null,"M","M","$","?","M","R","E","$","T","E","M","M","R","E","R","B",null,"M","?","M","$","M","E","M","?","T","M","T","E","M","E","R","B","B",null,"R","$","E","B"],"character_chosen":"IRONCLAD","items_purchased":["Ghostly Armor","PreservedInsect","Bag of Marbles","Akabeko","Power Through","Membership Card","Mummified Hand","Chrysalis"],"campfire_rested":1,"item_purchase_floors":[20,25,25,38,38,54,54,54],"current_hp_per_floor":[74,75,64,64,38,44,36,32,32,32,38,33,33,13,35,35,65,50,68,68,68,74,74,68,75,75,85,78,86,86,83,83,76,86,89,89,89,89,89,89,91,83,83,89,89,82,90,87,87,82,58,87,87,97,82,0,0],"gold":53,"neow_bonus":"THREE_ENEMY_KILL","is_daily":false,"chose_seed":false,"campfire_upgraded":5,"win_rate":0.0,"timestamp":1614286110,"path_taken":["M","M","?","?","?","E","M","E","T","?","M","M","R","E","R","BOSS","M","M","$","?","M","R","E","$","T","E","M","M","R","E","R","BOSS","M","?","M","$","M","E","M","?","T","M","?","E","M","E","R","BOSS","BOSS","R","$","E","BOSS"],"items_purchased_type":["Card","Relic","Relic","Relic","Card","Relic","Relic","Card"],"build_version":"2020-12-22","purchased_purges":4,"victory":false,"max_hp_per_floor":[75,75,75,75,75,75,75,75,75,75,75,75,75,75,75,75,75,75,75,75,75,75,75,75,75,75,85,87,89,89,89,89,89,89,89,89,89,89,89,89,91,93,93,93,93,95,97,97,97,97,97,97,97,97,99,99,99],"card_choices":[{"not_picked":["Reckless Charge","Clash"],"picked":"Twin Strike","floor":1},{"not_picked":["Warcry","Clash"],"picked":"Infernal Blade","floor":2},{"not_picked":["Evolve","Carnage"],"picked":"Immolate","floor":6},{"not_picked":["Whirlwind","True Grit"],"picked":"Armaments","floor":7},{"not_picked":["Seeing Red","Sever Soul"],"picked":"Disarm","floor":8},{"not_picked":["Headbutt","Sever Soul"],"picked":"Spot Weakness","floor":11},{"not_picked":["Heavy Blade","Hemokinesis"],"picked":"Cleave","floor":12},{"not_picked":["Metallicize","Burning Pact"],"picked":"Shrug It Off","floor":14},{"not_picked":["Juggernaut","Bludgeon"],"picked":"Corruption","floor":16},{"not_picked":["Anger","Sword Boomerang"],"picked":"Feel No Pain","floor":18},{"not_picked":["Pommel Strike","Dropkick"],"picked":"Shrug It Off","floor":19},{"not_picked":["Combust","Iron Wave"],"picked":"Feel No Pain+1","floor":22},{"not_picked":["Dual Wield","Immolate"],"picked":"Sentinel","floor":24},{"not_picked":["Iron Wave","Rupture"],"picked":"Exhume","floor":27},{"not_picked":["Armaments","Clash","Sword Boomerang"],"picked":"Singing Bowl","floor":28},{"not_picked":["Flex","Armaments","Perfected Strike"],"picked":"Singing Bowl","floor":29},{"not_picked":["Feel No Pain","Thunderclap+1"],"picked":"Second Wind+1","floor":31},{"not_picked":["Corruption","Barricade"],"picked":"Impervious","floor":33},{"not_picked":["Intimidate","Shrug It Off"],"picked":"Iron Wave+1","floor":35},{"not_picked":["Second Wind","Flame Barrier"],"picked":"Twin Strike+1","floor":37},{"not_picked":["Anger","Searing Blow"],"picked":"Evolve+1","floor":39},{"not_picked":["Anger","Pummel"],"picked":"Dual Wield","floor":40},{"not_picked":["Perfected Strike","Ghostly Armor","Flex+1"],"picked":"Singing Bowl","floor":41},{"not_picked":["Flash of Steel","Thinking Ahead"],"picked":"Panacea","floor":42},{"not_picked":["PanicButton","Finesse"],"picked":"Panache","floor":42},{"not_picked":["Bandage Up","Impatience","Finesse"],"picked":"Singing Bowl","floor":42},{"not_picked":["Second Wind","Anger+1"],"picked":"Clothesline+1","floor":44},{"not_picked":["Clothesline","Flex","Intimidate+1","Infernal Blade+1"],"picked":"Singing Bowl","floor":46},{"not_picked":["Perfected Strike","Rampage","Flex","Searing Blow"],"picked":"Singing Bowl","floor":47},{"not_picked":["Shrug It Off+1","Corruption","Perfected Strike"],"picked":"Headbutt+1","floor":48},{"not_picked":["Armaments","Heavy Blade","Perfected Strike","Thunderclap"],"picked":"Singing Bowl","floor":55}],"player_experience":545535,"relics_obtained":[{"floor":6,"key":"Calipers"},{"floor":8,"key":"Bottled Flame"},{"floor":9,"key":"Singing Bowl"},{"floor":10,"key":"Red Skull"},{"floor":14,"key":"Kunai"},{"floor":24,"key":"MealTicket"},{"floor":26,"key":"Art of War"},{"floor":27,"key":"Pear"},{"floor":31,"key":"Nunchaku"},{"floor":40,"key":"Ancient Tea Set"},{"floor":45,"key":"Question Card"},{"floor":46,"key":"Pantograph"},{"floor":48,"key":"Bronze Scales"},{"floor":55,"key":"Lantern"}],"event_choices":[{"damage_healed":0,"gold_gain":75,"player_choice":"Gather Gold","damage_taken":11,"max_hp_gain":0,"max_hp_loss":0,"event_name":"World of Goop","floor":3,"gold_loss":0},{"damage_healed":0,"gold_gain":0,"player_choice":"Grow","damage_taken":0,"max_hp_gain":0,"max_hp_loss":0,"event_name":"Living Wall","floor":4,"gold_loss":0,"cards_upgraded":["Infernal Blade"]},{"damage_healed":0,"gold_gain":0,"player_choice":"Take Damage","damage_taken":26,"relics_obtained":["Golden Idol"],"max_hp_gain":0,"max_hp_loss":0,"event_name":"Golden Idol","floor":5,"gold_loss":0},{"damage_healed":0,"gold_gain":0,"player_choice":"Opened","damage_taken":0,"relics_obtained":["Centennial Puzzle"],"max_hp_gain":0,"max_hp_loss":0,"event_name":"The Mausoleum","floor":21,"gold_loss":0,"cards_obtained":["Writhe"]},{"damage_healed":0,"gold_gain":333,"player_choice":"Gave Idol","damage_taken":0,"max_hp_gain":0,"max_hp_loss":0,"event_name":"The Moai Head","floor":36,"relics_lost":["Golden Idol"],"gold_loss":0},{"damage_healed":0,"gold_gain":0,"player_choice":"Memory 3","damage_taken":10,"max_hp_gain":0,"max_hp_loss":0,"event_name":"SensoryStone","floor":42,"gold_loss":0}],"is_beta":false,"boss_relics":[{"not_picked":["Mark of Pain","Calling Bell"],"picked":"Snecko Eye"},{"not_picked":["Empty Cage","SlaversCollar"],"picked":"Coffee Dripper"}],"items_purged_floors":[20,25,38,54],"is_endless":false,"potions_floor_spawned":[2,11,14,16,18,19,29,39,40,44,46,48,55],"killed_by":"The Heart","ascension_level":20}}