{"host":"gcjbq24aew6ut89u","time":1614236394,"event":{"mods":["BaseMod","Colored Powertips","Highlight Path","KomeijiMod","Lobotomy","Marisa£®ÏF”Í°°ƒß¿Ì…≥£©","Minty Spire (QoL Compilation)","Replay The Spire","Shop Mod","StSLib","The Jungle","Waifu the Spire"],"gold_per_floor":[116,136,150,150,150,150,177,177,177,210,284,318,338,46,46,150,150,198,198,217,63,63,92,117,155,155,181,231,239,239],"floor_reached":29,"language":"ZHS","playtime":1823,"items_purged":[],"score":364,"play_id":"0f2749bf-65df-439e-bab1-79ae5ae09d17","local_time":"20210225145954","is_ascension_mode":true,"campfire_choices":[{"data":"Wish","floor":6.0,"key":"SMITH"},{"floor":8.0,"key":"RECALL"},{"floor":15.0,"key":"REST"}],"circlet_count":0,"master_deck":["Strike_P+1","Defend_P+1","Defend_P+1","Defend_P+1","Eruption+1","Vigilance","EmptyFist","Establishment+1","Wish+1","Crescendo","DeusExMachina","Judgement","Study","Strike_P+1","Collect"],"relics":["PureWater","Replay:Bottled Steam","ReplayTheSpireMod:Shallot","Pen Nib","Omamori","Orichalcum","Replay:Purple Gloves","Replay:Drink Me","Replay:Baseball","Replay:Bandana","Blue Doll","Garlic"],"acts_visited":["Exordium","TheCity"],"potions_floor_usage":[],"damage_taken":[{"damage":0.0,"enemies":"Cultist","floor":1.0,"turns":2.0},{"damage":2.0,"enemies":"Jaw Worm","floor":2.0,"turns":3.0},{"damage":0.0,"enemies":"2 Louse","floor":3.0,"turns":2.0},{"damage":12.0,"enemies":"Gremlin Nob","floor":7.0,"turns":3.0},{"damage":13.0,"enemies":"Lagavulin","floor":10.0,"turns":5.0},{"damage":0.0,"enemies":"Gremlin Nob","floor":12.0,"turns":2.0},{"damage":0.0,"enemies":"2 Fungi Beasts","floor":13.0,"turns":2.0},{"damage":25.0,"enemies":"Fading Forest","floor":16.0,"turns":11.0},{"damage":13.0,"enemies":"Shell Parasite","floor":18.0,"turns":6.0},{"damage":0.0,"enemies":"3 Byrds","floor":20.0,"turns":5.0},{"damage":0.0,"enemies":"Book of Stabbing","floor":23.0,"turns":4.0},{"damage":8.0,"enemies":"Centurion and Healer","floor":24.0,"turns":4.0},{"damage":23.0,"enemies":"Gremlin Leader","floor":25.0,"turns":7.0},{"damage":0,"enemies":"Chosen and Byrds","floor":27,"turns":4},{"damage":10,"enemies":"Slavers","floor":29,"turns":2}],"seed_played":"4743157876499864117","potions_obtained":[{"floor":2.0,"key":"CalmPotion"},{"floor":3.0,"key":"Explosive Potion"},{"floor":7.0,"key":"Dexterity Potion"},{"floor":11.0,"key":"Adrenaline Potion"},{"floor":12.0,"key":"Weak Potion"}],"is_trial":false,"path_per_floor":["M","M","M","?","?","R","E","R","T","E","?","E","M","$","R","B",null,"M","?","M","$","?","E","M","E","T","M","?","E"],"character_chosen":"WATCHER","items_purchased":["Replay:Purple Gloves","Replay:Baseball"],"campfire_rested":1,"item_purchase_floors":[14,21],"current_hp_per_floor":[72,70,70,70,70,70,58,58,58,45,27,27,27,27,48,37,54,41,41,41,41,41,41,33,10,10,10,10,0,0],"gold":239,"neow_bonus":"UPGRADE_CARD","is_daily":false,"chose_seed":false,"campfire_upgraded":1,"win_rate":0.0,"timestamp":1614236394,"path_taken":["M","?","M","?","?","R","E","R","T","E","?","E","?","?","R","BOSS","M","?","M","$","?","E","?","E","T","?","?","E"],"items_purchased_type":["Relic","Relic"],"build_version":"2020-12-22","purchased_purges":0,"victory":false,"max_hp_per_floor":[72,72,72,72,72,72,72,72,72,72,72,72,72,72,72,72,54,54,54,54,54,54,54,54,54,54,54,54,54,54],"card_choices":[{"not_picked":["Collect","JustLucky"],"picked":"EmptyFist","floor":1.0},{"not_picked":["FollowUp","Prostrate","Replay:Vibes"],"picked":"SKIP","floor":2.0},{"not_picked":["WaveOfTheHand","Replay:BluntJabs","Protect"],"picked":"SKIP","floor":3.0},{"not_picked":["FollowUp","Replay:Vibes","JustLucky"],"picked":"SKIP","floor":7.0},{"not_picked":["FollowUp","Replay:Vibes","JustLucky"],"picked":"SKIP","floor":7.0},{"not_picked":["Sanctity","EmptyFist"],"picked":"Ragnarok","floor":10.0},{"not_picked":["Evaluate","Replay:DivineShield"],"picked":"Crescendo","floor":11.0},{"not_picked":["PathToVictory","Adaptation"],"picked":"DeusExMachina","floor":12.0},{"not_picked":["ThirdEye","ForeignInfluence","BowlingBash"],"picked":"SKIP","floor":13.0},{"not_picked":["ConjureBlade","Brilliance"],"picked":"Judgement","floor":16.0},{"not_picked":["Replay:Cycle","Vengeance"],"picked":"Study","floor":18.0},{"not_picked":["Tantrum","ClearTheMind","Replay:AtTheReady"],"picked":"SKIP","floor":20.0},{"not_picked":["Vault","Nirvana"],"picked":"Collect","floor":23.0},{"not_picked":["Pray","CutThroughFate+1","JustLucky"],"picked":"SKIP","floor":24.0},{"not_picked":["JustLucky","Study","FlyingSleeves"],"picked":"SKIP","floor":25},{"not_picked":["FollowUp+1","MentalFortress","Study"],"picked":"SKIP","floor":27}],"player_experience":66502,"relics_obtained":[{"floor":7.0,"key":"Replay:Bottled Steam"},{"floor":9.0,"key":"ReplayTheSpireMod:Shallot"},{"floor":10.0,"key":"Pen Nib"},{"floor":11.0,"key":"Omamori"},{"floor":12.0,"key":"Orichalcum"},{"floor":23.0,"key":"Replay:Bandana"},{"floor":25,"key":"Blue Doll"},{"floor":26,"key":"Garlic"}],"event_choices":[{"damage_healed":0.0,"max_hp_gain":0.0,"max_hp_loss":0.0,"gold_gain":0.0,"cards_transformed":["Strike_P"],"event_name":"Living Wall","player_choice":"Change","floor":5.0,"gold_loss":0.0,"damage_taken":0.0,"cards_obtained":["Wish"]},{"damage_healed":0.0,"max_hp_gain":0.0,"max_hp_loss":0.0,"gold_gain":0.0,"event_name":"Back to Basics","player_choice":"Simplicity","floor":19.0,"gold_loss":0.0,"damage_taken":0.0,"cards_upgraded":["Strike_P","Defend_P","Defend_P","Defend_P"]},{"damage_healed":0.0,"max_hp_gain":0.0,"max_hp_loss":0.0,"gold_gain":0.0,"event_name":"Duplicator","player_choice":"Copied","floor":22.0,"gold_loss":0.0,"damage_taken":0.0,"cards_obtained":["Strike_P"]},{"damage_healed":0,"gold_gain":100,"player_choice":"Bet on Murderer","damage_taken":0,"max_hp_gain":0,"max_hp_loss":0,"event_name":"The Joust","floor":28,"gold_loss":50}],"is_beta":false,"boss_relics":[{"not_picked":["Replay:Fungal Core","ReplayTheSpireMod:DimensionalGlitch"],"picked":"Replay:Drink Me"}],"items_purged_floors":[],"is_endless":false,"potions_floor_spawned":[2,3,7,12,18,25,27],"killed_by":"Slavers","ascension_level":2}}