{"host":"cd7awanv0x2msn9z","time":1614254478,"event":{"mods":["BaseMod","Downfall","Minty Spire (QoL Compilation)","Replay The Spire","StSLib","SuperFastMode"],"gold_per_floor":[111,111,111,127,48,77,77,97,123,147,159,188,226,252,264,276,276],"floor_reached":16,"language":"ZHS","playtime":1642,"items_purged":[],"score":158,"play_id":"1f0514a1-2bdf-43d6-a562-95e1d2d97cae","local_time":"20210225200118","is_ascension_mode":true,"campfire_choices":[{"data":"Noxious Fumes","floor":15,"key":"SMITH"}],"circlet_count":0,"master_deck":["Strike_G","Strike_G","Strike_G","Strike_G","Strike_G","Defend_G+1","Defend_G","Defend_G","Defend_G","Defend_G","Survivor","Neutralize","Deadly Poison+1","Noxious Fumes","Noxious Fumes+1","Deadly Poison","Leg Sweep"],"relics":["Ring of the Snake","NeowsBlessing","Replay:Towering Pillar of Hats","Peace Pipe","MawBank","Ancient Tea Set"],"acts_visited":["Exordium"],"potions_floor_usage":[10,10,10],"damage_taken":[{"damage":0,"enemies":"Cultist","floor":1,"turns":1},{"damage":0,"enemies":"Jaw Worm","floor":4,"turns":1},{"damage":0,"enemies":"Gremlin Nob","floor":6,"turns":1},{"damage":9,"enemies":"2 Louse","floor":8,"turns":3},{"damage":8,"enemies":"Lots of Slimes","floor":10,"turns":4},{"damage":9,"enemies":"Blue Slaver","floor":12,"turns":3},{"damage":31,"enemies":"3 Sentries","floor":13,"turns":6},{"damage":20,"enemies":"Exordium Wildlife","floor":14,"turns":4},{"damage":12,"enemies":"The Guardian","floor":16,"turns":6}],"seed_played":"7540951840622809702","potions_obtained":[{"floor":1,"key":"LifebloodPotion"},{"floor":4,"key":"SpeedPotion"},{"floor":8,"key":"Adrenaline Potion"},{"floor":12,"key":"Milkshake"}],"is_trial":false,"path_per_floor":["M","?","$","M","$","E","T","M","T","M","?","M","E","M","R","B"],"character_chosen":"THE_SILENT","items_purchased":["Noxious Fumes"],"campfire_rested":0,"item_purchase_floors":[5],"current_hp_per_floor":[70,56,56,56,56,56,56,47,47,39,70,61,30,10,10,0,0],"gold":276,"neow_bonus":"THREE_ENEMY_KILL","is_daily":false,"chose_seed":false,"campfire_upgraded":1,"win_rate":0.0,"timestamp":1614254478,"path_taken":["M","?","$","M","$","E","?","M","T","?","?","M","E","M","R","BOSS"],"items_purchased_type":["Card"],"build_version":"2020-12-22","purchased_purges":0,"victory":false,"max_hp_per_floor":[70,70,70,70,70,70,70,70,70,70,70,70,70,70,70,70,70],"card_choices":[{"not_picked":["Prepared","Poisoned Stab"],"picked":"Deadly Poison","floor":1},{"not_picked":["Well Laid Plans","Dagger Throw"],"picked":"Draining Mist","floor":4},{"not_picked":["Outmaneuver","Dagger Throw","Hidden Blade"],"picked":"SKIP","floor":6},{"not_picked":["Hidden Blade","Quick Slash"],"picked":"Noxious Fumes","floor":8},{"not_picked":["Skewer","Blade Dance","Bane"],"picked":"SKIP","floor":10},{"not_picked":["Draining Mist","Bane"],"picked":"Deadly Poison","floor":12},{"not_picked":["Poisoned Stab","Setup"],"picked":"Leg Sweep","floor":13},{"not_picked":["Choke","Underhanded Strike","Sucker Punch"],"picked":"SKIP","floor":14}],"player_experience":147772,"relics_obtained":[{"floor":6,"key":"Replay:Towering Pillar of Hats"},{"floor":7,"key":"Peace Pipe"},{"floor":9,"key":"MawBank"},{"floor":13,"key":"Ancient Tea Set"}],"event_choices":[{"damage_healed":0,"gold_gain":0,"player_choice":"Entered Light","damage_taken":14,"max_hp_gain":0,"max_hp_loss":0,"event_name":"Shining Light","floor":2,"gold_loss":0,"cards_upgraded":["Defend_G","Deadly Poison"]},{"cards_removed":["Draining Mist"],"damage_healed":31,"gold_gain":0,"player_choice":"Offered Uncommon","damage_taken":0,"max_hp_gain":0,"max_hp_loss":0,"event_name":"Bonfire Elementals","floor":11,"gold_loss":0}],"is_beta":false,"boss_relics":[],"items_purged_floors":[],"is_endless":false,"potions_floor_spawned":[1,4,8,12],"killed_by":"The Guardian","ascension_level":3}}