{"host":"8vqkh0x3c7vpgzzm","time":1614284169,"event":{"mods":["AchievementEnabler","BaseMod","Colored Map","Colored Powertips","Curses Come First","DeckTracker","Highlight Path","Minty Spire (QoL Compilation)","Permanent Neow","Quick Restart","Random Character Mod","Rare Cards Sparkle","Relic Sorter","Relic Stats","StSLib","SuperFastMode","Unceasing Turn Reminder","egg","everything is the same but u backflip on backflip"],"gold_per_floor":[116,128,143,160,160,195,195,207,207,207,232,45,45,45,45],"floor_reached":14,"language":"ENG","playtime":984,"items_purged":[],"score":195,"play_id":"9edc8098-4518-419e-b59f-8c0b9cecaae9","local_time":"20210225211609","is_ascension_mode":true,"campfire_choices":[{"data":"Neutralize","floor":7,"key":"SMITH"},{"floor":10,"key":"REST"},{"data":"Panache","floor":13,"key":"SMITH"}],"circlet_count":0,"master_deck":["Strike_G","Strike_G","Strike_G","Strike_G","Defend_G","Defend_G","Neutralize+1","Venomology","Spot Weakness","True Grit","Defend_G+1","Survivor+1","Beam Cell+1","Chaos","Blur","Sanctity","Backflip","Panache+1"],"relics":["Ring of the Snake","PrismaticShard","White Beast Statue","Potion Belt","Prayer Wheel","Gremlin Horn","Singing Bowl"],"acts_visited":["Exordium"],"potions_floor_usage":[3,4,6,6,6,6,11,11,11,14,14,14],"damage_taken":[{"damage":1,"enemies":"Jaw Worm","floor":1,"turns":5},{"damage":1,"enemies":"Cultist","floor":2,"turns":4},{"damage":0,"enemies":"2 Louse","floor":3,"turns":3},{"damage":12,"enemies":"Lots of Slimes","floor":4,"turns":5},{"damage":18,"enemies":"Lagavulin","floor":6,"turns":5},{"damage":14,"enemies":"Exordium Thugs","floor":8,"turns":7},{"damage":12,"enemies":"3 Sentries","floor":11,"turns":9},{"damage":22,"enemies":"Gremlin Nob","floor":14,"turns":3}],"seed_played":"1273151534029168726","potions_obtained":[{"floor":1,"key":"FairyPotion"},{"floor":2,"key":"ColorlessPotion"},{"floor":3,"key":"PowerPotion"},{"floor":4,"key":"Strength Potion"},{"floor":6,"key":"Explosive Potion"},{"floor":8,"key":"Block Potion"},{"floor":11,"key":"GamblersBrew"}],"is_trial":true,"path_per_floor":["M","M","M","M","?","E","R","M","T","R","E","$","R","E"],"character_chosen":"THE_SILENT","items_purchased":["Panache"],"campfire_rested":1,"item_purchase_floors":[12],"current_hp_per_floor":[58,57,57,45,45,27,27,13,13,32,22,22,22,0,0],"gold":45,"neow_bonus":"","is_daily":false,"chose_seed":false,"campfire_upgraded":2,"win_rate":0.0,"timestamp":1614284169,"path_taken":["M","M","M","M","?","E","R","?","T","R","E","$","R","E"],"items_purchased_type":["Card"],"build_version":"2020-12-22","purchased_purges":0,"victory":false,"max_hp_per_floor":[66,66,66,66,66,66,66,66,66,66,68,68,68,68,68],"relic_stats":{"Gremlin Horn":[2,2],"Singing Bowl":2,"counters":[8,41],"Prayer Wheel":1,"obtain_stats":[{"Potion Belt":0,"Gremlin Horn":9,"Singing Bowl":11,"SacredBark":0,"Prayer Wheel":6,"PrismaticShard":0,"White Beast Statue":0,"Ring of the Snake":0},{"Potion Belt":0,"Gremlin Horn":6,"Singing Bowl":7,"SacredBark":0,"Prayer Wheel":5,"PrismaticShard":0,"White Beast Statue":0,"Ring of the Snake":0},{"Potion Belt":0,"Gremlin Horn":29,"Singing Bowl":38,"SacredBark":0,"Prayer Wheel":22,"PrismaticShard":0,"White Beast Statue":0,"Ring of the Snake":0}],"Ring of the Snake":[16]},"card_choices":[{"not_picked":["Dodge and Roll","Iron Wave"],"picked":"Spot Weakness","floor":1},{"not_picked":["Eviscerate","Reinforced Body"],"picked":"True Grit","floor":2},{"not_picked":["Predator","Intimidate"],"picked":"Beam Cell","floor":3},{"not_picked":["Tactician","Heatsinks"],"picked":"Chaos","floor":4},{"not_picked":["Defragment","Barrage"],"picked":"Blur","floor":6},{"not_picked":["Warcry","Twin Strike"],"picked":"Sanctity","floor":8},{"not_picked":["Headbutt","Backflip","ReachHeaven"],"picked":"SKIP","floor":8},{"not_picked":["Headbutt","ReachHeaven"],"picked":"Backflip","floor":8},{"not_picked":["PiercingWail","Fasting2","Undo"],"picked":"Singing Bowl","floor":11}],"player_experience":660970,"relics_obtained":[{"floor":6,"key":"Prayer Wheel"},{"floor":9,"key":"Gremlin Horn"},{"floor":11,"key":"Singing Bowl"}],"event_choices":[{"damage_healed":0,"gold_gain":0,"player_choice":"Upgraded","damage_taken":0,"max_hp_gain":0,"max_hp_loss":0,"event_name":"Upgrade Shrine","floor":5,"gold_loss":0,"cards_upgraded":["Beam Cell"]}],"is_beta":false,"boss_relics":[],"items_purged_floors":[],"is_endless":false,"potions_floor_spawned":[1,2,3,4,6,8,11],"killed_by":"Gremlin Nob","ascension_level":19}}