{"host":"6lsob4l0icwczu35","time":1614250383,"event":{"mods":["BaseMod","Curses Come First","Minty Spire (QoL Compilation)","Relic Stats","StSLib"],"gold_per_floor":[118,118,135,155,168,168,197,197,223,254,271,15,29,42,42,42,42],"floor_reached":16,"language":"ENG","playtime":568,"items_purged":["Defend_G"],"score":131,"play_id":"1d03a913-4e3e-428b-8dcd-d6ae654897a4","local_time":"20210225125303","is_ascension_mode":true,"campfire_choices":[{"data":"Poisoned Stab","floor":6,"key":"SMITH"},{"data":"Concentrate","floor":8,"key":"SMITH"},{"data":"Noxious Fumes","floor":15,"key":"SMITH"}],"circlet_count":0,"master_deck":["Strike_G","Strike_G","Strike_G","Strike_G","Strike_G","Defend_G","Defend_G+1","Defend_G","Defend_G","Survivor+1","Neutralize","Noxious Fumes+1","Poisoned Stab+1","Outmaneuver","Setup","Concentrate+1","Cloak And Dagger","Dagger Spray","Noxious Fumes+1","PiercingWail","Dagger Throw"],"relics":["Philosopher\u0027s Stone","Vajra","War Paint","Juzu Bracelet","Membership Card"],"acts_visited":["Exordium"],"potions_floor_usage":[7,7,10],"damage_taken":[{"damage":1,"enemies":"Jaw Worm","floor":1,"turns":6},{"damage":3,"enemies":"Cultist","floor":3,"turns":4},{"damage":1,"enemies":"Small Slimes","floor":4,"turns":3},{"damage":0,"enemies":"Red Slaver","floor":5,"turns":5},{"damage":8,"enemies":"Gremlin Nob","floor":7,"turns":4},{"damage":10,"enemies":"3 Sentries","floor":10,"turns":6},{"damage":0,"enemies":"Exordium Wildlife","floor":11,"turns":3},{"damage":12,"enemies":"Lots of Slimes","floor":13,"turns":3},{"damage":5,"enemies":"Large Slime","floor":14,"turns":5},{"damage":31,"enemies":"Slime Boss","floor":16,"turns":3}],"seed_played":"-577208538730959258","potions_obtained":[{"floor":1,"key":"PowerPotion"},{"floor":3,"key":"DistilledChaos"},{"floor":4,"key":"Block Potion"},{"floor":10,"key":"CunningPotion"}],"is_trial":false,"path_per_floor":["M","?","M","M","M","R","E","R","T","E","M","$","M","M","R","B"],"character_chosen":"THE_SILENT","items_purchased":["Membership Card","Noxious Fumes","Strength Potion"],"campfire_rested":0,"item_purchase_floors":[12,12,12],"current_hp_per_floor":[69,69,66,65,65,65,57,57,57,47,47,47,35,30,30,0,0],"gold":42,"neow_bonus":"BOSS_RELIC","is_daily":false,"chose_seed":false,"campfire_upgraded":3,"win_rate":0.0,"timestamp":1614250383,"path_taken":["M","?","?","M","M","R","E","R","T","E","M","?","M","M","R","BOSS"],"items_purchased_type":["Relic","Card","Potion"],"build_version":"2020-12-22","purchased_purges":1,"victory":false,"max_hp_per_floor":[70,70,70,70,70,70,70,70,70,70,70,70,70,70,70,70,70],"relic_stats":{"counters":[10,42],"Juzu Bracelet":0,"War Paint":["Defend_G","Survivor"],"obtain_stats":[{"Vajra":7,"Philosopher\u0027s Stone":0,"Juzu Bracelet":10,"Membership Card":12,"War Paint":9,"Ring of the Snake":0},{"Vajra":5,"Philosopher\u0027s Stone":0,"Juzu Bracelet":6,"Membership Card":7,"War Paint":5,"Ring of the Snake":0},{"Vajra":22,"Philosopher\u0027s Stone":0,"Juzu Bracelet":28,"Membership Card":31,"War Paint":22,"Ring of the Snake":0}]},"card_choices":[{"not_picked":["Deflect","Flying Knee"],"picked":"Noxious Fumes","floor":1},{"not_picked":["Well Laid Plans","Quick Slash"],"picked":"Poisoned Stab","floor":3},{"not_picked":["Slice","Underhanded Strike"],"picked":"Outmaneuver","floor":4},{"not_picked":["Distraction","A Thousand Cuts"],"picked":"Setup","floor":5},{"not_picked":["Crippling Poison","Terror"],"picked":"Concentrate","floor":7},{"not_picked":["Caltrops","Flying Knee"],"picked":"Cloak And Dagger","floor":10},{"not_picked":["Flying Knee","Outmaneuver"],"picked":"Dagger Spray","floor":11},{"not_picked":["Escape Plan","Masterful Stab"],"picked":"PiercingWail","floor":13},{"not_picked":["Infinite Blades","Blur"],"picked":"Dagger Throw","floor":14}],"player_experience":316244,"relics_obtained":[{"floor":7,"key":"Vajra"},{"floor":9,"key":"War Paint"},{"floor":10,"key":"Juzu Bracelet"}],"event_choices":[{"damage_healed":0,"gold_gain":0,"player_choice":"Forge","damage_taken":0,"max_hp_gain":0,"max_hp_loss":0,"event_name":"Accursed Blacksmith","floor":2,"gold_loss":0,"cards_upgraded":["Noxious Fumes"]}],"is_beta":false,"boss_relics":[],"items_purged_floors":[12],"is_endless":false,"potions_floor_spawned":[1,3,4,10],"killed_by":"Slime Boss","ascension_level":3}}