{"host":"uy3vg6glkp8m6iit","time":1614243401,"event":{"mods":["AchievementEnabler","BaseMod","Colored Map","DeckTracker","Highlight Path","Keyboard Shortcuts","Minty Spire (QoL Compilation)","Quick Restart","Random Character Button","Rare Cards Sparkle","Relic Stats","StSLib","everything is the same but u backflip on backflip"],"gold_per_floor":[359,359,383,454,478,478,503,249,298,333,333,333,333,357,357,451,451,471,471,494,494,494,494,510,510,578,104,104,124,143,182,182,272,272,287,306,62,62,85,119,135,179,202,217,217,233,272,291,291,291,291,291,291,50,86,86,86],"floor_reached":56,"language":"KOR","playtime":3787,"items_purged":["Strike_G","Strike_G","Defend_G","Underhanded Strike"],"score":1943,"play_id":"839d43eb-1d46-4541-8acd-4356393fa790","local_time":"20210225175641","is_ascension_mode":true,"campfire_choices":[{"data":"All Out Attack","floor":6.0,"key":"SMITH"},{"floor":13.0,"key":"REST"},{"data":"Neutralize","floor":15.0,"key":"SMITH"},{"data":"Wraith Form v2","floor":23.0,"key":"SMITH"},{"data":"Footwork","floor":25.0,"key":"SMITH"},{"data":"Dodge and Roll","floor":28.0,"key":"SMITH"},{"data":"Well Laid Plans","floor":32.0,"key":"SMITH"},{"floor":45.0,"key":"RECALL"},{"data":"Apotheosis","floor":49.0,"key":"SMITH"},{"data":"PiercingWail","floor":53.0,"key":"SMITH"}],"circlet_count":0,"master_deck":["AscendersBane","Defend_G+1","Defend_G","Defend_G","Survivor+1","Neutralize+1","Cloak And Dagger","All Out Attack+1","PiercingWail+1","Footwork+1","Backstab","Backflip","Glass Knife","Wraith Form v2+1","Acrobatics","Flying Knee","Dodge and Roll+1","Calculated Gamble+1","PiercingWail","Well Laid Plans+1","Crippling Poison+1","Corpse Explosion","Adrenaline","Apotheosis+1","Acrobatics+1","Reflex+1","Catalyst"],"relics":["Ring of the Snake","Golden Idol","Pen Nib","War Paint","Coffee Dripper","Nilry\u0027s Codex","White Beast Statue","Pantograph","Membership Card","Pear","Vajra","Dream Catcher","Empty Cage","PreservedInsect","Molten Egg 2","Lantern","Gambling Chip","OrangePellets","Ornamental Fan"],"acts_visited":["Exordium","TheCity","TheBeyond","TheEnding"],"potions_floor_usage":[56],"damage_taken":[{"damage":2.0,"enemies":"2 Louse","floor":1.0,"turns":4.0},{"damage":0.0,"enemies":"Small Slimes","floor":3.0,"turns":4.0},{"damage":1.0,"enemies":"Cultist","floor":5.0,"turns":5.0},{"damage":14.0,"enemies":"Large Slime","floor":7.0,"turns":7.0},{"damage":18.0,"enemies":"Gremlin Nob","floor":10.0,"turns":4.0},{"damage":5.0,"enemies":"Blue Slaver","floor":14.0,"turns":4.0},{"damage":19.0,"enemies":"The Guardian","floor":16.0,"turns":15.0},{"damage":6.0,"enemies":"2 Thieves","floor":18.0,"turns":5.0},{"damage":0.0,"enemies":"Spheric Guardian","floor":20.0,"turns":1.0},{"damage":0.0,"enemies":"3 Cultists","floor":24.0,"turns":5.0},{"damage":0.0,"enemies":"Snecko","floor":29.0,"turns":5.0},{"damage":1.0,"enemies":"Centurion and Healer","floor":30.0,"turns":7.0},{"damage":12.0,"enemies":"Slavers","floor":31.0,"turns":6.0},{"damage":6.0,"enemies":"Collector","floor":33.0,"turns":9.0},{"damage":0.0,"enemies":"3 Shapes","floor":35.0,"turns":3.0},{"damage":0.0,"enemies":"Orb Walker","floor":36.0,"turns":4.0},{"damage":10.0,"enemies":"Sphere and 2 Shapes","floor":39.0,"turns":5.0},{"damage":13.0,"enemies":"Reptomancer","floor":40.0,"turns":8.0},{"damage":0.0,"enemies":"Jaw Worm Horde","floor":41.0,"turns":3.0},{"damage":5.0,"enemies":"Nemesis","floor":42.0,"turns":7.0},{"damage":11.0,"enemies":"Spire Growth","floor":44.0,"turns":7.0},{"damage":0.0,"enemies":"4 Shapes","floor":46.0,"turns":7.0},{"damage":1.0,"enemies":"Giant Head","floor":47.0,"turns":8.0},{"damage":4.0,"enemies":"Writhing Mass","floor":48.0,"turns":7.0},{"damage":34.0,"enemies":"Time Eater","floor":50.0,"turns":18.0},{"damage":24.0,"enemies":"Donu and Deca","floor":51.0,"turns":13.0},{"damage":35.0,"enemies":"Shield and Spear","floor":55.0,"turns":7.0},{"damage":69,"enemies":"The Heart","floor":56,"turns":8}],"seed_played":"-1577612599456231198","potions_obtained":[{"floor":7.0,"key":"EssenceOfSteel"},{"floor":10.0,"key":"PowerPotion"},{"floor":29.0,"key":"Swift Potion"},{"floor":30.0,"key":"Dexterity Potion"},{"floor":31.0,"key":"BlessingOfTheForge"},{"floor":33.0,"key":"SteroidPotion"},{"floor":36.0,"key":"Swift Potion"},{"floor":38.0,"key":"AttackPotion"},{"floor":41.0,"key":"Dexterity Potion"},{"floor":42.0,"key":"PowerPotion"},{"floor":44.0,"key":"FairyPotion"},{"floor":46.0,"key":"SkillPotion"},{"floor":55.0,"key":"SkillPotion"}],"is_trial":false,"path_per_floor":["M","?","M","?","M","R","M","$","T","E","?","?","R","M","R","B",null,"M","?","M","?","T","R","M","R","T","$","R","M","M","E","R","B",null,"M","M","$","?","M","E","M","E","T","M","R","M","E","M","R","B","B",null,"R","$","E","B"],"character_chosen":"THE_SILENT","items_purchased":["Footwork","Backstab","Explosive Potion","Membership Card","Pear","PiercingWail","Well Laid Plans","Vajra","PreservedInsect","Apotheosis","OrangePellets","Catalyst","Ancient Potion"],"campfire_rested":1,"item_purchase_floors":[8,8,8,27,27,27,27,27,37,37,54,54,54],"current_hp_per_floor":[42,42,42,42,41,41,27,27,27,9,9,9,27,22,22,3,46,40,19,19,19,19,19,19,19,19,29,29,29,28,16,16,35,61,61,61,61,61,51,38,38,33,33,22,22,22,21,17,17,8,9,55,55,55,20,0,0],"gold":86,"neow_bonus":"TWO_FIFTY_GOLD","is_daily":false,"chose_seed":false,"campfire_upgraded":8,"win_rate":0.0,"timestamp":1614243401,"path_taken":["M","?","M","?","M","R","M","$","T","E","?","?","R","M","R","BOSS","M","?","M","?","?","R","M","R","T","$","R","M","M","E","R","BOSS","M","M","$","?","M","E","?","E","T","M","R","M","E","M","R","BOSS","BOSS","R","$","E","BOSS"],"items_purchased_type":["Card","Card","Potion","Relic","Relic","Card","Card","Relic","Relic","Card","Relic","Card","Potion"],"build_version":"2020-12-22","purchased_purges":4,"victory":false,"max_hp_per_floor":[66,60,60,60,60,60,60,60,60,60,60,60,60,60,60,60,60,60,60,60,60,60,60,60,60,60,70,70,70,70,70,70,70,70,70,70,70,70,70,70,70,70,70,70,70,70,70,70,70,70,70,70,70,70,70,70,70],"relic_stats":{"OrangePellets":[3],"Dream Catcher":0,"counters":[28,186],"Golden Idol":193,"Ornamental Fan":[8],"Pantograph":100,"Gambling Chip":[15],"Pen Nib":[26],"PreservedInsect":319,"War Paint":["Defend_G","Survivor"],"obtain_stats":[{"Lantern":42,"Pear":27,"Golden Idol":2,"Nilry\u0027s Codex":19,"Vajra":27,"Pen Nib":9,"PreservedInsect":37,"War Paint":10,"Empty Cage":34,"White Beast Statue":22,"OrangePellets":54,"Dream Catcher":31,"Ornamental Fan":55,"Pantograph":26,"Gambling Chip":47,"Molten Egg 2":40,"Coffee Dripper":17,"Membership Card":27,"Ring of the Snake":0},{"Lantern":20,"Pear":10,"Golden Idol":1,"Nilry\u0027s Codex":8,"Vajra":10,"Pen Nib":4,"PreservedInsect":16,"War Paint":5,"Empty Cage":14,"White Beast Statue":9,"OrangePellets":26,"Dream Catcher":13,"Ornamental Fan":27,"Pantograph":10,"Gambling Chip":23,"Molten Egg 2":18,"Coffee Dripper":7,"Membership Card":10,"Ring of the Snake":0},{"Lantern":111,"Pear":54,"Golden Idol":4,"Nilry\u0027s Codex":48,"Vajra":54,"Pen Nib":20,"PreservedInsect":88,"War Paint":24,"Empty Cage":81,"White Beast Statue":49,"OrangePellets":171,"Dream Catcher":72,"Ornamental Fan":178,"Pantograph":54,"Gambling Chip":133,"Molten Egg 2":101,"Coffee Dripper":43,"Membership Card":54,"Ring of the Snake":0}],"Ring of the Snake":[56]},"card_choices":[{"not_picked":["Flying Knee","Blade Dance"],"picked":"Cloak And Dagger","floor":1.0},{"not_picked":["PiercingWail","Cloak And Dagger"],"picked":"All Out Attack","floor":3.0},{"not_picked":["Dagger Spray","Slice"],"picked":"Underhanded Strike","floor":5.0},{"not_picked":["Envenom","Outmaneuver"],"picked":"PiercingWail","floor":7.0},{"not_picked":["Dodge and Roll","Bane"],"picked":"Backflip","floor":10.0},{"not_picked":["Sucker Punch","Blade Dance"],"picked":"Glass Knife","floor":14.0},{"not_picked":["Adrenaline","Tools of the Trade"],"picked":"Wraith Form v2","floor":16.0},{"not_picked":["All Out Attack","Flying Knee","Deflect"],"picked":"SKIP","floor":18.0},{"not_picked":["Deadly Poison","Sucker Punch"],"picked":"Acrobatics","floor":20.0},{"not_picked":["Deadly Poison","Riddle With Holes"],"picked":"Calculated Gamble+1","floor":24.0},{"not_picked":["Dagger Spray","Finisher"],"picked":"Crippling Poison+1","floor":29.0},{"not_picked":["Dodge and Roll","Crippling Poison","Choke+1"],"picked":"SKIP","floor":30.0},{"not_picked":["Dodge and Roll","Slice"],"picked":"Corpse Explosion","floor":31.0},{"not_picked":["Doppelganger","Die Die Die"],"picked":"Adrenaline","floor":33.0},{"not_picked":["Slice","Setup","Riddle With Holes+1"],"picked":"SKIP","floor":35.0},{"not_picked":["Sucker Punch+1","PiercingWail+1","Prepared"],"picked":"SKIP","floor":36.0},{"not_picked":["Prepared","Choke+1","Sucker Punch"],"picked":"SKIP","floor":39.0},{"not_picked":["Eviscerate+1","Glass Knife+1","Backflip"],"picked":"SKIP","floor":40.0},{"not_picked":["Endless Agony+1","Finisher+1","Underhanded Strike+1"],"picked":"SKIP","floor":41.0},{"not_picked":["Distraction","Underhanded Strike+1","Prepared"],"picked":"SKIP","floor":42.0},{"not_picked":["Flying Knee+1","Acrobatics","Finisher+1"],"picked":"SKIP","floor":44.0},{"not_picked":["Distraction","Dagger Spray+1"],"picked":"Acrobatics+1","floor":46.0},{"not_picked":["Predator+1","Infinite Blades","Flechettes+1"],"picked":"SKIP","floor":47.0},{"not_picked":["Bouncing Flask","All Out Attack+1"],"picked":"Reflex+1","floor":48.0},{"not_picked":["Backflip","Storm of Steel","Dagger Spray+1"],"picked":"SKIP","floor":55.0}],"player_experience":1525406,"relics_obtained":[{"floor":9.0,"key":"Pen Nib"},{"floor":10.0,"key":"War Paint"},{"floor":19.0,"key":"Nilry\u0027s Codex"},{"floor":22.0,"key":"White Beast Statue"},{"floor":26.0,"key":"Pantograph"},{"floor":31.0,"key":"Dream Catcher"},{"floor":40.0,"key":"Molten Egg 2"},{"floor":42.0,"key":"Lantern"},{"floor":47.0,"key":"Gambling Chip"},{"floor":55.0,"key":"Ornamental Fan"}],"event_choices":[{"damage_healed":0.0,"max_hp_gain":0.0,"max_hp_loss":6.0,"gold_gain":0.0,"event_name":"Golden Idol","player_choice":"Lose Max HP","floor":2.0,"gold_loss":0.0,"damage_taken":0.0,"relics_obtained":["Golden Idol"]},{"damage_healed":0.0,"max_hp_gain":0.0,"max_hp_loss":0.0,"gold_gain":71.0,"event_name":"Golden Wing","player_choice":"Gained Gold","floor":4.0,"gold_loss":0.0,"damage_taken":0.0},{"damage_healed":0.0,"max_hp_gain":0.0,"max_hp_loss":0.0,"gold_gain":0.0,"event_name":"Scrap Ooze","player_choice":"Fled","floor":11.0,"gold_loss":0.0,"damage_taken":0.0},{"damage_healed":0.0,"max_hp_gain":0.0,"max_hp_loss":0.0,"gold_gain":0.0,"event_name":"FaceTrader","player_choice":"Leave","floor":12.0,"gold_loss":0.0,"damage_taken":0.0},{"damage_healed":0.0,"max_hp_gain":0.0,"max_hp_loss":0.0,"gold_gain":0.0,"event_name":"Cursed Tome","player_choice":"Obtained Book","floor":19.0,"gold_loss":0.0,"damage_taken":21.0},{"damage_healed":0.0,"max_hp_gain":0.0,"max_hp_loss":0.0,"gold_gain":0.0,"cards_transformed":["Strike_G","Strike_G"],"event_name":"Drug Dealer","player_choice":"Became Test Subject","floor":21.0,"gold_loss":0.0,"damage_taken":0.0,"cards_obtained":["Flying Knee","Dodge and Roll"]},{"damage_healed":0.0,"max_hp_gain":0.0,"max_hp_loss":0.0,"gold_gain":0.0,"event_name":"Lab","player_choice":"Got Potions","floor":38.0,"gold_loss":0.0,"damage_taken":0.0}],"is_beta":false,"boss_relics":[{"not_picked":["Velvet Choker","Philosopher\u0027s Stone"],"picked":"Coffee Dripper"},{"not_picked":["WristBlade","Tiny House"],"picked":"Empty Cage"}],"items_purged_floors":[8,27,37,54],"is_endless":false,"potions_floor_spawned":[7,10,14,24,29,30,31,33,35,36,39,40,41,42,44,46,47,48,55],"killed_by":"The Heart","ascension_level":20}}