{"host":"t6w2q9o6m1ipuhb5","time":1614229327,"event":{"mods":["100% Spire Juice","2.2 Compatiblity","Abigail Mod","AchievementEnabler","Act Like it!","Arknights","BaseMod","Better Third Choice","BetterRewards","CapriCore","Chen","Colored Map","Colored Powertips","Curses Come First","Dark Map","Downfall","Friendly Minions","Gensokyo","GifTheSpireLib","Hermit","Hubris","Infinite Spire","KinomotoSakuraMod(????)","Kiyohime????","Koishi","Marisa????????","Mimic Mod","Minty Spire (QoL Compilation)","Onozuka Komachi Mod","Permanent Neow","Prisma Mod","Quick Restart","Reimu??????","Remilia??????","Replay The Spire","Shade Mod","StSLib","SuperFastMode","Td1madao Mod","The Animator","The Bug Knight","The Cursed","The Immortal","The Senshi","The Servant 0.9.4","The Wild Card","Waifu the Spire"],"gold_per_floor":[112,112,124,124,143,143,174,174,474,491,491,509,64,64,64,44,44],"floor_reached":16,"language":"ENG","playtime":820,"items_purged":[],"score":175,"play_id":"d1e2c036-c5b5-4988-8811-f7ab4107d1a3","local_time":"20210225000207","is_ascension_mode":false,"campfire_choices":[{"data":"Here Defend Chip","floor":6,"key":"SMITH"},{"data":"Here Defend Chip+1","floor":8,"key":"SMITH"},{"data":"Defend System","floor":11,"key":"SMITH"},{"data":"Here Defend Chip+2","floor":15,"key":"SMITH"}],"circlet_count":0,"master_deck":["Strike_C","Strike_C","Strike_C","Strike_C","Defend_C","Defend_C","Defend_C","Knight Kick","Chip+1","Black Dance","Here Defend Chip+3","Rupture","Black Dance","Here Defend Chip+1","hubris:NaturalOne","Black Execution","Defend System+1","Fixing","Poor:ReiMu"],"relics":["bronze:BronzeIdol","hexamod:BolsterEngine","PureWater","m_SnakeBloodCore","downfall:RedIOU","Ninja Scroll","KSMOD_SealedWand","animator:CursedGlyph","Replay:Frozen Program","Yang","infinitespire:Chaos","YidongShenshe:ReiMu"],"acts_visited":["Exordium"],"potions_floor_usage":[5,16,16,16],"damage_taken":[{"damage":0,"enemies":"ats:Genji","floor":1,"turns":4},{"damage":0,"enemies":"Small Slimes","floor":3,"turns":2},{"damage":0,"enemies":"Cultist","floor":5,"turns":3},{"damage":14,"enemies":"3 Sentries","floor":7,"turns":3},{"damage":1,"enemies":"2 Fungi Beasts","floor":10,"turns":3},{"damage":3,"enemies":"Looter","floor":12,"turns":2},{"damage":59,"enemies":"Hexaghost","floor":16,"turns":9}],"seed_played":"-8377951591116922157","potions_obtained":[{"floor":3,"key":"Block Potion"},{"floor":5,"key":"Fruit Juice"},{"floor":10,"key":"ColorlessPotion"},{"floor":12,"key":"SkillPotion"}],"is_trial":false,"path_per_floor":["M","?","M","?","M","R","E","R","T","M","R","M","$","?","R","B"],"character_chosen":"TD1MADAO_CLASS","items_purchased":["infinitespire:Lucky Rock","Black Dance","Here Defend Chip+1","Ancient Tea Set","Lsj Skin","infinitespire:Chaos"],"campfire_rested":0,"item_purchase_floors":[0,0,0,13,13,13],"current_hp_per_floor":[63,63,63,63,68,68,54,54,54,53,53,50,50,50,50,0,0],"gold":44,"neow_bonus":"","is_daily":false,"chose_seed":false,"campfire_upgraded":4,"win_rate":0.0,"timestamp":1614229327,"path_taken":["M","?","M","?","M","R","E","R","T","M","R","M","$","?","R","BOSS"],"items_purchased_type":["Relic","Card","Card","Relic","Relic","Relic"],"build_version":"2020-12-22","purchased_purges":0,"victory":false,"max_hp_per_floor":[84,84,84,84,89,89,89,89,89,89,89,89,85,85,85,85,85],"card_choices":[{"not_picked":["Fixing","Bugfix"],"picked":"Rupture","floor":1},{"not_picked":["Rupture","Black Shadow"],"picked":"Black Dance","floor":3},{"not_picked":["Afterwards","Reinforcement Parts"],"picked":"Here Defend Chip","floor":5},{"not_picked":["Awareness","Provocative"],"picked":"Black Execution","floor":7},{"not_picked":["Break Into","Preparedness"],"picked":"Defend System","floor":10},{"not_picked":["Energy Supply","Preloading"],"picked":"Fixing","floor":12}],"player_experience":305456,"relics_obtained":[{"floor":7,"key":"Bag of Marbles"},{"floor":9,"key":"Old Coin"}],"event_choices":[{"damage_healed":0,"gold_gain":0,"player_choice":"Take Tiny Shrine away","damage_taken":0,"relics_obtained":["YidongShenshe:ReiMu"],"max_hp_gain":0,"max_hp_loss":0,"event_name":"yidonshenshe","floor":14,"gold_loss":0,"cards_obtained":["Poor:ReiMu"]}],"is_beta":false,"boss_relics":[],"items_purged_floors":[],"is_endless":false,"potions_floor_spawned":[3,5,10,12],"killed_by":"Hexaghost","ascension_level":0}}