{"host":"b8coxh3nmoxcbj3m","time":1614228519,"event":{"mods":["AchievementEnabler","BaseMod","Colored Map","Minty Spire (QoL Compilation)","StSLib","SuperFastMode"],"gold_per_floor":[17,31,50,60,80,110,123,123,191,191,191,207,207,226,226,350,350,369,390,214,235,235,235,235,235],"floor_reached":24,"language":"ZHS","playtime":896,"items_purged":["Defend_P"],"score":252,"play_id":"7af4126f-feba-4778-9490-76620c8360bc","local_time":"20210225124839","is_ascension_mode":false,"campfire_choices":[{"data":"Eruption","floor":8,"key":"SMITH"},{"floor":11,"key":"RECALL"},{"floor":15,"key":"REST"},{"floor":23,"key":"REST"}],"circlet_count":0,"master_deck":["Strike_P","Strike_P","Strike_P","Defend_P","Eruption+1","Vigilance","FlyingSleeves","Consecrate","FollowUp","EmptyBody","Consecrate","Halt","FlyingSleeves","Judgement"],"relics":["PureWater","FossilizedHelix","Letter Opener","Golden Idol","Empty Cage"],"acts_visited":["Exordium","TheCity"],"potions_floor_usage":[6,16,16,16,20],"damage_taken":[{"damage":0,"enemies":"Cultist","floor":1,"turns":4},{"damage":12,"enemies":"2 Louse","floor":2,"turns":2},{"damage":0,"enemies":"Jaw Worm","floor":3,"turns":2},{"damage":0,"enemies":"3 Louse","floor":4,"turns":2},{"damage":0,"enemies":"Large Slime","floor":5,"turns":4},{"damage":14,"enemies":"3 Sentries","floor":6,"turns":4},{"damage":0,"enemies":"Lots of Slimes","floor":7,"turns":3},{"damage":0,"enemies":"Blue Slaver","floor":12,"turns":3},{"damage":12,"enemies":"Exordium Thugs","floor":14,"turns":4},{"damage":0,"enemies":"Slime Boss","floor":16,"turns":3},{"damage":24,"enemies":"Shell Parasite","floor":18,"turns":4},{"damage":20,"enemies":"2 Thieves","floor":19,"turns":3},{"damage":25,"enemies":"Centurion and Healer","floor":21,"turns":4},{"damage":34,"enemies":"Book of Stabbing","floor":24,"turns":4}],"seed_played":"-8452205323276909493","potions_obtained":[{"floor":4,"key":"SteroidPotion"},{"floor":5,"key":"SneckoOil"},{"floor":7,"key":"BlessingOfTheForge"},{"floor":14,"key":"Ancient Potion"},{"floor":21,"key":"BlessingOfTheForge"}],"is_trial":false,"path_per_floor":["M","M","M","M","M","E","M","R","T","?","R","M","?","M","R","B",null,"M","M","$","M","?","R","E"],"character_chosen":"WATCHER","items_purchased":["Fruit Juice"],"campfire_rested":2,"item_purchase_floors":[20],"current_hp_per_floor":[72,60,60,60,60,46,46,46,46,70,70,70,52,40,61,61,72,48,28,33,8,8,31,0,0],"gold":235,"neow_bonus":"ONE_RARE_RELIC","is_daily":false,"chose_seed":false,"campfire_upgraded":1,"win_rate":0.0,"timestamp":1614228519,"path_taken":["M","M","?","M","M","E","M","R","T","?","R","M","?","M","R","BOSS","M","M","$","M","?","R","E"],"items_purchased_type":["Potion"],"build_version":"2020-12-22","purchased_purges":1,"victory":false,"max_hp_per_floor":[72,72,72,72,72,72,72,72,72,72,72,72,72,72,72,72,72,72,72,77,77,77,77,77,77],"card_choices":[{"not_picked":["ThirdEye","Conclude"],"picked":"FlyingSleeves","floor":1},{"not_picked":["CutThroughFate","ThirdEye"],"picked":"Consecrate","floor":2},{"not_picked":["ThirdEye","CutThroughFate"],"picked":"FollowUp","floor":3},{"not_picked":["Brilliance","ThirdEye"],"picked":"EmptyBody","floor":4},{"not_picked":["Nirvana","CutThroughFate","Conclude"],"picked":"SKIP","floor":5},{"not_picked":["SignatureMove","Swivel"],"picked":"Consecrate","floor":6},{"not_picked":["Crescendo","EmptyFist","Omniscience"],"picked":"SKIP","floor":7},{"not_picked":["Wallop","DeceiveReality"],"picked":"Halt","floor":12},{"not_picked":["WheelKick","BowlingBash"],"picked":"FlyingSleeves","floor":14},{"not_picked":["Brilliance","Vault"],"picked":"Judgement","floor":16},{"not_picked":["FlurryOfBlows","EmptyFist","DeceiveReality"],"picked":"SKIP","floor":18},{"not_picked":["PathToVictory","SashWhip","Protect"],"picked":"SKIP","floor":19},{"not_picked":["ThirdEye+1","Nirvana","PathToVictory"],"picked":"SKIP","floor":21}],"player_experience":39827,"relics_obtained":[{"floor":6,"key":"Letter Opener"}],"event_choices":[{"damage_healed":24,"gold_gain":0,"player_choice":"Banana","damage_taken":0,"max_hp_gain":0,"max_hp_loss":0,"event_name":"Big Fish","floor":10,"gold_loss":0},{"damage_healed":0,"gold_gain":0,"player_choice":"Take Damage","damage_taken":18,"relics_obtained":["Golden Idol"],"max_hp_gain":0,"max_hp_loss":0,"event_name":"Golden Idol","floor":13,"gold_loss":0},{"cards_removed":["Defend_P"],"damage_healed":0,"gold_gain":0,"player_choice":"Elegance","damage_taken":0,"max_hp_gain":0,"max_hp_loss":0,"event_name":"Back to Basics","floor":22,"gold_loss":0}],"is_beta":false,"boss_relics":[{"not_picked":["Fusion Hammer","HolyWater"],"picked":"Empty Cage"}],"items_purged_floors":[20],"is_endless":false,"potions_floor_spawned":[4,5,7,14,21],"killed_by":"Book of Stabbing","ascension_level":0}}