{"host":"f7915vm1ahl7kex1","time":1614288095,"event":{"mods":["BaseMod","Colored Map","Downfall","Minty Spire (QoL Compilation)","Quick Restart","Spire Arcade","StSLib"],"gold_per_floor":[99,99,109,124,124,153,179,192,92,92,2,37,37,54,71,71,71,71],"floor_reached":16,"language":"ENG","playtime":590,"items_purged":["Regret"],"score":116,"play_id":"6af45f70-5aa3-421c-b9e3-96455eefb98f","local_time":"20210225152135","is_ascension_mode":true,"campfire_choices":[{"floor":1,"key":"RECALL"},{"floor":9,"key":"REST"}],"circlet_count":0,"master_deck":["sneckomod:Strike","sneckomod:Strike","sneckomod:Defend","sneckomod:Defend","sneckomod:Defend","sneckomod:TailWhip","sneckomod:SnekBite+1","sneckomod:Unknown","sneckomod:Unknown","sneckomod:MixItUp","sneckomod:QuickMove","sneckomod:Unknown0Cost","sneckomod:ImprovisedGuard","champ:MurderStrike"],"relics":["sneckomod:SneckoSoul","Blood Vial","Darkstone Periapt","Regal Pillow","Akabeko","downfall:HeartBlessingRed","MealTicket"],"acts_visited":["Exordium"],"potions_floor_usage":[6,12,16],"damage_taken":[{"damage":2,"enemies":"2 Louse","floor":3,"turns":2},{"damage":0,"enemies":"Cultist","floor":4,"turns":2},{"damage":26,"enemies":"Gremlin Nob","floor":6,"turns":5},{"damage":3,"enemies":"Jaw Worm","floor":8,"turns":3},{"damage":5,"enemies":"downfall:FleeingMerchant","floor":11,"turns":4},{"damage":31,"enemies":"Lagavulin","floor":12,"turns":7},{"damage":2,"enemies":"2 Fungi Beasts","floor":14,"turns":3},{"damage":12,"enemies":"Exordium Wildlife","floor":15,"turns":4},{"damage":69,"enemies":"WA_ARCHETYPE_RETAIN","floor":16,"turns":12}],"seed_played":"-7965566528695538497","potions_obtained":[{"floor":4,"key":"hexamod:SoulburnPotion"},{"floor":8,"key":"Swift Potion"},{"floor":15,"key":"Weak Potion"}],"is_trial":false,"path_per_floor":["R","?","M","M","?","E","T","M","R","?","$","E","R","M","M","B"],"character_chosen":"THE_SNECKO","items_purchased":[],"campfire_rested":1,"item_purchase_floors":[],"current_hp_per_floor":[90,90,88,90,96,70,70,69,96,96,91,62,62,62,52,0,0,0],"gold":71,"neow_bonus":"RANDOM_COMMON_RELIC","is_daily":false,"chose_seed":false,"campfire_upgraded":0,"win_rate":0.0,"timestamp":1614288095,"path_taken":["R","?","?","M","?","E","T","M","R","?","$","E","R","?","M","BOSS"],"items_purchased_type":[],"build_version":"2020-12-22","purchased_purges":1,"victory":false,"max_hp_per_floor":[90,90,90,90,96,96,96,96,96,96,96,96,96,96,96,96,96,96],"card_choices":[{"not_picked":["sneckomod:UnknownBlock","sneckomod:UnknownCommonSkill"],"picked":"sneckomod:MixItUp","floor":3},{"not_picked":["sneckomod:DiceBoulder","sneckomod:RainOfDice"],"picked":"sneckomod:QuickMove","floor":4},{"not_picked":["sneckomod:DiceBlock","sneckomod:QuickBite"],"picked":"sneckomod:UnknownClassTHE_CHAMP_GRAY","floor":6},{"not_picked":["sneckomod:Unknown2Cost","sneckomod:QuickMove","sneckomod:RainOfDice"],"picked":"SKIP","floor":8},{"not_picked":["sneckomod:QuickMove","sneckomod:DiceBoulder"],"picked":"sneckomod:Unknown0Cost","floor":11},{"not_picked":["sneckomod:IronFang","sneckomod:PureSnecko"],"picked":"sneckomod:ImprovisedGuard","floor":12},{"not_picked":["sneckomod:DefensiveFlair","sneckomod:MixItUp","sneckomod:TrashToTreasure"],"picked":"SKIP","floor":14},{"not_picked":["sneckomod:SoulExchange","sneckomod:WideSting","sneckomod:UnknownDraw"],"picked":"SKIP","floor":15}],"player_experience":1246930,"relics_obtained":[{"floor":6,"key":"Regal Pillow"},{"floor":7,"key":"Akabeko"},{"floor":12,"key":"MealTicket"}],"event_choices":[{"damage_healed":0,"gold_gain":0,"player_choice":"Box","damage_taken":0,"relics_obtained":["Darkstone Periapt"],"max_hp_gain":0,"max_hp_loss":0,"event_name":"Big Fish","floor":5,"gold_loss":0,"cards_obtained":["Regret"]}],"is_beta":false,"boss_relics":[],"items_purged_floors":[11],"is_endless":false,"potions_floor_spawned":[4,8,15],"killed_by":"WA_ARCHETYPE_RETAIN","ascension_level":1}}