{"host":"0fd22hpf43j6tvvm","time":1614272166,"event":{"mods":["AchievementEnabler","BaseMod","Colored Map","Minty Spire (QoL Compilation)","Relic Stats"],"gold_per_floor":[113,113,127,227,247,277,277,303,303,303,321,321,24,35,35,139,139,151,162,162,262,280,280,297,297,297,297,39,39,65,65,65,165,165,176,176,195,208,222,247,247,247,247,247,267,267,287,318,318,318],"floor_reached":51,"language":"ENG","playtime":3252,"items_purged":["Strike_B","Streamline"],"score":984,"play_id":"624c64b4-dff2-487b-b978-a203d94e4b59","local_time":"20210225115606","is_ascension_mode":true,"campfire_choices":[{"data":"White Noise","floor":10.0,"key":"SMITH"},{"data":"Loop","floor":12.0,"key":"SMITH"},{"data":"Go for the Eyes","floor":15.0,"key":"SMITH"},{"floor":23.0,"key":"REST"},{"data":"White Noise","floor":25.0,"key":"SMITH"},{"data":"Redo","floor":29.0,"key":"SMITH"},{"data":"Biased Cognition","floor":32.0,"key":"SMITH"},{"data":"Glacier","floor":41.0,"key":"SMITH"},{"data":"Conserve Battery","floor":44.0,"key":"SMITH"},{"data":"Coolheaded","floor":49,"key":"SMITH"}],"circlet_count":0,"master_deck":["Strike_B+1","Defend_B+1","Defend_B+1","Defend_B+1","Defend_B+1","Zap","Dualcast","Glacier+1","Coolheaded+1","Cold Snap","White Noise+1","Loop+1","Conserve Battery+1","Go for the Eyes+1","Sweeping Beam","Biased Cognition+1","White Noise+1","Heatsinks","Core Surge","Gash+1","Redo+1","FTL","Lockon","Barrage+1","Electrodynamics","Ball Lightning+1","Double Energy+1","Glacier+1","Skim+1","Barrage+1","Storm+1"],"relics":["Cracked Core","NeowsBlessing","Question Card","Cables","Mercury Hourglass","Dead Branch","Happy Flower","Inserter","Eternal Feather","Enchiridion","Gambling Chip","Empty Cage","Blue Candle","DataDisk","Torii","MealTicket"],"acts_visited":["Exordium","TheCity","TheBeyond"],"potions_floor_usage":[48,50],"damage_taken":[{"damage":0.0,"enemies":"Cultist","floor":1.0,"turns":1.0},{"damage":0.0,"enemies":"Small Slimes","floor":3.0,"turns":1.0},{"damage":0.0,"enemies":"Jaw Worm","floor":5.0,"turns":1.0},{"damage":9.0,"enemies":"3 Sentries","floor":6.0,"turns":14.0},{"damage":36.0,"enemies":"Lagavulin","floor":8.0,"turns":14.0},{"damage":3.0,"enemies":"3 Louse","floor":11.0,"turns":2.0},{"damage":0.0,"enemies":"Red Slaver","floor":14.0,"turns":3.0},{"damage":14.0,"enemies":"Slime Boss","floor":16.0,"turns":10.0},{"damage":8.0,"enemies":"3 Byrds","floor":18.0,"turns":3.0},{"damage":43.0,"enemies":"2 Thieves","floor":19.0,"turns":4.0},{"damage":0.0,"enemies":"Chosen and Byrds","floor":22.0,"turns":6.0},{"damage":0.0,"enemies":"Cultist and Chosen","floor":24.0,"turns":4.0},{"damage":3.0,"enemies":"Book of Stabbing","floor":30.0,"turns":5.0},{"damage":21.0,"enemies":"Collector","floor":33.0,"turns":5.0},{"damage":9.0,"enemies":"Orb Walker","floor":35.0,"turns":2.0},{"damage":0.0,"enemies":"3 Darklings","floor":37.0,"turns":3.0},{"damage":16.0,"enemies":"Spire Growth","floor":38.0,"turns":5.0},{"damage":11.0,"enemies":"Sphere and 2 Shapes","floor":39.0,"turns":3.0},{"damage":4.0,"enemies":"Nemesis","floor":40.0,"turns":5.0},{"damage":9.0,"enemies":"Maw","floor":45.0,"turns":6.0},{"damage":11.0,"enemies":"Jaw Worm Horde","floor":47.0,"turns":2.0},{"damage":0,"enemies":"Reptomancer","floor":48,"turns":6},{"damage":14,"enemies":"Time Eater","floor":50,"turns":7}],"seed_played":"6265632816089080365","potions_obtained":[{"floor":1.0,"key":"EssenceOfSteel"},{"floor":6.0,"key":"SkillPotion"},{"floor":14.0,"key":"Weak Potion"},{"floor":19.0,"key":"DuplicationPotion"},{"floor":33.0,"key":"PowerPotion"},{"floor":35.0,"key":"GamblersBrew"},{"floor":37.0,"key":"Energy Potion"},{"floor":39.0,"key":"GamblersBrew"},{"floor":47.0,"key":"SkillPotion"}],"is_trial":false,"path_per_floor":["M","?","M","?","M","E","T","E","T","R","M","R","$","M","R","B",null,"M","M","?","?","M","R","M","R","T","?","$","R","E","?","R","B",null,"M","?","M","M","M","E","R","?","T","R","M","?","M","E","R","B",null],"character_chosen":"DEFECT","items_purchased":["Conserve Battery","Go for the Eyes","Happy Flower","Redo","FTL","Lockon"],"campfire_rested":1,"item_purchase_floors":[13,13,13,28,28,28],"current_hp_per_floor":[68,68,68,68,68,59,59,23,23,23,20,20,20,20,20,6,58,50,7,7,7,7,29,29,29,29,13,13,28,25,25,40,19,61,52,52,52,36,25,21,36,66,66,66,57,57,46,46,63,49],"gold":318,"neow_bonus":"THREE_ENEMY_KILL","is_daily":false,"chose_seed":false,"campfire_upgraded":9,"win_rate":0.0,"timestamp":1614272166,"path_taken":["M","?","?","?","?","E","?","E","T","R","M","R","$","M","R","BOSS","M","M","?","?","?","R","M","R","T","?","$","R","E","?","R","BOSS","M","?","M","M","?","E","R","?","T","R","M","?","M","E","R","BOSS"],"items_purchased_type":["Card","Card","Relic","Card","Card","Card"],"build_version":"2020-12-22","purchased_purges":2,"victory":true,"max_hp_per_floor":[75,75,75,75,75,75,75,75,75,75,75,75,75,75,75,75,75,75,75,75,75,75,75,75,75,75,75,75,75,75,75,75,75,75,75,75,75,75,75,75,75,66,66,66,66,63,63,63,63,63],"relic_stats":{"Inserter":[33],"Happy Flower":[26],"Torii":6,"counters":[23,109],"Dead Branch":[60],"Blue Candle":[0],"Eternal Feather":62,"Question Card":18,"Cables":[83,44,39,0,0],"Mercury Hourglass":[360],"Gambling Chip":[22],"MealTicket":0,"obtain_stats":[{"Inserter":17,"NeowsBlessing":0,"Happy Flower":13,"Torii":43,"Dead Branch":9,"Blue Candle":36,"Enchiridion":27,"Eternal Feather":26,"Question Card":6,"Empty Cage":34,"Cables":7,"Mercury Hourglass":8,"DataDisk":40,"Gambling Chip":30,"MealTicket":48,"Cracked Core":0},{"Inserter":8,"NeowsBlessing":0,"Happy Flower":6,"Torii":19,"Dead Branch":5,"Blue Candle":15,"Enchiridion":12,"Eternal Feather":12,"Question Card":4,"Empty Cage":14,"Cables":4,"Mercury Hourglass":5,"DataDisk":19,"Gambling Chip":13,"MealTicket":22,"Cracked Core":0},{"Inserter":45,"NeowsBlessing":0,"Happy Flower":33,"Torii":89,"Dead Branch":31,"Blue Candle":73,"Enchiridion":62,"Eternal Feather":62,"Question Card":17,"Empty Cage":71,"Cables":17,"Mercury Hourglass":31,"DataDisk":89,"Gambling Chip":67,"MealTicket":102,"Cracked Core":0}]},"card_choices":[{"not_picked":["Streamline","Coolheaded"],"picked":"Glacier","floor":1.0},{"not_picked":["BootSequence","Redo"],"picked":"Coolheaded","floor":3.0},{"not_picked":["Fusion","Rebound"],"picked":"Cold Snap","floor":5.0},{"not_picked":["Redo","Stack"],"picked":"White Noise","floor":6.0},{"not_picked":["Hyperbeam","Auto Shields","Recycle"],"picked":"Streamline","floor":8.0},{"not_picked":["Aggregate","Recycle","FTL"],"picked":"Loop","floor":11.0},{"not_picked":["Recycle","Doom and Gloom","Barrage"],"picked":"Sweeping Beam","floor":14.0},{"not_picked":["Thunder Strike","Rainbow","Echo Form"],"picked":"Biased Cognition","floor":16.0},{"not_picked":["BootSequence+1","Hologram","FTL"],"picked":"White Noise","floor":18.0},{"not_picked":["Chill","Scrape","Compile Driver+1"],"picked":"Heatsinks","floor":19.0},{"not_picked":["Self Repair","Turbo+1","Go for the Eyes+1"],"picked":"Core Surge","floor":22.0},{"not_picked":["Lockon","Leap","Melter"],"picked":"Gash+1","floor":24.0},{"not_picked":["Aggregate","Chill","Ball Lightning"],"picked":"Barrage","floor":30.0},{"not_picked":["Hyperbeam","Reboot","Echo Form"],"picked":"Electrodynamics","floor":33.0},{"not_picked":["Doom and Gloom","Consume","Rebound"],"picked":"Ball Lightning+1","floor":35.0},{"not_picked":["Ball Lightning","Chaos","Melter+1","Self Repair"],"picked":"SKIP","floor":37.0},{"not_picked":["Darkness+1","Fusion+1","Coolheaded+1"],"picked":"Double Energy+1","floor":38.0},{"not_picked":["Stack","Storm","Heatsinks","Reinforced Body+1"],"picked":"SKIP","floor":39.0},{"not_picked":["Blizzard+1","Genetic Algorithm","Sweeping Beam"],"picked":"Glacier","floor":40.0},{"not_picked":["Genetic Algorithm+1","Steam Power+1","Stack"],"picked":"Skim+1","floor":45.0},{"not_picked":["Gash","Cold Snap","Doom and Gloom+1"],"picked":"Barrage+1","floor":47.0},{"not_picked":["Creative AI","Turbo","Beam Cell+1"],"picked":"Storm+1","floor":48}],"player_experience":589293,"relics_obtained":[{"floor":6.0,"key":"Question Card"},{"floor":7.0,"key":"Cables"},{"floor":8.0,"key":"Mercury Hourglass"},{"floor":9.0,"key":"Dead Branch"},{"floor":26.0,"key":"Eternal Feather"},{"floor":27.0,"key":"Enchiridion"},{"floor":30.0,"key":"Gambling Chip"},{"floor":36.0,"key":"Blue Candle"},{"floor":40.0,"key":"DataDisk"},{"floor":43.0,"key":"Torii"},{"floor":48,"key":"MealTicket"}],"event_choices":[{"damage_healed":0.0,"max_hp_gain":0.0,"max_hp_loss":0.0,"gold_gain":0.0,"event_name":"Upgrade Shrine","player_choice":"Upgraded","floor":2.0,"gold_loss":0.0,"damage_taken":0.0,"cards_upgraded":["Glacier"]},{"damage_healed":0.0,"max_hp_gain":0.0,"max_hp_loss":0.0,"gold_gain":100.0,"event_name":"Wheel of Change","player_choice":"Gold","floor":4.0,"gold_loss":0.0,"damage_taken":0.0},{"damage_healed":0.0,"max_hp_gain":0.0,"max_hp_loss":0.0,"gold_gain":0.0,"event_name":"Back to Basics","player_choice":"Simplicity","floor":20.0,"gold_loss":0.0,"damage_taken":0.0,"cards_upgraded":["Strike_B","Strike_B","Strike_B","Defend_B","Defend_B","Defend_B","Defend_B"]},{"damage_healed":0.0,"max_hp_gain":0.0,"max_hp_loss":0.0,"gold_gain":100.0,"event_name":"Golden Shrine","player_choice":"Pray","floor":21.0,"gold_loss":0.0,"damage_taken":0.0},{"damage_healed":0.0,"max_hp_gain":0.0,"max_hp_loss":0.0,"gold_gain":0.0,"event_name":"Cursed Tome","player_choice":"Obtained Book","floor":27.0,"gold_loss":0.0,"damage_taken":16.0},{"damage_healed":0.0,"max_hp_gain":0.0,"max_hp_loss":0.0,"gold_gain":0.0,"event_name":"Upgrade Shrine","player_choice":"Upgraded","floor":31.0,"gold_loss":0.0,"damage_taken":0.0,"cards_upgraded":["Barrage"]},{"damage_healed":0.0,"max_hp_gain":0.0,"max_hp_loss":0.0,"gold_gain":0.0,"event_name":"Wheel of Change","player_choice":"Relic","floor":36.0,"gold_loss":0.0,"damage_taken":0.0},{"damage_healed":66.0,"max_hp_gain":0.0,"max_hp_loss":9.0,"gold_gain":0.0,"event_name":"The Moai Head","player_choice":"Heal","floor":42.0,"gold_loss":0.0,"damage_taken":0.0},{"damage_healed":0.0,"max_hp_gain":0.0,"max_hp_loss":3.0,"gold_gain":0.0,"event_name":"Winding Halls","player_choice":"Max HP","floor":46.0,"gold_loss":0.0,"damage_taken":0.0}],"is_beta":false,"boss_relics":[{"not_picked":["Philosopher\u0027s Stone","Runic Dome"],"picked":"Inserter"},{"not_picked":["Snecko Eye","Velvet Choker"],"picked":"Empty Cage"}],"items_purged_floors":[13,28],"is_endless":false,"potions_floor_spawned":[1,6,14,19,33,35,37,39,47],"ascension_level":7}}