{"host":"kfd0jpqqxt101ydt","time":1614293391,"event":{"mods":["BaseMod","Downfall","Googly Eyes","Highlight Path","Minty Spire (QoL Compilation)","StSLib"],"gold_per_floor":[99,115,135,135,45,45,119,4,16,72,89,74,93,105,125,220,220,220,239,252,252,96,226,226,226,226,226,398,613,613,721,798,982,982,982,1162,1333,1333,1373,1373,1373],"floor_reached":39,"language":"ENG","playtime":2981,"items_purged":["Slimebound:Defend_Slimebound","Regret"],"score":479,"play_id":"bc88e3c7-ef13-4a31-a5b0-5c4190ef9e02","local_time":"20210226004951","is_ascension_mode":true,"campfire_choices":[{"data":"Slimebound:Split","floor":1.0,"key":"SMITH"},{"data":"Slimebound:Grow","floor":18.0,"key":"SMITH"},{"data":"Slimebound:Recycling","floor":25.0,"key":"SMITH"},{"data":"Slimebound:GoopSpray","floor":27,"key":"SMITH"},{"floor":30,"key":"REST"},{"data":"Slimebound:WasteNot","floor":35,"key":"SMITH"}],"circlet_count":0,"master_deck":["Slimebound:Defend_Slimebound","Slimebound:Defend_Slimebound","Slimebound:Split+1","Slimebound:CorrosiveSpit","Slimebound:GoopSpray+1","Slimebound:Dissolve","Slimebound:Grow+1","Slimebound:Recycling+1","CurseOfTheBell","Slimebound:HungryTackle+1","Slimebound:RainOfGoop","Slimebound:ProtectTheBoss+1","Slimebound:WasteNot+1","Slimebound:Gluttony+1","Slimebound:ServeAndProtect+1","Slimebound:SamplingLick+1","Slimebound:Schlurp+1"],"relics":["Slimebound:AbsorbEndCombat","Toy Ornithopter","Shuriken","Gremlin Horn","PreservedInsect","Calling Bell","Juzu Bracelet","Letter Opener","TungstenRod","downfall:KnowingSkull","Mango","Slimebound:MaxSlimesRelic","Sundial","Astrolabe"],"acts_visited":["Exordium","TheCity","TheBeyond"],"potions_floor_usage":[28,33,33,37,39,39],"damage_taken":[{"damage":3.0,"enemies":"Small Slimes","floor":2.0,"turns":3.0},{"damage":0.0,"enemies":"Jaw Worm","floor":3.0,"turns":3.0},{"damage":3.0,"enemies":"downfall:FleeingMerchant","floor":5.0,"turns":4.0},{"damage":9.0,"enemies":"downfall:FleeingMerchant","floor":8.0,"turns":4.0},{"damage":4.0,"enemies":"Cultist","floor":9.0,"turns":3.0},{"damage":8.0,"enemies":"Gremlin Nob","floor":10.0,"turns":3.0},{"damage":18.0,"enemies":"Exordium Thugs","floor":11.0,"turns":4.0},{"damage":11.0,"enemies":"downfall:FleeingMerchant","floor":12.0,"turns":4.0},{"damage":0.0,"enemies":"Gremlin Gang","floor":13.0,"turns":4.0},{"damage":8.0,"enemies":"Exordium Wildlife","floor":14.0,"turns":4.0},{"damage":3.0,"enemies":"Large Slime","floor":15.0,"turns":5.0},{"damage":62.0,"enemies":"WA_ARCHETYPE_RETAIN","floor":16.0,"turns":10.0},{"damage":19.0,"enemies":"Shell Parasite","floor":19.0,"turns":6.0},{"damage":20.0,"enemies":"Spheric Guardian","floor":20.0,"turns":4.0},{"damage":12.0,"enemies":"downfall:FleeingMerchant","floor":22.0,"turns":4.0},{"damage":9.0,"enemies":"3 Cultists","floor":23.0,"turns":4.0},{"damage":12,"enemies":"Snecko","floor":28,"turns":4},{"damage":13,"enemies":"Cultist and Chosen","floor":29,"turns":6},{"damage":47,"enemies":"Slavers","floor":31,"turns":3},{"damage":10,"enemies":"Centurion and Healer","floor":32,"turns":5},{"damage":19,"enemies":"SI_MIRROR_ARCHETYPE","floor":33,"turns":11},{"damage":23,"enemies":"3 Darklings","floor":36,"turns":5},{"damage":33,"enemies":"Orb Walker","floor":37,"turns":5},{"damage":58,"enemies":"Transient","floor":39,"turns":5}],"seed_played":"840370396969978934","potions_obtained":[{"floor":3.0,"key":"DuplicationPotion"},{"floor":9.0,"key":"SkillPotion"},{"floor":10.0,"key":"hexamod:SoulburnPotion"},{"floor":11.0,"key":"Slimebound:ThreeZeroPotion"},{"floor":13.0,"key":"EssenceOfSteel"},{"floor":15.0,"key":"Fire Potion"},{"floor":20.0,"key":"Dexterity Potion"},{"floor":23.0,"key":"Fire Potion"},{"floor":28,"key":"Slimebound:SlimyTonguePotion"},{"floor":33,"key":"Fire Potion"},{"floor":36,"key":"ColorlessPotion"}],"is_trial":false,"path_per_floor":["R","M","M","?","$","?","T","$","M","?","M","$","M","M","M","B",null,"R","M","M","?","$","M","T","R","?","R","M","M","R","E","M","B",null,"R","M","M","?","M"],"character_chosen":"SLIMEBOUND","items_purchased":["Mango"],"campfire_rested":1,"item_purchase_floors":[22],"current_hp_per_floor":[47,48,54,29,34,34,34,33,35,43,33,40,48,48,53,9,65,65,54,38,33,41,45,45,45,45,45,44,39,62,23,21,20,79,79,64,38,38,0,0,0],"gold":1373,"neow_bonus":"REMOVE_TWO","is_daily":false,"chose_seed":false,"campfire_upgraded":5,"win_rate":0.0,"timestamp":1614293391,"path_taken":["R","M","M","?","$","?","T","?","M","?","?","?","M","M","M","BOSS","R","M","M","?","$","M","T","R","?","R","M","M","R","E","M","BOSS","R","M","M","?","M"],"items_purchased_type":["Relic"],"build_version":"2020-12-22","purchased_purges":2,"victory":false,"max_hp_per_floor":[65,65,65,65,65,65,65,65,65,65,65,65,65,65,65,65,65,65,65,65,65,79,79,79,79,79,79,79,79,79,79,79,79,79,79,79,79,79,79,79,79],"card_choices":[{"not_picked":["Slimebound:Schlurp","Slimebound:ItLooksTasty"],"picked":"Slimebound:GoopSpray","floor":2.0},{"not_picked":["Slimebound:SamplingLick","Slimebound:RejuvenatingLick","Slimebound:LeechEnergy"],"picked":"SKIP","floor":3.0},{"not_picked":["Slimebound:Prepare","Slimebound:RejuvenatingLick","Slimebound:SlimeSpikes"],"picked":"SKIP","floor":5.0},{"not_picked":["Slimebound:LeechEnergy","Slimebound:ComboTackle"],"picked":"Slimebound:Dissolve","floor":8.0},{"not_picked":["Slimebound:FormOfPuddle","Slimebound:Equalize","Slimebound:GoopTackle"],"picked":"SKIP","floor":9.0},{"not_picked":["Slimebound:RollThrough","Slimebound:SelfFormingGoo","Slimebound:Repurpose"],"picked":"SKIP","floor":11.0},{"not_picked":["Slimebound:HauntingLick","Slimebound:BestDefense","Slimebound:SpikyOuterGoop"],"picked":"SKIP","floor":12.0},{"not_picked":["Slimebound:Equalize","Slimebound:Recollect","Slimebound:ServeAndProtect"],"picked":"SKIP","floor":13.0},{"not_picked":["Slimebound:HauntingLick","Slimebound:ServeAndProtect"],"picked":"Slimebound:Grow","floor":14.0},{"not_picked":["Slimebound:Recollect","Slimebound:SpikyOuterGoop","Slimebound:GoopTackle"],"picked":"SKIP","floor":15.0},{"not_picked":["Slimebound:SelfFormingGoo","Slimebound:CheckThePlaybook"],"picked":"Slimebound:Recycling","floor":16.0},{"not_picked":["Slimebound:LeadByExample","Slimebound:LeechEnergy+1"],"picked":"Slimebound:HungryTackle+1","floor":19.0},{"not_picked":["Slimebound:ServeAndProtect","Slimebound:SplitLeeching","Slimebound:Grow"],"picked":"SKIP","floor":20.0},{"not_picked":["Slimebound:MegaLick","Slimebound:GoopSpray+1","Slimebound:Prepare"],"picked":"SKIP","floor":22.0},{"not_picked":["Slimebound:SplitMire","Slimebound:Prepare","Slimebound:PressTheAttack+1"],"picked":"SKIP","floor":23.0},{"not_picked":["Slimebound:Dissolve","Slimebound:SlimeSpikes","Slimebound:ViciousTackle"],"picked":"SKIP","floor":28},{"not_picked":["Slimebound:LivingWall","Slimebound:PressTheAttack"],"picked":"Slimebound:RainOfGoop","floor":29},{"not_picked":["Slimebound:SplitAcid","Slimebound:FlameTackle"],"picked":"Slimebound:ProtectTheBoss+1","floor":31},{"not_picked":["Slimebound:ProtectTheBoss","Slimebound:ItLooksTasty","Slimebound:FinishingTackle"],"picked":"SKIP","floor":32},{"not_picked":["Slimebound:OneTwoCombo","Slimebound:Teamwork"],"picked":"Slimebound:WasteNot","floor":33},{"not_picked":["Slimebound:GoopTackle","Slimebound:SplitLeeching+1"],"picked":"Slimebound:Schlurp+1","floor":36},{"not_picked":["Slimebound:LeechEnergy","Slimebound:SplitLeeching+1"],"picked":"Slimebound:RollThrough","floor":37}],"player_experience":50150,"relics_obtained":[{"floor":7.0,"key":"Gremlin Horn"},{"floor":10.0,"key":"PreservedInsect"},{"floor":17.0,"key":"Juzu Bracelet"},{"floor":17.0,"key":"Letter Opener"},{"floor":17.0,"key":"TungstenRod"},{"floor":24.0,"key":"Slimebound:MaxSlimesRelic"},{"floor":31,"key":"Sundial"}],"event_choices":[{"damage_healed":0.0,"max_hp_gain":0.0,"max_hp_loss":0.0,"gold_gain":0.0,"event_name":"Scrap Ooze","player_choice":"Success","floor":4.0,"gold_loss":0.0,"damage_taken":25.0,"relics_obtained":["Toy Ornithopter"]},{"damage_healed":0.0,"max_hp_gain":0.0,"max_hp_loss":0.0,"gold_gain":0.0,"event_name":"Big Fish","player_choice":"Box","floor":6.0,"gold_loss":0.0,"damage_taken":0.0,"relics_obtained":["Shuriken"],"cards_obtained":["Regret"]},{"damage_healed":0.0,"max_hp_gain":0.0,"max_hp_loss":0.0,"gold_gain":0.0,"event_name":"Vampires","player_choice":"Ignored","floor":26.0,"gold_loss":0.0,"damage_taken":0.0},{"cards_removed":["Slimebound:RollThrough"],"damage_healed":0,"gold_gain":0,"player_choice":"Removed Attack","damage_taken":0,"max_hp_gain":0,"max_hp_loss":0,"event_name":"Falling","floor":38,"gold_loss":0}],"is_beta":false,"boss_relics":[{"not_picked":["Empty Cage","Cursed Key"],"picked":"Calling Bell"},{"not_picked":["Busted Crown","bronze:MakeshiftBattery"],"picked":"Astrolabe"}],"items_purged_floors":[5,8],"is_endless":false,"potions_floor_spawned":[3,9,10,11,13,15,20,23,28,32,33,36],"killed_by":"Transient","ascension_level":3}}