{"host":"aaqofma31c3gm2hj","time":1614215658,"event":{"mods":["BaseMod","GungeonMod","Minty Spire (QoL Compilation)","Replay The Spire","Spicy Shops","StSLib"],"gold_per_floor":[114,34,34,49,49,49,64,64,94,94,94,144,159,174,174,189,204,204,304,304,319,319,334,259,259,289,289,304,329,104,104,104],"floor_reached":31,"language":"ZHS","playtime":1051,"items_purged":["Strike_G"],"score":280,"play_id":"c398d363-6f0b-4a04-827a-af33e7c281ba","local_time":"20210225091418","daily_mods":["Heirloom","Red Cards","DeadlyEvents"],"is_ascension_mode":false,"campfire_choices":[{"data":"Shockwave","floor":6.0,"key":"SMITH"},{"data":"Neutralize","floor":8.0,"key":"SMITH"},{"data":"Feel No Pain","floor":11.0,"key":"SMITH"},{"data":"Flechettes","floor":15.0,"key":"SMITH"},{"data":"Masterful Stab","floor":18.0,"key":"SMITH"},{"data":"Survivor","floor":27,"key":"SMITH"}],"circlet_count":0,"master_deck":["Strike_G","Strike_G","Defend_G","Defend_G+1","Defend_G+1","Defend_G","Defend_G","Survivor+1","Neutralize+1","Shockwave+1","Havoc+1","Feel No Pain+1","Pot Of Greed+1","Pot Of Greed+1","Flechettes+1","Second Wind+1","Shrug It Off+1","Masterful Stab+1","Feed+1","DemoMod:Deposit+1"],"relics":["Ring of the Snake","DemoMod:Antibody","DemoMod:AgedBell","Toxic Egg 2","Golden Egg","Nunchaku","Grinning Jar","Runic Pyramid","Bottled Tornado","Dream Catcher","War Paint","Bag of Preparation"],"acts_visited":["Exordium","TheCity"],"potions_floor_usage":[],"damage_taken":[{"damage":0.0,"enemies":"Cultist","floor":1.0,"turns":5.0},{"damage":1.0,"enemies":"Jaw Worm","floor":4.0,"turns":7.0},{"damage":0.0,"enemies":"2 Louse","floor":7.0,"turns":3.0},{"damage":8.0,"enemies":"Gremlin Nob","floor":9.0,"turns":3.0},{"damage":0.0,"enemies":"Blue Slaver","floor":13.0,"turns":4.0},{"damage":0.0,"enemies":"3 Louse","floor":14.0,"turns":3.0},{"damage":0.0,"enemies":"Looter","floor":16.0,"turns":3.0},{"damage":0.0,"enemies":"Large Slime","floor":17.0,"turns":4.0},{"damage":7.0,"enemies":"Fading Forest","floor":19.0,"turns":11.0},{"damage":0.0,"enemies":"Shell Parasite","floor":21.0,"turns":3.0},{"damage":7.0,"enemies":"2 Thieves","floor":23.0,"turns":4.0},{"damage":8.0,"enemies":"Replay:Snechameleon","floor":26.0,"turns":6.0},{"damage":1,"enemies":"Centurion and Healer","floor":28,"turns":5},{"damage":0,"enemies":"Snecko","floor":31,"turns":4}],"seed_played":"1986488565424594500","potions_obtained":[{"floor":4.0,"key":"AttackPotion"},{"floor":13.0,"key":"AttackPotion"},{"floor":17.0,"key":"Swift Potion"},{"floor":19.0,"key":"Dexterity Potion"},{"floor":26.0,"key":"LiquidBronze"}],"is_trial":false,"path_per_floor":["M","$","?","M","?","R","M","R","E","T","R","T","M","M","R","M","M","R","B",null,"M","?","M","?","T","E","R","M","T","$","M"],"character_chosen":"THE_SILENT","items_purchased":["DemoMod:AgedBell","Bag of Preparation","DemoMod:Deposit+1"],"campfire_rested":0,"item_purchase_floors":[2,30,30],"current_hp_per_floor":[70,70,70,69,44,44,44,44,36,36,36,36,36,36,36,36,36,36,29,70,74,74,71,71,71,71,71,78,78,78,78,78],"gold":104,"neow_bonus":"","is_daily":true,"chose_seed":false,"campfire_upgraded":6,"win_rate":0.0,"timestamp":1614215658,"path_taken":["M","?","?","?","?","R","?","R","?","T","R","?","M","?","R","M","M","R","BOSS","M","?","M","?","?","E","R","M","T","$","M"],"items_purchased_type":["Relic","Relic","Card"],"build_version":"2020-12-22","purchased_purges":1,"victory":false,"max_hp_per_floor":[70,70,70,70,70,70,70,70,70,70,70,70,70,70,70,70,70,70,70,70,74,74,78,78,78,82,82,86,86,86,86,86],"card_choices":[{"not_picked":["Dagger Spray","Outmaneuver","Heavy Blade"],"picked":"SKIP","floor":1.0},{"not_picked":["Iron Wave","Malaise"],"picked":"Shockwave","floor":4.0},{"not_picked":["Rage+1","Sword Boomerang"],"picked":"Havoc+1","floor":7.0},{"not_picked":["Replay:Undeath\u0027s Touch","Slice"],"picked":"Feel No Pain","floor":9.0},{"not_picked":["Disarm+1","All Out Attack"],"picked":"Flechettes","floor":13.0},{"not_picked":["Abandon+1","Dagger Throw"],"picked":"Second Wind+1","floor":14.0},{"not_picked":["PiercingWail+1","Sucker Punch"],"picked":"Shrug It Off+1","floor":16.0},{"not_picked":["Perfected Strike","Burning Pact+1"],"picked":"Masterful Stab","floor":17.0},{"not_picked":["Venomology+1","Demonic Infusion+1"],"picked":"Feed","floor":19.0},{"not_picked":["Twin Strike","Havoc+1","Expertise+1"],"picked":"SKIP","floor":21.0},{"not_picked":["ReplayTheSpireMod:The Works+1","Backflip+1","Clothesline"],"picked":"SKIP","floor":23.0},{"not_picked":["Abandon+1","Dodge and Roll+1","True Grit+1"],"picked":"SKIP","floor":26.0},{"not_picked":["Shockwave+1","Fire Breathing","Outmaneuver+1"],"picked":"SKIP","floor":28}],"player_experience":696010,"relics_obtained":[{"floor":9.0,"key":"Golden Egg"},{"floor":10.0,"key":"Nunchaku"},{"floor":12.0,"key":"Grinning Jar"},{"floor":25.0,"key":"Bottled Tornado"},{"floor":26.0,"key":"Dream Catcher"},{"floor":29,"key":"War Paint"}],"event_choices":[{"cards_removed":["Strike_G"],"damage_healed":0.0,"max_hp_gain":0.0,"max_hp_loss":0.0,"gold_gain":0.0,"event_name":"Purifier","player_choice":"Purged","floor":3.0,"gold_loss":0.0,"damage_taken":0.0},{"damage_healed":0.0,"max_hp_gain":0.0,"max_hp_loss":0.0,"gold_gain":0.0,"event_name":"Scrap Ooze","player_choice":"Success","floor":5.0,"gold_loss":0.0,"damage_taken":25.0,"relics_obtained":["Toxic Egg 2"]},{"damage_healed":0.0,"max_hp_gain":0.0,"max_hp_loss":0.0,"gold_gain":0.0,"event_name":"Vampires","player_choice":"Ignored","floor":22.0,"gold_loss":0.0,"damage_taken":0.0},{"cards_removed":["Strike_G"],"damage_healed":0.0,"max_hp_gain":0.0,"max_hp_loss":0.0,"gold_gain":0.0,"event_name":"Beggar","player_choice":"Gave Gold","floor":24.0,"gold_loss":75.0,"damage_taken":0.0}],"is_beta":false,"boss_relics":[{"not_picked":["Fusion Hammer","Sozu"],"picked":"Runic Pyramid"}],"items_purged_floors":[30],"is_endless":false,"potions_floor_spawned":[4,13,17,19,26],"killed_by":"Snecko","ascension_level":0}}