{"host":"ilhhjx796p2x2wmd","time":1614269789,"event":{"mods":["AchievementEnabler","BaseMod","BetterRewards","Colored Map","Colored Powertips","DeckTracker","Highlight Path","Minty Spire (QoL Compilation)","Permanent Neow","Rare Cards Sparkle","Shop Mod"],"gold_per_floor":[13,13,24,41,57,57,91,91,156,168,32,32,32,44,44,148,148,163,163,88,88,107,107,7,7,7,36,49,64,75,91,91,91,91],"floor_reached":33,"language":"KOR","playtime":846,"items_purged":["Strike_G","Strike_G"],"score":409,"play_id":"a22d5073-740d-4fe8-a86b-e72882cb6e10","local_time":"20210226011629","is_ascension_mode":true,"campfire_choices":[{"data":"Corpse Explosion","floor":6.0,"key":"SMITH"},{"floor":13.0,"key":"REST"},{"data":"Leg Sweep","floor":15.0,"key":"SMITH"},{"data":"Crippling Poison","floor":23.0,"key":"SMITH"},{"data":"Bane","floor":25.0,"key":"SMITH"},{"data":"Catalyst","floor":32,"key":"SMITH"}],"circlet_count":0,"master_deck":["Strike_G","Defend_G","Defend_G","Defend_G","Defend_G","Defend_G","Survivor","Neutralize","Corpse Explosion+1","Backstab","Bane+1","Leg Sweep+1","Dash","Crippling Poison+1","Cloak And Dagger","Catalyst+1","Footwork"],"relics":["Ring of the Snake","Meat on the Bone","MawBank","Snake Skull","White Beast Statue","Runic Pyramid","Shuriken","Akabeko"],"acts_visited":["Exordium","TheCity"],"potions_floor_usage":[33,33],"damage_taken":[{"damage":0.0,"enemies":"Small Slimes","floor":1.0,"turns":3.0},{"damage":1.0,"enemies":"Cultist","floor":3.0,"turns":3.0},{"damage":12.0,"enemies":"Jaw Worm","floor":4.0,"turns":2.0},{"damage":0.0,"enemies":"3 Louse","floor":5.0,"turns":1.0},{"damage":22.0,"enemies":"Lagavulin","floor":7.0,"turns":7.0},{"damage":10.0,"enemies":"Red Slaver","floor":14.0,"turns":2.0},{"damage":21.0,"enemies":"Hexaghost","floor":16.0,"turns":13.0},{"damage":0.0,"enemies":"3 Byrds","floor":18.0,"turns":2.0},{"damage":2.0,"enemies":"Shell Parasite","floor":22.0,"turns":6.0},{"damage":0.0,"enemies":"Slavers","floor":27.0,"turns":3.0},{"damage":8.0,"enemies":"Chosen and Byrds","floor":28.0,"turns":4.0},{"damage":21.0,"enemies":"Centurion and Healer","floor":29.0,"turns":4.0},{"damage":1.0,"enemies":"Snecko","floor":30.0,"turns":4.0},{"damage":10,"enemies":"Sentry and Sphere","floor":31,"turns":4},{"damage":50,"enemies":"Automaton","floor":33,"turns":6}],"seed_played":"-26077735590482769","potions_obtained":[{"floor":1.0,"key":"Fire Potion"},{"floor":7.0,"key":"LiquidMemories"},{"floor":14.0,"key":"SpeedPotion"},{"floor":16.0,"key":"Block Potion"},{"floor":18.0,"key":"Block Potion"},{"floor":22.0,"key":"EntropicBrew"},{"floor":27.0,"key":"Dexterity Potion"},{"floor":28.0,"key":"Poison Potion"}],"is_trial":false,"path_per_floor":["M","?","M","M","M","R","E","?","T","?","$","?","R","M","R","B",null,"M","?","?","?","M","R","$","R","T","E","M","M","M","M","R","B"],"character_chosen":"THE_SILENT","items_purchased":["Crippling Poison"],"campfire_rested":1,"item_purchase_floors":[11],"current_hp_per_floor":[63,63,62,50,50,50,28,10,10,10,10,10,31,33,33,24,59,59,59,59,46,44,44,44,44,44,44,48,39,38,40,40,0,0],"gold":91,"neow_bonus":"THREE_RARE_CARDS","is_daily":false,"chose_seed":false,"campfire_upgraded":5,"win_rate":0.0,"timestamp":1614269789,"path_taken":["M","?","M","M","?","R","E","?","T","?","$","?","R","M","R","BOSS","M","?","?","?","M","R","?","R","T","E","?","M","M","M","R","BOSS"],"items_purchased_type":["Card"],"build_version":"2020-12-22","purchased_purges":2,"victory":false,"max_hp_per_floor":[70,70,70,70,70,70,70,70,70,70,70,70,70,70,70,70,70,70,70,70,75,75,75,75,75,75,75,75,75,75,75,75,75,75],"card_choices":[{"not_picked":["Adrenaline","Tools of the Trade"],"picked":"Corpse Explosion","floor":0.0},{"not_picked":["Caltrops","Acrobatics"],"picked":"Backstab","floor":1.0},{"not_picked":["Dodge and Roll","Backflip"],"picked":"Bane","floor":3.0},{"not_picked":["Outmaneuver","Underhanded Strike"],"picked":"Leg Sweep","floor":4.0},{"not_picked":["Prepared","Blade Dance"],"picked":"Dash","floor":5.0},{"not_picked":["Concentrate","Well Laid Plans","A Thousand Cuts"],"picked":"SKIP","floor":7.0},{"not_picked":["PiercingWail","Outmaneuver"],"picked":"Cloak And Dagger","floor":14.0},{"not_picked":["Choke","Flying Knee","Heel Hook"],"picked":"SKIP","floor":18.0},{"not_picked":["All Out Attack","Dodge and Roll+1","Cloak And Dagger"],"picked":"SKIP","floor":22.0},{"not_picked":["Slice","Skewer+1"],"picked":"Catalyst","floor":27.0},{"not_picked":["All Out Attack","Outmaneuver","Heel Hook"],"picked":"SKIP","floor":28.0},{"not_picked":["Dodge and Roll","Blade Dance"],"picked":"Footwork","floor":29.0},{"not_picked":["Acrobatics","Endless Agony","PiercingWail+1"],"picked":"SKIP","floor":30.0},{"not_picked":["Dodge and Roll","Prepared","Malaise"],"picked":"SKIP","floor":31}],"player_experience":365873,"relics_obtained":[{"floor":7.0,"key":"Meat on the Bone"},{"floor":9.0,"key":"Snake Skull"},{"floor":26.0,"key":"Shuriken"},{"floor":27.0,"key":"Akabeko"}],"event_choices":[{"cards_removed":["Strike_G"],"damage_healed":0.0,"max_hp_gain":0.0,"max_hp_loss":0.0,"gold_gain":0.0,"event_name":"Bonfire Elementals","player_choice":"Offered Basic","floor":2.0,"gold_loss":0.0,"damage_taken":0.0},{"damage_healed":0.0,"max_hp_gain":0.0,"max_hp_loss":0.0,"gold_gain":0.0,"event_name":"Scrap Ooze","player_choice":"Success","floor":8.0,"gold_loss":0.0,"damage_taken":18.0,"relics_obtained":["MawBank"]},{"damage_healed":0.0,"max_hp_gain":0.0,"max_hp_loss":0.0,"gold_gain":0.0,"event_name":"Dead Adventurer","player_choice":"Searched \u00270\u0027 times","floor":10.0,"gold_loss":0.0,"damage_taken":0.0},{"damage_healed":0.0,"max_hp_gain":0.0,"max_hp_loss":0.0,"gold_gain":0.0,"event_name":"WeMeetAgain","player_choice":"Gave Potion","floor":12.0,"gold_loss":0.0,"damage_taken":0.0,"relics_obtained":["White Beast Statue"]},{"damage_healed":0.0,"max_hp_gain":0.0,"max_hp_loss":0.0,"gold_gain":0.0,"event_name":"Ghosts","player_choice":"Ignored","floor":19.0,"gold_loss":0.0,"damage_taken":0.0},{"cards_removed":["Strike_G"],"damage_healed":0.0,"max_hp_gain":0.0,"max_hp_loss":0.0,"gold_gain":0.0,"event_name":"Beggar","player_choice":"Gave Gold","floor":20.0,"gold_loss":75.0,"damage_taken":0.0},{"damage_healed":0.0,"max_hp_gain":5.0,"max_hp_loss":0.0,"gold_gain":0.0,"event_name":"Forgotten Altar","player_choice":"Shed Blood","floor":21.0,"gold_loss":0.0,"damage_taken":18.0}],"is_beta":false,"boss_relics":[{"not_picked":["Fusion Hammer","Runic Dome"],"picked":"Runic Pyramid"}],"items_purged_floors":[11,24],"is_endless":false,"potions_floor_spawned":[1,7,14,16,18,22,27,28,29,30,31],"killed_by":"Automaton","ascension_level":8}}