{"host":"y76clbnovzmw9ubx","time":1614214360,"event":{"mods":["AchievementEnabler","BaseMod","Minty Spire (QoL Compilation)","Permanent Neow","Relic Stats"],"gold_per_floor":[113,130,141,161,161,161,187,187,258,287,297,329,342,354,354,431,431,448,448,448,448,458,458,458],"floor_reached":23,"language":"ENG","playtime":1639,"items_purged":[],"score":476,"play_id":"5d18f21c-d1ee-4975-90d2-248add77e286","local_time":"20210224195240","is_ascension_mode":true,"campfire_choices":[{"data":"Glass Knife","floor":6,"key":"SMITH"},{"data":"Wraith Form v2","floor":8,"key":"SMITH"},{"floor":15,"key":"REST"}],"circlet_count":0,"master_deck":["AscendersBane","Strike_G","Strike_G","Defend_G","Defend_G","Defend_G","Defend_G","Defend_G","Survivor","Neutralize","Glass Knife+1","Deadly Poison","Quick Slash","Footwork","All Out Attack","Wraith Form v2+1","Crippling Poison","Dash","Deadly Poison","Deflect","Blur","Corpse Explosion","Decay"],"relics":["Ring of the Snake","Gambling Chip","Paper Crane","Bronze Scales","Art of War","Empty Cage"],"acts_visited":["Exordium","TheCity"],"potions_floor_usage":[10,16,23,23],"damage_taken":[{"damage":2,"enemies":"Jaw Worm","floor":1,"turns":4},{"damage":1,"enemies":"Cultist","floor":2,"turns":3},{"damage":0,"enemies":"Small Slimes","floor":3,"turns":2},{"damage":0,"enemies":"2 Fungi Beasts","floor":4,"turns":4},{"damage":9,"enemies":"3 Sentries","floor":7,"turns":6},{"damage":35,"enemies":"Lagavulin","floor":10,"turns":9},{"damage":0,"enemies":"Blue Slaver","floor":11,"turns":3},{"damage":0,"enemies":"Gremlin Nob","floor":12,"turns":3},{"damage":1,"enemies":"3 Louse","floor":13,"turns":3},{"damage":0,"enemies":"Looter","floor":14,"turns":2},{"damage":1,"enemies":"Hexaghost","floor":16,"turns":8},{"damage":19,"enemies":"Shell Parasite","floor":18,"turns":6},{"damage":7,"enemies":"Chosen","floor":22,"turns":5},{"damage":49,"enemies":"Gremlin Leader","floor":23,"turns":7}],"seed_played":"4374549696970834639","potions_obtained":[{"floor":4,"key":"DuplicationPotion"},{"floor":11,"key":"Explosive Potion"},{"floor":13,"key":"Poison Potion"},{"floor":14,"key":"SteroidPotion"},{"floor":16,"key":"Fire Potion"}],"is_trial":false,"path_per_floor":["M","M","M","M","?","R","E","R","T","E","M","E","M","M","R","B",null,"M","?","?","?","M","E"],"character_chosen":"THE_SILENT","items_purchased":[],"campfire_rested":1,"item_purchase_floors":[],"current_hp_per_floor":[57,56,56,56,56,56,47,47,47,12,12,12,11,11,30,29,57,38,51,51,51,44,0,0],"gold":458,"neow_bonus":"ONE_RANDOM_RARE_CARD","is_daily":false,"chose_seed":false,"campfire_upgraded":2,"win_rate":0.0,"timestamp":1614214360,"path_taken":["M","M","M","M","?","R","E","R","T","E","M","E","M","?","R","BOSS","M","?","?","?","M","E"],"items_purchased_type":[],"build_version":"2020-12-22","purchased_purges":0,"victory":false,"max_hp_per_floor":[66,66,66,66,66,66,66,66,66,66,66,66,66,66,66,66,66,66,66,66,66,66,66,66],"relic_stats":{"counters":[14,65],"Gambling Chip":[31],"Bronze Scales":[99],"Art of War":[5],"obtain_stats":[{"Gambling Chip":7,"Bronze Scales":10,"Art of War":12,"Paper Crane":9,"Empty Cage":17,"Ring of the Snake":0},{"Gambling Chip":5,"Bronze Scales":6,"Art of War":8,"Paper Crane":5,"Empty Cage":11,"Ring of the Snake":0},{"Gambling Chip":19,"Bronze Scales":28,"Art of War":34,"Paper Crane":19,"Empty Cage":47,"Ring of the Snake":0}],"Ring of the Snake":[28]},"card_choices":[{"not_picked":["Dodge and Roll","Flying Knee"],"picked":"Deadly Poison","floor":1},{"not_picked":["Cloak And Dagger","Prepared"],"picked":"Quick Slash","floor":2},{"not_picked":["Dodge and Roll","Quick Slash"],"picked":"Footwork","floor":3},{"not_picked":["Backstab","Grand Finale"],"picked":"All Out Attack","floor":4},{"not_picked":["Dagger Spray","Quick Slash"],"picked":"Wraith Form v2","floor":7},{"not_picked":["PiercingWail","Acrobatics"],"picked":"Crippling Poison","floor":10},{"not_picked":["Outmaneuver","Prepared"],"picked":"Dash","floor":11},{"not_picked":["Bane","Deadly Poison","Riddle With Holes"],"picked":"SKIP","floor":12},{"not_picked":["Bane","Riddle With Holes"],"picked":"Deadly Poison","floor":12},{"not_picked":["Outmaneuver","Sucker Punch"],"picked":"Deflect","floor":13},{"not_picked":["Backflip","Cloak And Dagger"],"picked":"Blur","floor":14},{"not_picked":["Die Die Die","Phantasmal Killer"],"picked":"Corpse Explosion","floor":16},{"not_picked":["Underhanded Strike","Dagger Throw","Slice+1"],"picked":"SKIP","floor":18},{"not_picked":["Prepared","Dagger Throw","Underhanded Strike+1"],"picked":"SKIP","floor":22}],"player_experience":3291219,"relics_obtained":[{"floor":7,"key":"Gambling Chip"},{"floor":9,"key":"Paper Crane"},{"floor":10,"key":"Bronze Scales"},{"floor":12,"key":"Art of War"}],"event_choices":[{"cards_removed":["Strike_G"],"damage_healed":0,"gold_gain":0,"player_choice":"Offered Basic","damage_taken":0,"max_hp_gain":0,"max_hp_loss":0,"event_name":"Bonfire Elementals","floor":5,"gold_loss":0},{"damage_healed":13,"gold_gain":0,"player_choice":"Heal","damage_taken":0,"max_hp_gain":0,"max_hp_loss":0,"event_name":"The Library","floor":19,"gold_loss":0},{"damage_healed":0,"gold_gain":0,"player_choice":"Ignored","damage_taken":0,"max_hp_gain":0,"max_hp_loss":0,"event_name":"Vampires","floor":20,"gold_loss":0},{"damage_healed":0,"gold_gain":0,"player_choice":"Smashed Altar","damage_taken":0,"max_hp_gain":0,"max_hp_loss":0,"event_name":"Forgotten Altar","floor":21,"gold_loss":0,"cards_obtained":["Decay"]}],"is_beta":false,"boss_relics":[{"not_picked":["SacredBark","Runic Dome"],"picked":"Empty Cage"}],"items_purged_floors":[],"is_endless":false,"potions_floor_spawned":[4,11,13,14,16],"killed_by":"Gremlin Leader","ascension_level":20}}