{"host":"syozzdlzcqop4jia","time":1614296575,"event":{"mods":["AchievementEnabler","BaseMod","Colored Map","Colored Powertips","Minty Spire (QoL Compilation)","Quick Restart"],"gold_per_floor":[109,109,109,125,125,125,136,136,136,166,180,200,219,231,231,334,334,347,362,373,383,383,383],"floor_reached":22,"language":"ENG","playtime":948,"items_purged":[],"score":211,"play_id":"a07d9801-9b7a-4581-9559-9604f56afe49","local_time":"20210226004255","is_ascension_mode":true,"campfire_choices":[{"floor":6,"key":"RECALL"},{"data":"Redo","floor":8,"key":"SMITH"},{"data":"Defragment","floor":15,"key":"SMITH"}],"circlet_count":0,"master_deck":["Strike_B","Strike_B","Strike_B","Defend_B","Defend_B","Defend_B","Defend_B","Zap+1","Dualcast","Ball Lightning+1","Cold Snap","Redo+1","Self Repair","Rebound+1","Defragment+1","Conserve Battery","Chaos","Thunder Strike+1","Capacitor","Melter+1"],"relics":["Cracked Core","Molten Egg 2","Blood Vial","Sozu"],"acts_visited":["Exordium","TheCity"],"potions_floor_usage":[12],"damage_taken":[{"damage":0,"enemies":"Cultist","floor":1,"turns":3},{"damage":4,"enemies":"Small Slimes","floor":4,"turns":3},{"damage":3,"enemies":"2 Louse","floor":7,"turns":2},{"damage":14,"enemies":"3 Sentries","floor":10,"turns":7},{"damage":6,"enemies":"2 Fungi Beasts","floor":11,"turns":3},{"damage":12,"enemies":"3 Louse","floor":12,"turns":2},{"damage":5,"enemies":"Blue Slaver","floor":13,"turns":2},{"damage":14,"enemies":"Large Slime","floor":14,"turns":5},{"damage":25,"enemies":"Slime Boss","floor":16,"turns":10},{"damage":0,"enemies":"Spheric Guardian","floor":18,"turns":3},{"damage":25,"enemies":"2 Thieves","floor":19,"turns":4},{"damage":46,"enemies":"Snake Plant","floor":20,"turns":5},{"damage":21,"enemies":"Cultist and Chosen","floor":21,"turns":5},{"damage":18,"enemies":"3 Cultists","floor":22,"turns":3}],"seed_played":"-8595035106836113845","potions_obtained":[{"floor":4,"key":"FearPotion"},{"floor":7,"key":"LiquidBronze"},{"floor":11,"key":"PotionOfCapacity"},{"floor":12,"key":"FearPotion"}],"is_trial":false,"path_per_floor":["M","?","?","M","?","R","M","R","T","E","M","M","M","M","R","B",null,"M","M","M","M","M"],"character_chosen":"DEFECT","items_purchased":[],"campfire_rested":0,"item_purchase_floors":[],"current_hp_per_floor":[75,75,75,71,71,71,68,68,68,54,57,47,51,46,46,30,75,75,57,20,8,0,0],"gold":383,"neow_bonus":"UPGRADE_CARD","is_daily":false,"chose_seed":false,"campfire_upgraded":2,"win_rate":0.0,"timestamp":1614296575,"path_taken":["M","?","?","M","?","R","M","R","T","E","M","M","M","?","R","BOSS","M","M","M","M","M"],"items_purchased_type":[],"build_version":"2020-12-22","purchased_purges":0,"victory":false,"max_hp_per_floor":[75,75,75,75,75,75,75,75,75,75,75,75,75,75,75,75,75,75,75,75,75,75,75],"card_choices":[{"not_picked":["Hologram","Genetic Algorithm"],"picked":"Ball Lightning","floor":1},{"not_picked":["Compile Driver","Sunder"],"picked":"Cold Snap","floor":4},{"not_picked":["Storm","Gash"],"picked":"Redo","floor":7},{"not_picked":["Machine Learning","Barrage+1"],"picked":"Self Repair","floor":10},{"not_picked":["Gash+1","Barrage+1"],"picked":"Rebound+1","floor":11},{"not_picked":["Sweeping Beam+1","Rebound+1"],"picked":"Defragment","floor":12},{"not_picked":["Rebound+1","Leap"],"picked":"Conserve Battery","floor":13},{"not_picked":["Rebound+1","Sweeping Beam+1"],"picked":"Chaos","floor":14},{"not_picked":["Machine Learning","Creative AI"],"picked":"Thunder Strike+1","floor":16},{"not_picked":["Auto Shields+1","Glacier","Stack+1"],"picked":"SKIP","floor":18},{"not_picked":["Auto Shields+1","Scrape+1"],"picked":"Capacitor","floor":19},{"not_picked":["Reprogram","Consume","Static Discharge+1"],"picked":"SKIP","floor":20},{"not_picked":["Rebound+1","Compile Driver+1"],"picked":"Melter+1","floor":21}],"player_experience":739495,"relics_obtained":[{"floor":9,"key":"Molten Egg 2"},{"floor":10,"key":"Blood Vial"}],"event_choices":[{"damage_healed":0,"gold_gain":0,"player_choice":"Ignored","damage_taken":0,"max_hp_gain":0,"max_hp_loss":0,"event_name":"Golden Wing","floor":2,"gold_loss":0},{"damage_healed":0,"gold_gain":0,"player_choice":"Grow","damage_taken":0,"max_hp_gain":0,"max_hp_loss":0,"event_name":"Living Wall","floor":3,"gold_loss":0,"cards_upgraded":["Ball Lightning"]},{"cards_removed":["Strike_B"],"damage_healed":0,"gold_gain":0,"player_choice":"Card Removal","damage_taken":0,"max_hp_gain":0,"max_hp_loss":0,"event_name":"Wheel of Change","floor":5,"gold_loss":0}],"is_beta":false,"boss_relics":[{"not_picked":["Snecko Eye","Runic Dome"],"picked":"Sozu"}],"items_purged_floors":[],"is_endless":false,"potions_floor_spawned":[4,7,11,12,16,18,21],"killed_by":"3 Cultists","ascension_level":2}}