{"host":"mithrandi","time":1614283518,"event":{"mods":["BaseMod","Colored Map","Highlight Path","Minty Spire (QoL Compilation)","SuperFastMode"],"gold_per_floor":[113,27,46,4,4,4,38,38,38,65,140,163,163,203,203,284,284,311,18,41,41,55,55,55],"floor_reached":23,"language":"ENG","playtime":767,"items_purged":["Strike_B"],"score":473,"play_id":"d92e48f4-2594-481a-acd3-202fdf6f544d","local_time":"20210225220518","is_ascension_mode":true,"campfire_choices":[{"data":"Biased Cognition","floor":6,"key":"SMITH"},{"data":"Glacier","floor":13,"key":"SMITH"},{"data":"Buffer","floor":15,"key":"SMITH"}],"circlet_count":0,"master_deck":["AscendersBane","Strike_B","Strike_B+1","Strike_B","Defend_B","Defend_B","Defend_B","Defend_B","Zap","Dualcast","Ball Lightning","Biased Cognition+1","Self Repair","Recycle+1","Ball Lightning+1","Glacier+1","Ball Lightning","Buffer+1","Fission","Ball Lightning","Capacitor","Cold Snap+1"],"relics":["Cracked Core","NeowsBlessing","Whetstone","CeramicFish","Smiling Mask","Philosopher\u0027s Stone","Lee\u0027s Waffle"],"acts_visited":["Exordium","TheCity"],"potions_floor_usage":[16,23],"damage_taken":[{"damage":0,"enemies":"Cultist","floor":1,"turns":1},{"damage":0,"enemies":"Jaw Worm","floor":3,"turns":1},{"damage":0,"enemies":"3 Sentries","floor":7,"turns":1},{"damage":6,"enemies":"2 Louse","floor":10,"turns":2},{"damage":12,"enemies":"Looter","floor":12,"turns":3},{"damage":8,"enemies":"Gremlin Nob","floor":14,"turns":3},{"damage":32,"enemies":"Slime Boss","floor":16,"turns":10},{"damage":21,"enemies":"3 Byrds","floor":18,"turns":5},{"damage":7,"enemies":"Spheric Guardian","floor":20,"turns":3},{"damage":41,"enemies":"Shelled Parasite and Fungi","floor":22,"turns":5},{"damage":70,"enemies":"Slavers","floor":23,"turns":3}],"seed_played":"-2319729733710586759","potions_obtained":[{"floor":3,"key":"FairyPotion"},{"floor":7,"key":"PotionOfCapacity"},{"floor":16,"key":"PotionOfCapacity"}],"is_trial":false,"path_per_floor":["M","$","M","$","?","R","E","?","T","M","?","M","R","E","R","B",null,"M","$","M","?","M","E"],"character_chosen":"DEFECT","items_purchased":["Biased Cognition","Recycle","Lee\u0027s Waffle","Capacitor"],"campfire_rested":0,"item_purchase_floors":[2,4,19,19],"current_hp_per_floor":[64,64,64,64,64,64,71,71,71,71,60,55,55,47,47,22,59,45,78,78,56,22,0,0],"gold":55,"neow_bonus":"THREE_ENEMY_KILL","is_daily":false,"chose_seed":false,"campfire_upgraded":3,"win_rate":0.0,"timestamp":1614283518,"path_taken":["M","?","M","$","?","R","E","?","T","M","?","M","R","E","R","BOSS","M","$","M","?","M","E"],"items_purchased_type":["Card","Card","Relic","Card"],"build_version":"2020-12-18","purchased_purges":1,"victory":false,"max_hp_per_floor":[71,71,71,71,71,71,71,71,71,71,71,71,71,71,71,71,71,71,78,78,83,83,83,83],"card_choices":[{"not_picked":["Aggregate","Barrage"],"picked":"Ball Lightning","floor":1},{"not_picked":["Cold Snap","Stack"],"picked":"Self Repair","floor":3},{"not_picked":["Skim","Redo"],"picked":"Ball Lightning","floor":7},{"not_picked":["Undo","Compile Driver"],"picked":"Glacier","floor":10},{"not_picked":["Leap","Chaos"],"picked":"Ball Lightning","floor":12},{"not_picked":["Genetic Algorithm","Reprogram"],"picked":"Buffer","floor":14},{"not_picked":["Machine Learning","Electrodynamics"],"picked":"Fission","floor":16},{"not_picked":["Beam Cell","Doom and Gloom"],"picked":"Ball Lightning","floor":18},{"not_picked":["Conserve Battery","Leap"],"picked":"Cold Snap+1","floor":20},{"not_picked":["Rebound+1","Steam","Gash"],"picked":"SKIP","floor":22}],"player_experience":3133632,"relics_obtained":[{"floor":7,"key":"Whetstone"},{"floor":9,"key":"CeramicFish"},{"floor":14,"key":"Smiling Mask"}],"event_choices":[{"damage_healed":0,"gold_gain":0,"player_choice":"Ignored","damage_taken":0,"max_hp_gain":0,"max_hp_loss":0,"event_name":"Liars Game","floor":5,"gold_loss":0},{"damage_healed":0,"gold_gain":0,"player_choice":"Grow","damage_taken":0,"max_hp_gain":0,"max_hp_loss":0,"event_name":"Living Wall","floor":8,"gold_loss":0,"cards_upgraded":["Recycle"]},{"damage_healed":0,"gold_gain":75,"player_choice":"Gather Gold","damage_taken":11,"max_hp_gain":0,"max_hp_loss":0,"event_name":"World of Goop","floor":11,"gold_loss":0},{"damage_healed":0,"gold_gain":0,"player_choice":"Shed Blood","damage_taken":27,"max_hp_gain":5,"max_hp_loss":0,"event_name":"Forgotten Altar","floor":21,"gold_loss":0}],"is_beta":true,"boss_relics":[{"not_picked":["SacredBark","Runic Dome"],"picked":"Philosopher\u0027s Stone"}],"items_purged_floors":[19],"is_endless":false,"potions_floor_spawned":[3,7,12,16,20,22],"killed_by":"Slavers","ascension_level":20}}