{"host":"2d69zsihwnsihkt1","time":1614281678,"event":{"mods":["AchievementEnabler","Act Like it!","BaseMod","Better Altar","Better Note","Better Skull","Bossed Relics","Colored Map","Colored Powertips","Curses Come First","Displayed Cursed Tome","Googly Eyes","Hermit","Minty Spire (QoL Compilation)","Rare Cards Sparkle","Relic Stats","Replay The Spire","Robot Space Explorer","Shapeshifter Mod","Shop Mod","StSLib","The Forsaken","The Hayseed","The Runesmith"],"gold_per_floor":[13,13,24,24,36,36,71,71,71,71,71,106,126,126,126,223,223,237,136,136,150,2,30,30,40,87,12,22,34,52,52,52,156,156,166,166,166,189,218,218,256,256,329,329,329,367,367,367,367,395],"floor_reached":51,"language":"ENG","playtime":3566,"items_purged":["ReplayTheSpireMod:Splinters"],"score":1164,"play_id":"96fd5473-6d25-4924-8ffb-d81fba5f8da5","local_time":"20210225133438","is_ascension_mode":true,"campfire_choices":[{"data":"theForsaken:WrathOfGod","floor":6,"key":"SMITH"},{"data":"theForsaken:WrathOfGod+1","floor":8,"key":"SMITH"},{"data":"theForsaken:WrathOfGod+2","floor":10,"key":"SMITH"},{"floor":15,"key":"REST"},{"data":"theForsaken:StoreUp","floor":24,"key":"SMITH"},{"floor":32,"key":"REST"},{"data":"theForsaken:WrathOfGod+3","floor":40,"key":"SMITH"},{"data":"theForsaken:WrathOfGod+4","floor":42,"key":"SMITH"},{"data":"theForsaken:WrathOfGod+5","floor":45,"key":"SMITH"},{"floor":49,"key":"REST"}],"circlet_count":0,"master_deck":["AscendersBane","theForsaken:TheForsaken_Strike","theForsaken:Smite","theForsaken:Penitence","theForsaken:WrathOfGod+6","theForsaken:DefensiveStance","theForsaken:StoreUp+1","theForsaken:FountainOfLife","theForsaken:DefensiveStance","Madness","Pot Of Greed"],"relics":["theForsaken:JudgementScales","Pear","StrikeDummy","Garlic","ReplayTheSpireMod:Onyx Gauntlets","Busted Crown","Kintsugi","MerchantsRug","Spirit Poop","Medical Kit","Blue Doll","Omamori","Empty Cage","Replay:Bandana","Grinning Jar","Mercury Hourglass","ReplayTheSpireMod:Shallot"],"acts_visited":["Exordium","TheCity","TheBeyond"],"potions_floor_usage":[7,12,33,50],"damage_taken":[{"damage":4,"enemies":"Cultist","floor":1,"turns":5},{"damage":0,"enemies":"2 Louse","floor":3,"turns":3},{"damage":3,"enemies":"Jaw Worm","floor":5,"turns":7},{"damage":30,"enemies":"Gremlin Nob","floor":7,"turns":6},{"damage":30,"enemies":"Lagavulin","floor":12,"turns":4},{"damage":0,"enemies":"Exordium Wildlife","floor":13,"turns":6},{"damage":28,"enemies":"Fading Forest","floor":16,"turns":11},{"damage":0,"enemies":"Shell Parasite","floor":18,"turns":5},{"damage":0,"enemies":"Spheric Guardian","floor":21,"turns":2},{"damage":24,"enemies":"Book of Stabbing","floor":23,"turns":5},{"damage":37,"enemies":"3 Cultists","floor":25,"turns":8},{"damage":10,"enemies":"Snake Plant","floor":28,"turns":6},{"damage":22,"enemies":"Chosen and Byrds","floor":29,"turns":7},{"damage":4,"enemies":"Shelled Parasite and Fungi","floor":30,"turns":4},{"damage":30,"enemies":"Automaton","floor":33,"turns":13},{"damage":0,"enemies":"Orb Walker","floor":35,"turns":3},{"damage":25,"enemies":"3 Shapes","floor":38,"turns":5},{"damage":32,"enemies":"3 Darklings","floor":39,"turns":7},{"damage":5,"enemies":"Nemesis","floor":41,"turns":7},{"damage":0,"enemies":"Sphere and 2 Shapes","floor":46,"turns":3},{"damage":0,"enemies":"Donu and Deca","floor":50,"turns":6}],"seed_played":"-6719319837157491540","potions_obtained":[{"floor":1,"key":"Energy Potion"},{"floor":7,"key":"Death Potion"},{"floor":16,"key":"PowerPotion"},{"floor":18,"key":"SteroidPotion"},{"floor":33,"key":"EssenceOfSteel"},{"floor":38,"key":"Strength Potion"}],"is_trial":false,"path_per_floor":["M","$","M","?","M","R","E","R","T","R","?","E","M","$","R","B",null,"M","$","?","M","$","E","R","M","T","$","M","M","M","?","R","B",null,"M","?","?","M","M","R","E","R","T","T","R","M","?","?","R","B",null],"character_chosen":"THE_FORSAKEN","items_purchased":["MerchantsRug","Medical Kit","theForsaken:DefensiveStance"],"campfire_rested":3,"item_purchase_floors":[19,22,27],"current_hp_per_floor":[74,74,74,74,74,74,57,57,57,57,57,29,35,35,61,55,79,84,84,84,86,86,67,67,46,46,46,52,40,40,40,74,66,104,109,109,109,89,67,67,76,76,76,76,76,80,80,80,116,121],"gold":395,"neow_bonus":"TWENTY_PERCENT_HP_BONUS","is_daily":false,"chose_seed":false,"campfire_upgraded":7,"win_rate":0.0,"timestamp":1614281678,"path_taken":["M","$","M","?","M","R","E","R","T","R","?","E","M","?","R","BOSS","M","$","?","M","$","E","R","M","T","?","M","M","M","?","R","BOSS","M","?","?","M","?","R","E","R","T","?","R","M","?","?","R","BOSS"],"items_purchased_type":["Relic","Relic","Card"],"build_version":"2020-12-22","purchased_purges":1,"victory":true,"max_hp_per_floor":[77,77,77,77,77,77,87,87,87,87,87,87,87,87,87,87,87,89,89,89,89,89,91,91,101,101,101,111,113,115,115,115,117,117,119,119,119,121,123,123,125,125,125,125,125,127,121,121,121,123],"relic_stats":{"Busted Crown":28,"counters":[21,123],"Medical Kit":[14],"obtain_stats":[{"MerchantsRug":19,"Pear":7,"Replay:Grab Bag":17,"Spirit Poop":20,"Blue Doll":23,"Omamori":26,"Medical Kit":22,"Empty Cage":34,"Mercury Hourglass":43,"Replay:Bandana":37,"Busted Crown":17,"ReplayTheSpireMod:Shallot":44,"Garlic":12,"ReplayTheSpireMod:Onyx Gauntlets":17,"Kintsugi":17,"Grinning Jar":41,"theForsaken:JudgementScales":0,"StrikeDummy":9},{"MerchantsRug":8,"Pear":4,"Replay:Grab Bag":7,"Spirit Poop":8,"Blue Doll":10,"Omamori":11,"Medical Kit":9,"Empty Cage":15,"Mercury Hourglass":19,"Replay:Bandana":16,"Busted Crown":7,"ReplayTheSpireMod:Shallot":19,"Garlic":5,"ReplayTheSpireMod:Onyx Gauntlets":7,"Kintsugi":7,"Grinning Jar":19,"theForsaken:JudgementScales":0,"StrikeDummy":4},{"MerchantsRug":47,"Pear":21,"Replay:Grab Bag":42,"Spirit Poop":47,"Blue Doll":54,"Omamori":62,"Medical Kit":49,"Empty Cage":92,"Mercury Hourglass":114,"Replay:Bandana":95,"Busted Crown":42,"ReplayTheSpireMod:Shallot":114,"Garlic":25,"ReplayTheSpireMod:Onyx Gauntlets":42,"Kintsugi":42,"Grinning Jar":114,"theForsaken:JudgementScales":0,"StrikeDummy":21}],"Mercury Hourglass":[39]},"card_choices":[{"not_picked":["theForsaken:CleansingLight","theForsaken:HymnOfRest","theForsaken:Thunderbolt"],"picked":"SKIP","floor":1},{"not_picked":["theForsaken:SpinAttack","theForsaken:Parry"],"picked":"theForsaken:WrathOfGod","floor":3},{"not_picked":["theForsaken:InspiringBlow","theForsaken:PanicDive","theForsaken:WordsOfMight"],"picked":"SKIP","floor":5},{"not_picked":["theForsaken:BlessedWeapon","theForsaken:Preservation"],"picked":"theForsaken:DefensiveStance","floor":7},{"not_picked":["theForsaken:HealingLight","theForsaken:WordOfPower","theForsaken:HorrifyingStrike"],"picked":"SKIP","floor":12},{"not_picked":["theForsaken:ShieldCharge","theForsaken:QuickAttack"],"picked":"theForsaken:StoreUp","floor":13},{"not_picked":["theForsaken:SacredOath","theForsaken:CorruptDeck"],"picked":"theForsaken:FountainOfLife","floor":16},{"not_picked":["theForsaken:Backlash"],"picked":"SKIP","floor":18},{"not_picked":["theForsaken:SpinAttack"],"picked":"SKIP","floor":21},{"not_picked":["theForsaken:DarkBargain+1"],"picked":"SKIP","floor":23},{"not_picked":["theForsaken:RainingSunlight"],"picked":"SKIP","floor":25},{"not_picked":["theForsaken:StoreUp"],"picked":"SKIP","floor":28},{"not_picked":["theForsaken:WordsOfPestilence"],"picked":"SKIP","floor":29},{"not_picked":["theForsaken:StoreUp"],"picked":"SKIP","floor":30},{"not_picked":["theForsaken:Thunderbolt+1"],"picked":"SKIP","floor":35},{"not_picked":[],"picked":"Madness","floor":36},{"not_picked":["theForsaken:Preservation"],"picked":"SKIP","floor":38},{"not_picked":["theForsaken:QuickAttack"],"picked":"SKIP","floor":39},{"not_picked":["theForsaken:HorrifyingStrike+1"],"picked":"SKIP","floor":41},{"not_picked":["theForsaken:BlessedWeapon+1"],"picked":"SKIP","floor":46}],"player_experience":1935887,"relics_obtained":[{"floor":7,"key":"Pear"},{"floor":9,"key":"StrikeDummy"},{"floor":12,"key":"Garlic"},{"floor":23,"key":"Blue Doll"},{"floor":26,"key":"Omamori"},{"floor":41,"key":"Grinning Jar"},{"floor":43,"key":"Mercury Hourglass"},{"floor":44,"key":"ReplayTheSpireMod:Shallot"}],"event_choices":[{"cards_removed":["Injury"],"damage_healed":0,"gold_gain":0,"player_choice":"Offered Curse","damage_taken":0,"relics_obtained":["Spirit Poop"],"max_hp_gain":0,"max_hp_loss":0,"event_name":"Bonfire Elementals","floor":20,"gold_loss":0},{"damage_healed":0,"gold_gain":0,"player_choice":"Ignored","damage_taken":0,"max_hp_gain":0,"max_hp_loss":0,"event_name":"Ghosts","floor":31,"gold_loss":0},{"damage_healed":0,"gold_gain":0,"player_choice":"Memory 1","damage_taken":0,"max_hp_gain":0,"max_hp_loss":0,"event_name":"SensoryStone","floor":36,"gold_loss":0},{"damage_healed":0,"gold_gain":0,"player_choice":"Gave Potion","damage_taken":0,"relics_obtained":["Replay:Bandana"],"max_hp_gain":0,"max_hp_loss":0,"event_name":"WeMeetAgain","floor":37,"gold_loss":0},{"damage_healed":0,"gold_gain":0,"player_choice":"Max HP","damage_taken":0,"max_hp_gain":0,"max_hp_loss":6,"event_name":"Winding Halls","floor":47,"gold_loss":0},{"damage_healed":0,"gold_gain":0,"player_choice":"Ignored","damage_taken":0,"max_hp_gain":0,"max_hp_loss":0,"event_name":"Mysterious Sphere","floor":48,"gold_loss":0}],"is_beta":false,"boss_relics":[{"not_picked":["theForsaken:ScalesOfTruth","Pandora\u0027s Box"],"picked":"Replay:Grab Bag"},{"not_picked":["ChewingGum","Runic Dome"],"picked":"ReplayTheSpireMod:Onyx Gauntlets"},{"not_picked":["theForsaken:PaleLantern","Cursed Key"],"picked":"Busted Crown"},{"not_picked":["theForsaken:ArmorOfThorns","Black Star"],"picked":"Kintsugi"},{"not_picked":["Replay:Ancient Bell","Velvet Choker"],"picked":"Empty Cage"}],"items_purged_floors":[19],"is_endless":false,"potions_floor_spawned":[1,7,16,18,21,28,33,38,39],"ascension_level":11}}