{"host":"lnfs5t5iydkm2lft","time":1614236970,"event":{"mods":["AchievementEnabler","Act Like it!","Aspiration","BaseMod","Bestiary","Better Third Choice","BetterRewards","Colored Powertips","Dark Map","Downfall","Hermit","Hubris","Infinite Spire","Marisa????????","Marked Mod","Minty Spire (QoL Compilation)","Quick Restart","Reliquary","Replay The Spire","StSLib","The Runesmith","everything is the same but u backflip on backflip"],"gold_per_floor":[111,129,129,142,152,186,151,162,185,185,211,211,211,225,225,323,323,340,340,356,356,369,369,369],"floor_reached":23,"language":"ENG","playtime":907,"items_purged":["Strike_P"],"score":348,"play_id":"11a79006-b6a3-4128-9f5b-0bacaa11e239","local_time":"20210225010930","is_ascension_mode":true,"campfire_choices":[{"floor":10,"key":"REST"},{"floor":15,"key":"REST"}],"circlet_count":0,"master_deck":["Strike_P","Strike_P","Strike_P","Defend_P","Defend_P","Defend_P","Defend_P","Eruption","Vigilance","MarkedMod:FirstStrike","MarkedMod:GentlePulse","MarkedMod:PinPointDefense","infinitespire:SevenWalls","WindmillStrike","Protect","ClearTheMind","Tantrum","PathToVictory","PathToVictory","MarkedMod:NorthStar","Protect","Well Laid Plans+1"],"relics":["PureWater","Unceasing Top","Bottled Flame","Dream Catcher","aspiration:HummingbirdHeart","hubris:Icosahedron","VioletLotus","Torii","PrismaticShard"],"acts_visited":["Exordium","TheCity"],"potions_floor_usage":[8,11,16,16,16,16,16,22,22,23],"damage_taken":[{"damage":3,"enemies":"Small Slimes","floor":1,"turns":4},{"damage":3,"enemies":"Jaw Worm","floor":2,"turns":5},{"damage":0,"enemies":"2 Louse","floor":4,"turns":5},{"damage":15,"enemies":"Exordium Wildlife","floor":5,"turns":4},{"damage":3,"enemies":"Lagavulin","floor":6,"turns":7},{"damage":16,"enemies":"3 Louse","floor":8,"turns":2},{"damage":11,"enemies":"3 Sentries","floor":11,"turns":10},{"damage":0,"enemies":"Red Slaver","floor":14,"turns":3},{"damage":16,"enemies":"Hexaghost","floor":16,"turns":6},{"damage":0,"enemies":"3 Byrds","floor":18,"turns":4},{"damage":1,"enemies":"Chosen","floor":20,"turns":4},{"damage":34,"enemies":"Centurion and Healer","floor":22,"turns":7},{"damage":46,"enemies":"Book of Stabbing","floor":23,"turns":6}],"seed_played":"-4845965945465880155","potions_obtained":[{"floor":4,"key":"SteroidPotion"},{"floor":8,"key":"Elixir"},{"floor":11,"key":"AttackPotion"},{"floor":14,"key":"DuplicationPotion"},{"floor":16,"key":"SteroidPotion"},{"floor":18,"key":"Weak Potion"},{"floor":20,"key":"LifebloodPotion"}],"is_trial":false,"path_per_floor":["M","M","?","M","M","E","?","M","T","R","E","T","?","M","R","B",null,"M","AVR","M","?","M","E"],"character_chosen":"WATCHER","items_purchased":["MarkedMod:FirstStrike"],"campfire_rested":2,"item_purchase_floors":[0],"current_hp_per_floor":[69,66,48,48,33,30,48,32,32,53,42,42,42,42,63,47,72,72,72,71,63,29,0,0],"gold":369,"neow_bonus":"","is_daily":false,"chose_seed":false,"campfire_upgraded":0,"win_rate":0.0,"timestamp":1614236970,"path_taken":["M","M","?","M","M","E","?","M","T","R","E","?","?","M","R","BOSS","M","AVR","M","?","M","E"],"items_purchased_type":["Card"],"build_version":"2020-12-22","purchased_purges":1,"victory":false,"max_hp_per_floor":[72,72,72,72,72,72,72,72,72,72,72,72,72,72,72,72,72,72,72,72,72,72,72,72],"card_choices":[{"not_picked":["Consecrate","ThirdEye"],"picked":"MarkedMod:GentlePulse","floor":1},{"not_picked":["ClearTheMind","Replay:Vibes"],"picked":"MarkedMod:PinPointDefense","floor":2},{"not_picked":["ReplayTheSpireMod:Echoes of Time","infinitespire:TheBestDefense"],"picked":"infinitespire:SevenWalls","floor":3},{"not_picked":["Protect","Fasting2"],"picked":"WindmillStrike","floor":4},{"not_picked":["Replay:BluntJabs","ForeignInfluence"],"picked":"Protect","floor":5},{"not_picked":["Nirvana","Evaluate","FollowUp"],"picked":"SKIP","floor":6},{"not_picked":["MarkedMod:Acupuncture","WheelKick","Halt"],"picked":"SKIP","floor":8},{"not_picked":["MarkedMod:GentlePulse","SashWhip"],"picked":"ClearTheMind","floor":10},{"not_picked":["Replay:AtTheReady","Replay:Anticipation"],"picked":"Tantrum","floor":11},{"not_picked":["Replay:Anticipation","ReachHeaven"],"picked":"PathToVictory","floor":14},{"not_picked":["Halt","MarkedMod:ChiBlock"],"picked":"PathToVictory","floor":15},{"not_picked":["Ragnarok","Establishment"],"picked":"MarkedMod:NorthStar","floor":16},{"not_picked":["Consecrate+1","FlurryOfBlows","Swivel"],"picked":"SKIP","floor":18},{"not_picked":["SashWhip","Replay:Cycle","Consecrate+1"],"picked":"SKIP","floor":20},{"not_picked":["EmptyBody","Replay:ManipulateFuture"],"picked":"Protect","floor":21},{"not_picked":["champ:BladeFlurry+1","Slimebound:DivideAndConquer"],"picked":"Well Laid Plans+1","floor":22}],"player_experience":429933,"relics_obtained":[{"floor":6,"key":"Bottled Flame"},{"floor":9,"key":"Dream Catcher"},{"floor":11,"key":"aspiration:HummingbirdHeart"},{"floor":21,"key":"PrismaticShard"}],"event_choices":[{"damage_healed":18,"gold_gain":0,"player_choice":"Healed","damage_taken":0,"max_hp_gain":0,"max_hp_loss":0,"event_name":"The Cleric","floor":7,"gold_loss":35}],"is_beta":false,"boss_relics":[{"not_picked":["Replay:Drink Me","Replay:Wanted Poster"],"picked":"VioletLotus"}],"items_purged_floors":[19],"is_endless":false,"potions_floor_spawned":[4,8,11,14,16,18,20],"killed_by":"Book of Stabbing","ascension_level":3}}