{"host":"ymmeoa1x24ihslbm","time":1614294043,"event":{"mods":["AchievementEnabler","BaseMod","CatGirl Mod","ChefMod","Colored Map","Colored Powertips","Defuse TimeMaze Blight","Dio Mod","Hermit","Highlight Path","HornydragonMod","Hyrulean Relics","Infinite Spire","Minty Spire (QoL Compilation)","Permanent Neow","Quick Restart","Rare Cards Sparkle","Relic Sorter","Robot Space Explorer","Shapeshifter Mod","Shop Mod","StSLib","The Gatherer","The Marked","TheBandit","TheFirefly","TheSurvivalist","TheSwordswoman","Transform Curses"],"gold_per_floor":[110,110,131,155,155,155,155,170,170,208,0,38,59,82,82,82,82],"floor_reached":16,"language":"ENG","playtime":921,"items_purged":[],"score":112,"play_id":"a681d062-7b40-46cf-a56b-89e2db1f841c","local_time":"20210226000043","is_ascension_mode":false,"campfire_choices":[{"data":"chefmod:TonkotsuRamen","floor":6.0,"key":"SMITH"},{"data":"chefmod:Leftovers","floor":15.0,"key":"SMITH"}],"circlet_count":0,"master_deck":["chefmod:Strike","chefmod:Strike","chefmod:Strike","chefmod:Strike","chefmod:QuickThaw","chefmod:Defend","chefmod:Defend","chefmod:Defend","chefmod:Defend","chefmod:TodaysSpecial","chefmod:SliceAndDice","chefmod:Chop","chefmod:TonkotsuRamen+1","chefmod:IcePick","chefmod:ColdSteel","chefmod:BaoBuns","chefmod:VegetableTart","chefmod:Leftovers+1","chefmod:CuttingBoard","chefmod:SliceAndDice"],"relics":["chefmod:TrustyPot","Golden Idol","Tiny Chest","MerchantsRug","Lantern"],"acts_visited":["Exordium"],"potions_floor_usage":[16],"damage_taken":[{"damage":0.0,"enemies":"2 Louse","floor":1.0,"turns":5.0},{"damage":2.0,"enemies":"Jaw Worm","floor":3.0,"turns":4.0},{"damage":5.0,"enemies":"Small Slimes","floor":4.0,"turns":4.0},{"damage":2.0,"enemies":"Blue Slaver","floor":8.0,"turns":4.0},{"damage":18.0,"enemies":"Gremlin Nob","floor":10.0,"turns":4.0},{"damage":17.0,"enemies":"Lagavulin","floor":12.0,"turns":9.0},{"damage":6.0,"enemies":"Lots of Slimes","floor":13.0,"turns":4.0},{"damage":9.0,"enemies":"Gremlin Gang","floor":14.0,"turns":6.0},{"damage":26,"enemies":"The Guardian","floor":16,"turns":7}],"seed_played":"5756919897789508358","potions_obtained":[{"floor":3.0,"key":"EntropicBrew"},{"floor":8.0,"key":"GamblersBrew"},{"floor":10.0,"key":"LiquidMemories"},{"floor":14.0,"key":"DuplicationPotion"}],"is_trial":false,"path_per_floor":["M","?","M","M","T","R","?","M","T","E","$","E","M","M","R","B"],"character_chosen":"THE_CHEF","items_purchased":["MerchantsRug","chefmod:BaoBuns","chefmod:VegetableTart","EntropicBrew"],"campfire_rested":0,"item_purchase_floors":[11,11,11,11],"current_hp_per_floor":[90,68,66,61,61,61,61,59,59,41,41,39,33,24,24,0,0],"gold":82,"neow_bonus":"TWENTY_PERCENT_HP_BONUS","is_daily":false,"chose_seed":false,"campfire_upgraded":2,"win_rate":0.0,"timestamp":1614294043,"path_taken":["M","?","M","M","?","R","?","M","T","E","$","E","M","M","R","BOSS"],"items_purchased_type":["Relic","Card","Card","Potion"],"build_version":"2020-12-22","purchased_purges":0,"victory":false,"max_hp_per_floor":[90,90,90,90,90,90,90,90,90,90,90,90,90,90,90,90,90],"card_choices":[{"not_picked":["chefmod:FireUp","chefmod:ZaruSoba"],"picked":"chefmod:SliceAndDice","floor":1.0},{"not_picked":["chefmod:LiquidNitrogen","chefmod:Sorbet"],"picked":"chefmod:Chop","floor":3.0},{"not_picked":["chefmod:FreezeSolid","chefmod:TwoForOne"],"picked":"chefmod:TonkotsuRamen","floor":4.0},{"not_picked":["chefmod:FireUp","chefmod:ZaruSoba"],"picked":"chefmod:IcePick","floor":8.0},{"not_picked":["chefmod:FullCourseMeal","chefmod:Chop"],"picked":"chefmod:ColdSteel","floor":10.0},{"not_picked":["chefmod:ColdSteel","chefmod:FullBurn"],"picked":"chefmod:Leftovers","floor":12.0},{"not_picked":["chefmod:Defrost","chefmod:FiveAlarmChili"],"picked":"chefmod:CuttingBoard","floor":13.0},{"not_picked":["chefmod:LiquidNitrogen","chefmod:BaoBuns"],"picked":"chefmod:SliceAndDice","floor":14.0}],"player_experience":843835,"relics_obtained":[{"floor":5.0,"key":"infinitespire:Beetle Shell"},{"floor":9.0,"key":"infinitespire:Lucky Rock"},{"floor":10.0,"key":"Tiny Chest"},{"floor":12.0,"key":"Lantern"}],"event_choices":[{"damage_healed":0.0,"max_hp_gain":0.0,"max_hp_loss":0.0,"gold_gain":0.0,"event_name":"Golden Idol","player_choice":"Take Damage","floor":2.0,"gold_loss":0.0,"damage_taken":22.0,"relics_obtained":["Golden Idol"]},{"cards_removed":["Amnesia"],"damage_healed":0.0,"max_hp_gain":0.0,"max_hp_loss":0.0,"gold_gain":0.0,"event_name":"Living Wall","player_choice":"Forget","floor":7.0,"gold_loss":0.0,"damage_taken":0.0}],"is_beta":false,"boss_relics":[],"items_purged_floors":[],"is_endless":false,"potions_floor_spawned":[3,8,10,14],"killed_by":"The Guardian","ascension_level":0}}