{"host":"mp4nw1ahnxiisuiw","time":1614214629,"event":{"mods":["AchievementEnabler","BaseMod","Better Note","Block Reminder","Colored Map","Colored Powertips","Curses Come First","DeckTracker","Dio Mod","Downfall","Hero for Fun","Highlight Path","HololiveMod","Koishi","Marisa????????","Minty Spire (QoL Compilation)","Permanent Neow","Quick Restart","Rare Cards Sparkle","Relic Sorter","Relic Stats","Remilia??????","Small Relic Pack","Spikes Relics","StSLib","Td1madao Mod","The Animator","The Bug Knight","Waifu the Spire"],"gold_per_floor":[116,216,67,85,85,85,118,138,163,163,182,182,214,233,233,336,336,348,298,321,337,354,380,380,405,430,441,466,477,503,703,703,808,808,818,593,604,604,621,653,684,684,707,740,775,830,830,830],"floor_reached":49,"language":"ENG","playtime":1851,"items_purged":["Strike_R"],"score":1361,"play_id":"50859d2a-9ea1-40d0-811d-170e62c8c807","local_time":"20210225015709","is_ascension_mode":true,"campfire_choices":[{"data":"Armaments","floor":6.0,"key":"SMITH"},{"floor":15.0,"key":"REST"},{"data":"Barricade","floor":32,"key":"SMITH"},{"data":"Armaments","floor":42,"key":"SMITH"}],"circlet_count":0,"master_deck":["Strike_R","Strike_R","Strike_R","Defend_R","Defend_R","Defend_R","Defend_R","Bash","Armaments+1","CurseOfTheBell","CurseOfTheBell","Clumsy","Reaper","Intolerance","Armaments+1","Body Slam","Bludgeon","Iron Wave","Rampage","Ghostly Armor","Double Tap","Body Slam+1","Decay","Barricade+1","Whirlwind+1","Demon Form","Entrench+1"],"relics":["SlaversCollar","downfall:ExtraCursedBell","Potion Belt","Eternal Feather","Du-Vu Doll","relicPack:SpireResearchBook","relicPack:OneForAll","Tiny Chest","Oddly Smooth Stone","relicPack:DSword","MiniBlackHole","Philosopher\u0027s Stone","Happy Flower","Bronze Scales","Centennial Puzzle","RollingBoulder","Ancient Tea Set","WingedGreaves","Black Star","TheAbacus","Self Forming Clay","SpikesRelics:DaevaFist","HollowMod:PaleOreRelic","Toy Ornithopter","AntiCross","Boot","Bag of Marbles","Pear","Anchor","MealTicket","Champion Belt"],"acts_visited":["Exordium","TheCity","TheBeyond"],"potions_floor_usage":[29,33,33,39,46],"damage_taken":[{"damage":15.0,"enemies":"Cultist","floor":1.0,"turns":5.0},{"damage":9.0,"enemies":"2 Louse","floor":4.0,"turns":2.0},{"damage":32.0,"enemies":"3 Sentries","floor":7.0,"turns":9.0},{"damage":13.0,"enemies":"Small Slimes","floor":8.0,"turns":4.0},{"damage":0.0,"enemies":"3 Louse","floor":11.0,"turns":3.0},{"damage":12.0,"enemies":"Gremlin Nob","floor":13.0,"turns":3.0},{"damage":3.0,"enemies":"Red Slaver","floor":14.0,"turns":3.0},{"damage":9.0,"enemies":"Hexaghost","floor":16.0,"turns":8.0},{"damage":0.0,"enemies":"Shell Parasite","floor":18.0,"turns":2.0},{"damage":8.0,"enemies":"Spheric Guardian","floor":21.0,"turns":4.0},{"damage":5.0,"enemies":"3 Cultists","floor":22.0,"turns":4.0},{"damage":38.0,"enemies":"Book of Stabbing","floor":23.0,"turns":4.0},{"damage":24.0,"enemies":"Slavers","floor":25.0,"turns":5.0},{"damage":0.0,"enemies":"Sentry and Sphere","floor":27.0,"turns":3.0},{"damage":25,"enemies":"Gremlin Leader","floor":28,"turns":4},{"damage":9,"enemies":"Snake Plant","floor":29,"turns":2},{"damage":0,"enemies":"HollowMod:Nosk","floor":30,"turns":5},{"damage":2,"enemies":"Champ","floor":33,"turns":6},{"damage":19,"enemies":"3 Shapes","floor":35,"turns":2},{"damage":38,"enemies":"3 Darklings","floor":37,"turns":4},{"damage":17,"enemies":"Sphere and 2 Shapes","floor":39,"turns":4},{"damage":16,"enemies":"Giant Head","floor":40,"turns":7},{"damage":0,"enemies":"HollowMod:StalkingDevout","floor":41,"turns":4},{"damage":0,"enemies":"Reptomancer","floor":44,"turns":2},{"damage":0,"enemies":"Nemesis","floor":45,"turns":1},{"damage":11,"enemies":"2 Orb Walkers","floor":46,"turns":3},{"damage":5,"enemies":"Awakened One","floor":48,"turns":7}],"seed_played":"-2665267384592374178","potions_obtained":[{"floor":7.0,"key":"hexamod:SoulburnPotion"},{"floor":11.0,"key":"Dexterity Potion"},{"floor":13.0,"key":"SkillPotion"},{"floor":14.0,"key":"Fruit Juice"},{"floor":18.0,"key":"Fire Potion"},{"floor":21.0,"key":"AttackPotion"},{"floor":23.0,"key":"GamblersBrew"},{"floor":29,"key":"Energy Potion"},{"floor":30,"key":"SkillPotion"},{"floor":39,"key":"Ancient Potion"},{"floor":40,"key":"Fire Potion"},{"floor":41,"key":"SkillPotion"},{"floor":46,"key":"FearPotion"}],"is_trial":false,"path_per_floor":["M","?","$","M","?","R","E","M","T","?","M","?","E","M","R","B",null,"M","?","T","M","M","E","?","E","T","M","E","M","E","?","R","B",null,"M","$","M","T","M","E","E","R","T","E","E","?","?","B",null],"character_chosen":"IRONCLAD","items_purchased":["relicPack:SpireResearchBook","TheAbacus"],"campfire_rested":1,"item_purchase_floors":[3,36],"current_hp_per_floor":[65,65,65,71,71,80,48,51,51,16,16,16,13,10,46,55,85,85,85,85,77,80,57,57,51,51,71,60,56,75,75,85,85,85,66,66,55,55,50,45,64,79,79,89,89,95,95,90],"gold":830,"neow_bonus":"BOSS_RELIC","is_daily":false,"chose_seed":false,"campfire_upgraded":3,"win_rate":0.0,"timestamp":1614214629,"path_taken":["M","?","$","M","?","R","E","M","T","?","M","?","E","M","R","BOSS","M","?","?","M","M","E","?","E","T","?","E","M","E","?","R","BOSS","M","$","M","?","?","E","E","R","T","E","E","?","?","BOSS"],"items_purchased_type":["Relic","Relic"],"build_version":"2020-12-22","purchased_purges":1,"victory":true,"max_hp_per_floor":[80,80,80,80,80,80,80,80,80,80,80,80,80,80,80,85,85,85,85,85,85,85,85,85,85,85,85,85,85,85,85,85,85,85,85,85,85,85,85,85,85,85,85,95,95,95,95,95],"relic_stats":{"Happy Flower":[23],"counters":[27,110],"Self Forming Clay":[30],"Eternal Feather":46,"Boot":[0],"Centennial Puzzle":[25],"TheAbacus":[18],"Bronze Scales":[150],"Tiny Chest":2,"MealTicket":0,"Black Star":4,"Champion Belt":[6],"obtain_stats":[{"relicPack:DSword":10,"Ancient Tea Set":28,"Boot":43,"Burning Blood":0,"relicPack:SpireResearchBook":3,"relicPack:OneForAll":5,"Centennial Puzzle":25,"TheAbacus":36,"MiniBlackHole":13,"Tiny Chest":7,"Philosopher\u0027s Stone":17,"RollingBoulder":26,"AntiCross":41,"MealTicket":45,"WingedGreaves":30,"HollowMod:PaleOreRelic":40,"downfall:ExtraCursedBell":2,"Potion Belt":2,"Pear":44,"Happy Flower":20,"Self Forming Clay":38,"Oddly Smooth Stone":9,"Eternal Feather":2,"Du-Vu Doll":2,"SlaversCollar":0,"Anchor":45,"Bronze Scales":23,"Black Star":34,"SpikesRelics:DaevaFist":40,"Bag of Marbles":44,"Champion Belt":46,"Toy Ornithopter":41},{"relicPack:DSword":4,"Ancient Tea Set":15,"Boot":23,"Burning Blood":0,"relicPack:SpireResearchBook":1,"relicPack:OneForAll":2,"Centennial Puzzle":13,"TheAbacus":19,"MiniBlackHole":6,"Tiny Chest":3,"Philosopher\u0027s Stone":8,"RollingBoulder":13,"AntiCross":23,"MealTicket":25,"WingedGreaves":17,"HollowMod:PaleOreRelic":22,"downfall:ExtraCursedBell":1,"Potion Belt":1,"Pear":24,"Happy Flower":9,"Self Forming Clay":20,"Oddly Smooth Stone":4,"Eternal Feather":1,"Du-Vu Doll":1,"SlaversCollar":0,"Anchor":25,"Bronze Scales":12,"Black Star":18,"SpikesRelics:DaevaFist":22,"Bag of Marbles":24,"Champion Belt":26,"Toy Ornithopter":23},{"relicPack:DSword":20,"Ancient Tea Set":63,"Boot":97,"Burning Blood":0,"relicPack:SpireResearchBook":5,"relicPack:OneForAll":7,"Centennial Puzzle":56,"TheAbacus":78,"MiniBlackHole":26,"Tiny Chest":16,"Philosopher\u0027s Stone":37,"RollingBoulder":56,"AntiCross":97,"MealTicket":100,"WingedGreaves":70,"HollowMod:PaleOreRelic":93,"downfall:ExtraCursedBell":5,"Potion Belt":5,"Pear":99,"Happy Flower":39,"Self Forming Clay":82,"Oddly Smooth Stone":20,"Eternal Feather":5,"Du-Vu Doll":5,"SlaversCollar":0,"Anchor":100,"Bronze Scales":51,"Black Star":76,"SpikesRelics:DaevaFist":93,"Bag of Marbles":99,"Champion Belt":103,"Toy Ornithopter":97}],"Toy Ornithopter":5},"card_choices":[{"not_picked":["Anger","Feel No Pain"],"picked":"Armaments","floor":1.0},{"not_picked":["Sentinel","Pommel Strike"],"picked":"Armaments","floor":4.0},{"not_picked":["Whirlwind","Battle Trance"],"picked":"Body Slam","floor":7.0},{"not_picked":["Anger","Dark Embrace"],"picked":"Bludgeon","floor":8.0},{"not_picked":["Heavy Blade","Twin Strike"],"picked":"Iron Wave","floor":11.0},{"not_picked":["Armaments","Hemokinesis"],"picked":"Rampage","floor":13.0},{"not_picked":["Absolvement","Rampage"],"picked":"Ghostly Armor","floor":14.0},{"not_picked":["Offering","Reaper"],"picked":"Double Tap","floor":16.0},{"not_picked":["Battle Trance","Anger","Warcry"],"picked":"SKIP","floor":18.0},{"not_picked":["Blood for Blood","Headbutt"],"picked":"Body Slam+1","floor":21.0},{"not_picked":["Carnage","Thunderclap","Disarm+1"],"picked":"SKIP","floor":22.0},{"not_picked":["Clothesline","Reckless Charge","Thunderclap"],"picked":"SKIP","floor":23.0},{"not_picked":["Warcry","Shockwave"],"picked":"Barricade","floor":25.0},{"not_picked":["Thunderclap","Second Wind+1","Absolvement"],"picked":"SKIP","floor":27.0},{"not_picked":["Heavy Blade","Anger","Perfected Strike"],"picked":"SKIP","floor":28},{"not_picked":["Rage","Iron Wave","Twin Strike"],"picked":"SKIP","floor":29},{"not_picked":["Shrug It Off+1","Hemokinesis"],"picked":"Whirlwind+1","floor":30},{"not_picked":["Corruption","Brutality"],"picked":"Demon Form","floor":33},{"not_picked":["Pommel Strike+1","Havoc+1","Warcry"],"picked":"SKIP","floor":35},{"not_picked":["Iron Wave","Power Through+1","Headbutt+1"],"picked":"SKIP","floor":37},{"not_picked":["Dark Embrace+1","Pummel","Warcry+1"],"picked":"SKIP","floor":39},{"not_picked":["Clothesline+1","Heavy Blade","Headbutt+1"],"picked":"SKIP","floor":40},{"not_picked":["Hemokinesis","Immolate"],"picked":"Entrench+1","floor":41},{"not_picked":["Thunderclap","Twin Strike+1","Headbutt"],"picked":"SKIP","floor":44},{"not_picked":["Sword Boomerang+1","Burning Pact","Flex"],"picked":"SKIP","floor":45}],"player_experience":132805,"relics_obtained":[{"floor":2.0,"key":"Potion Belt"},{"floor":2.0,"key":"Eternal Feather"},{"floor":2.0,"key":"Du-Vu Doll"},{"floor":7.0,"key":"Tiny Chest"},{"floor":9.0,"key":"Oddly Smooth Stone"},{"floor":13.0,"key":"MiniBlackHole"},{"floor":20.0,"key":"Happy Flower"},{"floor":23.0,"key":"Bronze Scales"},{"floor":25.0,"key":"Centennial Puzzle"},{"floor":26.0,"key":"RollingBoulder"},{"floor":28,"key":"Ancient Tea Set"},{"floor":30,"key":"WingedGreaves"},{"floor":38,"key":"Self Forming Clay"},{"floor":40,"key":"SpikesRelics:DaevaFist"},{"floor":40,"key":"HollowMod:PaleOreRelic"},{"floor":41,"key":"Toy Ornithopter"},{"floor":41,"key":"AntiCross"},{"floor":43,"key":"Boot"},{"floor":44,"key":"Bag of Marbles"},{"floor":44,"key":"Pear"},{"floor":45,"key":"Anchor"},{"floor":45,"key":"MealTicket"},{"floor":46,"key":"Champion Belt"}],"event_choices":[{"cards_removed":["Strike_R"],"damage_healed":0.0,"max_hp_gain":0.0,"max_hp_loss":0.0,"gold_gain":0.0,"event_name":"Bonfire Elementals","player_choice":"Offered Basic","floor":12.0,"gold_loss":0.0,"damage_taken":0.0},{"damage_healed":0.0,"max_hp_gain":0.0,"max_hp_loss":0.0,"gold_gain":0.0,"event_name":"The Joust","player_choice":"Bet on Owner","floor":19.0,"gold_loss":50.0,"damage_taken":0.0},{"damage_healed":0.0,"max_hp_gain":0.0,"max_hp_loss":0.0,"gold_gain":0.0,"event_name":"Forgotten Altar","player_choice":"Smashed Altar","floor":24.0,"gold_loss":0.0,"damage_taken":0.0,"cards_obtained":["Decay"]},{"damage_healed":0,"gold_gain":200,"player_choice":"Gold","damage_taken":0,"max_hp_gain":0,"max_hp_loss":0,"event_name":"Wheel of Change","floor":31,"gold_loss":0},{"damage_healed":0,"gold_gain":0,"player_choice":"Fight","damage_taken":0,"max_hp_gain":0,"max_hp_loss":0,"event_name":"Mysterious Sphere","floor":46,"gold_loss":0},{"damage_healed":0,"gold_gain":0,"player_choice":"Took Portal","damage_taken":0,"max_hp_gain":0,"max_hp_loss":0,"event_name":"SecretPortal","floor":47,"gold_loss":0}],"is_beta":false,"boss_relics":[{"not_picked":["Coffee Dripper","relicPack:ShieldShield"],"picked":"Philosopher\u0027s Stone"},{"not_picked":["Hololive_Finger","Sozu"],"picked":"Black Star"}],"items_purged_floors":[36],"is_endless":false,"potions_floor_spawned":[7,11,13,14,18,21,23,29,30,39,40,41,46],"ascension_level":3}}