{"host":"5tzvto3beate6p8b","time":1614260649,"event":{"mods":["BaseMod","Colored Map","DeckTracker","Minty Spire (QoL Compilation)","Relic Stats","StSLib","SuperFastMode"],"gold_per_floor":[112,187,187,187,187,187,197,227,227,48,64,64,94,114,114,189,189,202,202,202,233,252,281,294,327,373,373,27,27,27,45,45,124,124,134,184,184,198,49,49,63,63,86,96,122,122,137,163,163,163,163,163,163,12,46,46],"floor_reached":57,"language":"JPN","playtime":3912,"items_purged":["Pain","Strike_G","Strike_G"],"score":2787,"play_id":"37d13ecc-7f5f-4ceb-b263-fedaf84e933a","local_time":"20210225224409","is_ascension_mode":true,"campfire_choices":[{"data":"Neutralize","floor":6.0,"key":"SMITH"},{"data":"Finisher","floor":12.0,"key":"SMITH"},{"data":"Blade Dance","floor":15.0,"key":"SMITH"},{"data":"Glass Knife","floor":27.0,"key":"SMITH"},{"data":"After Image","floor":29.0,"key":"SMITH"},{"floor":32.0,"key":"REST"},{"floor":40.0,"key":"RECALL"},{"data":"Accuracy","floor":42.0,"key":"SMITH"},{"data":"Calculated Gamble","floor":46.0,"key":"SMITH"},{"data":"Finisher","floor":49.0,"key":"SMITH"},{"floor":53.0,"key":"REST"}],"circlet_count":0,"master_deck":["AscendersBane","Defend_G","Defend_G","Defend_G","Defend_G","Defend_G","Survivor","Neutralize+1","Masterful Stab","Blade Dance+1","Dash","Accuracy+1","PiercingWail","Finisher+1","Footwork","Sucker Punch","Glass Knife+1","PiercingWail","Reflex","Well Laid Plans","Calculated Gamble+1","Dagger Throw+1","Dodge and Roll+1","After Image+1","Leg Sweep+1","Backflip+1","Cloak And Dagger+1","Storm of Steel+1","Prepared+1","Dodge and Roll+1","Terror+1","Deflect+1","Blade Dance+1","Backflip+1","Finisher+1","Blind+1","Blade Dance+1"],"relics":["Ring of the Snake","NeowsBlessing","WarpedTongs","Bag of Marbles","Kunai","Lizard Tail","Philosopher\u0027s Stone","Red Mask","Vajra","Toxic Egg 2","Bag of Preparation","Blood Vial","Runic Pyramid","Peace Pipe","Oddly Smooth Stone","Juzu Bracelet","Mercury Hourglass"],"acts_visited":["Exordium","TheCity","TheBeyond","TheEnding"],"potions_floor_usage":[56],"damage_taken":[{"damage":0.0,"enemies":"Jaw Worm","floor":1.0,"turns":1.0},{"damage":0.0,"enemies":"2 Louse","floor":7.0,"turns":1.0},{"damage":1.0,"enemies":"3 Sentries","floor":8.0,"turns":2.0},{"damage":0.0,"enemies":"Small Slimes","floor":11.0,"turns":2.0},{"damage":0.0,"enemies":"Gremlin Nob","floor":13.0,"turns":2.0},{"damage":0.0,"enemies":"Red Slaver","floor":14.0,"turns":4.0},{"damage":33.0,"enemies":"The Guardian","floor":16.0,"turns":12.0},{"damage":8.0,"enemies":"Spheric Guardian","floor":18.0,"turns":4.0},{"damage":2.0,"enemies":"Masked Bandits","floor":21.0,"turns":4.0},{"damage":7.0,"enemies":"Shell Parasite","floor":22.0,"turns":4.0},{"damage":4.0,"enemies":"Slavers","floor":23.0,"turns":4.0},{"damage":0.0,"enemies":"Snake Plant","floor":24.0,"turns":4.0},{"damage":0.0,"enemies":"Gremlin Leader","floor":25.0,"turns":7.0},{"damage":0.0,"enemies":"Centurion and Healer","floor":31.0,"turns":4.0},{"damage":36.0,"enemies":"Automaton","floor":33.0,"turns":12.0},{"damage":0.0,"enemies":"Orb Walker","floor":35.0,"turns":2.0},{"damage":17.0,"enemies":"2 Orb Walkers","floor":36.0,"turns":5.0},{"damage":0.0,"enemies":"3 Shapes","floor":38.0,"turns":5.0},{"damage":0.0,"enemies":"Maw","floor":41.0,"turns":6.0},{"damage":2.0,"enemies":"4 Shapes","floor":44.0,"turns":6.0},{"damage":3.0,"enemies":"Reptomancer","floor":45.0,"turns":6.0},{"damage":0.0,"enemies":"3 Darklings","floor":47.0,"turns":5.0},{"damage":6.0,"enemies":"Giant Head","floor":48.0,"turns":6.0},{"damage":5.0,"enemies":"Time Eater","floor":50.0,"turns":14.0},{"damage":16.0,"enemies":"Awakened One","floor":51.0,"turns":17.0},{"damage":3.0,"enemies":"Shield and Spear","floor":55.0,"turns":9.0},{"damage":145,"enemies":"The Heart","floor":56,"turns":12}],"seed_played":"2594043051788779323","potions_obtained":[{"floor":1.0,"key":"SteroidPotion"},{"floor":13.0,"key":"AttackPotion"},{"floor":14.0,"key":"SkillPotion"},{"floor":21.0,"key":"CunningPotion"},{"floor":22.0,"key":"Dexterity Potion"},{"floor":33.0,"key":"Fire Potion"},{"floor":38.0,"key":"LiquidMemories"},{"floor":47.0,"key":"SteroidPotion"},{"floor":55.0,"key":"Energy Potion"}],"is_trial":false,"path_per_floor":["M","?","?","?","?","R","M","E","T","$","M","R","E","M","R","B",null,"M","?","?","?","M","E","M","E","T","R","$","R","?","M","R","B",null,"M","?","?","M","$","R","M","R","T","M","E","R","M","E","R","B","B",null,"R","$","E","B",null],"character_chosen":"THE_SILENT","items_purchased":["Accuracy","PiercingWail","After Image","Leg Sweep+1","Backflip+1","Dodge and Roll+1","PowerPotion","Blind+1"],"campfire_rested":2,"item_purchase_floors":[10,10,28,28,28,39,54,54],"current_hp_per_floor":[59,48,41,63,63,63,63,62,62,62,62,62,62,62,62,29,57,49,49,49,47,40,36,36,36,36,36,36,36,36,38,57,23,55,57,42,66,66,66,66,66,66,66,64,63,63,65,60,60,57,43,60,66,66,63,6],"gold":46,"neow_bonus":"THREE_ENEMY_KILL","is_daily":false,"chose_seed":false,"campfire_upgraded":8,"win_rate":0.0,"timestamp":1614260649,"path_taken":["M","?","?","?","?","R","M","E","T","$","?","R","E","M","R","BOSS","M","?","?","?","M","E","M","E","T","R","?","R","?","?","R","BOSS","M","?","?","M","$","R","?","R","T","M","E","R","M","E","R","BOSS","BOSS","R","$","E","BOSS"],"items_purchased_type":["Card","Card","Card","Card","Card","Card","Potion","Card"],"build_version":"2020-12-22","purchased_purges":3,"victory":true,"max_hp_per_floor":[66,66,66,66,66,66,66,66,66,66,66,66,66,66,66,66,66,66,66,66,66,66,66,66,66,66,66,66,66,66,66,66,66,66,66,66,66,66,66,66,66,66,66,66,66,66,66,66,66,66,66,66,66,66,66,66],"relic_stats":{"Blood Vial":19,"Peace Pipe":0,"Lizard Tail":33,"counters":[27,160],"Bag of Preparation":[28],"Juzu Bracelet":0,"Kunai":[140],"obtain_stats":[{"NeowsBlessing":0,"Vajra":23,"Oddly Smooth Stone":45,"Bag of Preparation":26,"Juzu Bracelet":48,"WarpedTongs":5,"Mercury Hourglass":55,"Blood Vial":30,"Peace Pipe":36,"Lizard Tail":13,"Philosopher\u0027s Stone":17,"Bag of Marbles":8,"Red Mask":21,"Kunai":9,"Toxic Egg 2":25,"Ring of the Snake":0,"Runic Pyramid":34},{"NeowsBlessing":0,"Vajra":11,"Oddly Smooth Stone":21,"Bag of Preparation":13,"Juzu Bracelet":23,"WarpedTongs":1,"Mercury Hourglass":26,"Blood Vial":13,"Peace Pipe":17,"Lizard Tail":5,"Philosopher\u0027s Stone":7,"Bag of Marbles":3,"Red Mask":9,"Kunai":3,"Toxic Egg 2":13,"Ring of the Snake":0,"Runic Pyramid":15},{"NeowsBlessing":0,"Vajra":40,"Oddly Smooth Stone":97,"Bag of Preparation":51,"Juzu Bracelet":108,"WarpedTongs":1,"Mercury Hourglass":148,"Blood Vial":51,"Peace Pipe":74,"Lizard Tail":8,"Philosopher\u0027s Stone":24,"Bag of Marbles":4,"Red Mask":32,"Kunai":4,"Toxic Egg 2":51,"Ring of the Snake":0,"Runic Pyramid":67}],"Ring of the Snake":[54],"WarpedTongs":[152],"Mercury Hourglass":[36]},"card_choices":[{"not_picked":["Crippling Poison","Dodge and Roll"],"picked":"Masterful Stab","floor":1.0},{"not_picked":["Expertise","Distraction"],"picked":"Blade Dance","floor":7.0},{"not_picked":["Dagger Throw","Flechettes"],"picked":"Dash","floor":8.0},{"not_picked":["Eviscerate","Flying Knee"],"picked":"Finisher","floor":11.0},{"not_picked":["Dodge and Roll","Flying Knee"],"picked":"Footwork","floor":13.0},{"not_picked":["Quick Slash","Masterful Stab"],"picked":"Sucker Punch","floor":14.0},{"not_picked":["Phantasmal Killer","Grand Finale"],"picked":"Glass Knife","floor":16.0},{"not_picked":["Poisoned Stab+1","Flying Knee+1"],"picked":"PiercingWail","floor":18.0},{"not_picked":["Escape Plan","Masterful Stab"],"picked":"Well Laid Plans","floor":21.0},{"not_picked":["Dagger Throw","Skewer"],"picked":"Calculated Gamble","floor":22.0},{"not_picked":["Underhanded Strike","Sucker Punch"],"picked":"Dagger Throw+1","floor":23.0},{"not_picked":["Sucker Punch","Underhanded Strike","Deadly Poison"],"picked":"SKIP","floor":24.0},{"not_picked":["Dash","Flechettes"],"picked":"Dodge and Roll+1","floor":25.0},{"not_picked":["Dagger Spray","Prepared+1"],"picked":"Cloak And Dagger+1","floor":31.0},{"not_picked":["Bullet Time+1","Die Die Die"],"picked":"Storm of Steel+1","floor":33.0},{"not_picked":["Predator","Underhanded Strike","Bane"],"picked":"SKIP","floor":35.0},{"not_picked":["Sucker Punch","Footwork"],"picked":"Prepared+1","floor":38.0},{"not_picked":["Accuracy","Dagger Spray+1"],"picked":"Terror+1","floor":41.0},{"not_picked":["Dodge and Roll+1","Bouncing Flask+1"],"picked":"Deflect+1","floor":44.0},{"not_picked":["Poisoned Stab","Die Die Die"],"picked":"Blade Dance+1","floor":45.0},{"not_picked":["Setup+1","Dagger Throw+1"],"picked":"Backflip+1","floor":47.0},{"not_picked":["Underhanded Strike","Poisoned Stab"],"picked":"Finisher","floor":48.0},{"not_picked":["Outmaneuver+1","Expertise+1"],"picked":"Blade Dance+1","floor":55.0}],"player_experience":894127,"relics_obtained":[{"floor":8.0,"key":"Bag of Marbles"},{"floor":9.0,"key":"Kunai"},{"floor":13.0,"key":"Lizard Tail"},{"floor":21.0,"key":"Red Mask"},{"floor":23.0,"key":"Vajra"},{"floor":25.0,"key":"Toxic Egg 2"},{"floor":26.0,"key":"Bag of Preparation"},{"floor":30.0,"key":"Blood Vial"},{"floor":36.0,"key":"Peace Pipe"},{"floor":45.0,"key":"Oddly Smooth Stone"},{"floor":48.0,"key":"Juzu Bracelet"},{"floor":55.0,"key":"Mercury Hourglass"}],"event_choices":[{"damage_healed":0.0,"max_hp_gain":0.0,"max_hp_loss":0.0,"gold_gain":75.0,"event_name":"World of Goop","player_choice":"Gather Gold","floor":2.0,"gold_loss":0.0,"damage_taken":11.0},{"cards_removed":["Strike_G"],"damage_healed":0.0,"max_hp_gain":0.0,"max_hp_loss":0.0,"gold_gain":0.0,"event_name":"Golden Wing","player_choice":"Card Removal","floor":3.0,"gold_loss":0.0,"damage_taken":7.0},{"damage_healed":22.0,"max_hp_gain":0.0,"max_hp_loss":0.0,"gold_gain":0.0,"event_name":"Big Fish","player_choice":"Banana","floor":4.0,"gold_loss":0.0,"damage_taken":0.0},{"damage_healed":0.0,"max_hp_gain":0.0,"max_hp_loss":0.0,"gold_gain":0.0,"event_name":"Accursed Blacksmith","player_choice":"Rummage","floor":5.0,"gold_loss":0.0,"damage_taken":0.0,"relics_obtained":["WarpedTongs"],"cards_obtained":["Pain"]},{"damage_healed":0.0,"max_hp_gain":0.0,"max_hp_loss":0.0,"gold_gain":0.0,"event_name":"Cursed Tome","player_choice":"Ignored","floor":19.0,"gold_loss":0.0,"damage_taken":0.0},{"damage_healed":0.0,"max_hp_gain":0.0,"max_hp_loss":0.0,"gold_gain":0.0,"cards_transformed":["Strike_G","Strike_G"],"event_name":"Drug Dealer","player_choice":"Became Test Subject","floor":20.0,"gold_loss":0.0,"damage_taken":0.0,"cards_obtained":["Reflex","Catalyst"]},{"damage_healed":0.0,"max_hp_gain":0.0,"max_hp_loss":0.0,"gold_gain":0.0,"event_name":"Masked Bandits","player_choice":"Fought Bandits","floor":21.0,"gold_loss":0.0,"damage_taken":0.0},{"damage_healed":0.0,"max_hp_gain":0.0,"max_hp_loss":0.0,"gold_gain":0.0,"event_name":"Wheel of Change","player_choice":"Relic","floor":30.0,"gold_loss":0.0,"damage_taken":0.0},{"damage_healed":0.0,"max_hp_gain":0.0,"max_hp_loss":0.0,"gold_gain":0.0,"event_name":"Mysterious Sphere","player_choice":"Fight","floor":36.0,"gold_loss":0.0,"damage_taken":0.0},{"cards_removed":["Catalyst"],"damage_healed":24.0,"max_hp_gain":0.0,"max_hp_loss":0.0,"gold_gain":0.0,"event_name":"Bonfire Elementals","player_choice":"Offered Uncommon","floor":37.0,"gold_loss":0.0,"damage_taken":0.0}],"is_beta":false,"boss_relics":[{"not_picked":["SacredBark","Pandora\u0027s Box"],"picked":"Philosopher\u0027s Stone"},{"not_picked":["Empty Cage","SlaversCollar"],"picked":"Runic Pyramid"}],"items_purged_floors":[10,28,39],"is_endless":false,"potions_floor_spawned":[1,13,14,21,22,33,38,41,47,55],"ascension_level":20}}