{"host":"ygl58xydwgsz1tl0","time":1614255865,"event":{"mods":["BaseMod","Colored Map","Dio Mod","Dota2Spire","GifTheSpireLib","Googly Eyes","Minty Spire (QoL Compilation)","Morshu Shopkeeper","Morshu Shopkeeper - ENHANCED","Small Relic Pack","StSLib","Uncapped"],"gold_per_floor":[113,113,130,55,74,74,109,120,120,120,120],"floor_reached":10,"language":"RUS","playtime":470,"items_purged":["dioMod:Strike"],"score":68,"play_id":"2e0b41d0-d8cf-4bf1-b688-ce62dcc41acc","local_time":"20210225152425","is_ascension_mode":false,"campfire_choices":[{"data":"dioMod:Muda","floor":6,"key":"SMITH"}],"circlet_count":0,"master_deck":["dioMod:Strike","dioMod:Strike","dioMod:Strike","Bite","dioMod:Defend","dioMod:Defend","dioMod:Defend","dioMod:Defend","dioMod:SadisticLaugh","dioMod:Muda+1","dioMod:SlashThroughTime","dioMod:GoodbyeJojo","dioMod:SecretPlan"],"relics":["dioMod:VampireBlood","NeowsBlessing","Dota2Spire:MaskOfMadness","Letter Opener","Dota2Spire:BlackKingBar"],"acts_visited":["Exordium"],"potions_floor_usage":[10,10],"damage_taken":[{"damage":0,"enemies":"2 Louse","floor":1,"turns":1},{"damage":0,"enemies":"Cultist","floor":3,"turns":1},{"damage":0,"enemies":"Jaw Worm","floor":5,"turns":1},{"damage":46,"enemies":"Gremlin Nob","floor":7,"turns":5},{"damage":15,"enemies":"3 Louse","floor":8,"turns":2},{"damage":39,"enemies":"Lagavulin","floor":10,"turns":5}],"seed_played":"2436017890849014219","potions_obtained":[{"floor":1,"key":"Dota2Spire:HealingSalve"},{"floor":7,"key":"Dota2Spire:Clarity"},{"floor":8,"key":"SteroidPotion"}],"is_trial":false,"path_per_floor":["M","?","M","$","M","R","E","M","T","E"],"character_chosen":"THE_DEFAULT","items_purchased":[],"campfire_rested":0,"item_purchase_floors":[],"current_hp_per_floor":[75,75,75,75,75,75,34,32,32,0,0],"gold":120,"neow_bonus":"THREE_ENEMY_KILL","is_daily":false,"chose_seed":false,"campfire_upgraded":1,"win_rate":0.0,"timestamp":1614255865,"path_taken":["M","?","M","?","?","R","E","M","T","E"],"items_purchased_type":[],"build_version":"2020-12-22","purchased_purges":1,"victory":false,"max_hp_per_floor":[75,75,75,75,75,75,75,75,75,75,75],"card_choices":[{"not_picked":["dioMod:Freeze","dioMod:Roundabout"],"picked":"dioMod:SadisticLaugh","floor":1},{"not_picked":["dioMod:Roundabout","dioMod:VengefulMuda"],"picked":"dioMod:Muda","floor":3},{"not_picked":["dioMod:SecretPlan","dioMod:BloodTransfusion"],"picked":"dioMod:SlashThroughTime","floor":5},{"not_picked":["dioMod:Freeze","dioMod:DaggerToss"],"picked":"dioMod:GoodbyeJojo","floor":7},{"not_picked":["dioMod:BloodShield","dioMod:ComboFever"],"picked":"dioMod:SecretPlan","floor":8}],"player_experience":202004,"relics_obtained":[{"floor":7,"key":"Letter Opener"},{"floor":9,"key":"Dota2Spire:BlackKingBar"}],"event_choices":[{"damage_healed":0,"gold_gain":0,"player_choice":"Gave Potion","damage_taken":0,"relics_obtained":["Dota2Spire:MaskOfMadness"],"max_hp_gain":0,"max_hp_loss":0,"event_name":"WeMeetAgain","floor":2,"gold_loss":0}],"is_beta":false,"boss_relics":[],"items_purged_floors":[4],"is_endless":false,"potions_floor_spawned":[1,7,8],"killed_by":"Lagavulin","ascension_level":0}}