{"host":"8akdrwfmzu5ai7mr","time":1614263730,"event":{"mods":["100% Spire Juice","Act Like it!","BaseMod","Colored Powertips","Downfall","Gensokyo","Marisa£®ÏF”Í°°ƒß¿Ì…≥£©","Minty Spire (QoL Compilation)","Quick Restart","Reimu£®≤©¿ˆ¡È√Œ£©","Remilia£®¿Ÿ√◊¿Ú—«£©","Replay The Spire","StSLib","The Administrix","The Marked","The Runesmith","The Servant 0.9.4","Youmu£®ªÍ∆«—˝√Œ£©","°æ“≈ŒÔø®≈∆°øREMEMod"],"gold_per_floor":[117,135,135,11,11,39,2,81,81,117,137,158,175,192,192,320,320,336,336,336,362,0,0,39,39,121,141,141,26,26,65,65,83,83],"floor_reached":33,"language":"ZHS","playtime":2570,"items_purged":["Poor:ReiMu"],"score":403,"play_id":"b8a81558-e015-4e9d-96a4-9913df619bc7","local_time":"20210225223530","is_ascension_mode":false,"campfire_choices":[{"floor":15,"key":"REST"},{"data":"theMarked:Determination","floor":23,"key":"SMITH"},{"data":"theMarked:Toughness","floor":25,"key":"SMITH"},{"data":"theMarked:BanishingWave","floor":32,"key":"SMITH"}],"circlet_count":0,"master_deck":["theMarked:Strike","theMarked:Strike","theMarked:Strike","theMarked:Strike","theMarked:Strike","theMarked:Defend","theMarked:Defend","theMarked:Defend","theMarked:Defend","theMarked:SoldierOfQuellstein","Moonworks:Blazing+1","theMarked:Improvise","theMarked:Aftermath","theMarked:ChainLightning","theMarked:HeightenedSenses","theMarked:BanishingWave+1","theMarked:TwofoldDefense","Pot Of Greed","Pot Of Greed","theMarked:SelfDefenseTraining","theMarked:ContemptForTheProud","theMarked:Reabsorb","theMarked:BanishingStrike","theMarked:Determination+1","theMarked:Toughness+1","CurseOfTheBell","Pot Of Greed","theMarked:Panic","Defend_Lin:ReiMu","theMarked:ResourceFulStrike+1","theMarked:ChainLightning+1","theMarked:Heritage","theMarked:UnarmedFury","theMarked:MuscleMemory","theMarked:ResourceFulStrike","Impatience","Gensokyo:AllTheWorldsEvil","theMarked:Electrify","Pot Of Greed"],"relics":["theMarked:ArtifactOfAir","REME_ComplimentaryCards","NeowsBlessing","YidongShenshe:ReiMu","REME_ArchaeologicalTools","Darkstone Periapt","Grinning Jar","theMarked:DemonDagger","Calling Bell","Strawberry","Meat on the Bone","Replay:Towering Pillar of Hats","Vajra","Letter Opener","Runesmith:Nanobots","Divine Protection","Happy Flower","Ginger"],"acts_visited":["Exordium","TheCity"],"potions_floor_usage":[16,16,16,31],"damage_taken":[{"damage":0,"enemies":"Jaw Worm","floor":1,"turns":1},{"damage":0,"enemies":"2 Louse","floor":2,"turns":1},{"damage":0,"enemies":"Gremlin Nob","floor":6,"turns":1},{"damage":8,"enemies":"3 Sentries","floor":8,"turns":4},{"damage":40,"enemies":"Lagavulin","floor":10,"turns":7},{"damage":0,"enemies":"Cultist","floor":11,"turns":2},{"damage":0,"enemies":"3 Louse","floor":12,"turns":2},{"damage":5,"enemies":"Looter","floor":13,"turns":3},{"damage":12,"enemies":"Exordium Thugs","floor":14,"turns":4},{"damage":12,"enemies":"Fading Forest","floor":16,"turns":11},{"damage":28,"enemies":"Shell Parasite","floor":18,"turns":5},{"damage":10,"enemies":"Chosen","floor":21,"turns":3},{"damage":13,"enemies":"Gremlin Leader","floor":24,"turns":6},{"damage":36,"enemies":"Centurion and Healer","floor":27,"turns":8},{"damage":6,"enemies":"Book of Stabbing","floor":31,"turns":3},{"damage":41,"enemies":"Pondfish","floor":33,"turns":6}],"seed_played":"417768818011081192","potions_obtained":[{"floor":8,"key":"LiquidBronze"},{"floor":12,"key":"Dexterity Potion"},{"floor":14,"key":"Fire Potion"},{"floor":16,"key":"SteroidPotion"},{"floor":21,"key":"ZuzhouPotion:ReiMu"},{"floor":27,"key":"theMarked:HoverShot"}],"is_trial":false,"path_per_floor":["M","M","?","$","?","E","$","E","T","E","M","M","M","M","R","B",null,"M","?","?","M","$","R","E","R","T","M","T","$","?","E","R","B"],"character_chosen":"THE_DEFAULT","items_purchased":["theMarked:ChainLightning","theMarked:BanishingWave","Letter Opener","theMarked:ChainLightning+1","theMarked:Heritage","theMarked:ResourceFulStrike","Impatience"],"campfire_rested":1,"item_purchase_floors":[4,7,22,22,22,29,29],"current_hp_per_floor":[72,72,72,72,72,72,72,64,64,24,24,24,19,7,28,36,85,57,63,63,53,53,53,52,52,52,28,28,28,34,40,40,0,0],"gold":83,"neow_bonus":"THREE_ENEMY_KILL","is_daily":false,"chose_seed":false,"campfire_upgraded":3,"win_rate":0.0,"timestamp":1614263730,"path_taken":["M","M","?","$","?","E","$","E","T","E","M","?","M","M","R","BOSS","M","?","?","M","$","R","E","R","T","?","?","?","?","E","R","BOSS"],"items_purchased_type":["Card","Card","Relic","Card","Card","Card","Card"],"build_version":"2020-12-22","purchased_purges":1,"victory":false,"max_hp_per_floor":[72,72,72,72,72,72,72,72,72,72,72,72,72,72,72,72,85,85,91,91,91,91,91,91,91,91,91,91,91,97,97,97,97,97],"card_choices":[{"not_picked":["theMarked:Frustration","theMarked:EmpowerWeapon"],"picked":"theMarked:Improvise","floor":1},{"not_picked":["theMarked:ResourceFulStrike","theMarked:StartUp"],"picked":"theMarked:Aftermath","floor":2},{"not_picked":["theMarked:Memento","theMarked:Aftermath"],"picked":"theMarked:HeightenedSenses","floor":6},{"not_picked":["theMarked:WardOff","theMarked:EnhanceMovement"],"picked":"theMarked:TwofoldDefense","floor":8},{"not_picked":["theMarked:LightningStrikesTwice","theMarked:Parkour"],"picked":"theMarked:SelfDefenseTraining","floor":10},{"not_picked":["theMarked:Overthink","theMarked:Frustration"],"picked":"theMarked:ContemptForTheProud","floor":11},{"not_picked":["theMarked:TurnInvisible","theMarked:WastefulAttack"],"picked":"theMarked:Reabsorb","floor":12},{"not_picked":["theMarked:ResourceFulStrike","theMarked:LightningStrikesTwice"],"picked":"theMarked:BanishingStrike","floor":13},{"not_picked":["theMarked:WastefulAttack","theMarked:EmpowerWeapon"],"picked":"theMarked:Determination","floor":14},{"not_picked":["theMarked:Vacuum","theMarked:Abjuration"],"picked":"theMarked:Toughness","floor":16},{"not_picked":["theMarked:PowerFlow","theMarked:HeightenedSenses"],"picked":"theMarked:Panic","floor":18},{"not_picked":["theMarked:HeightenedSenses","theMarked:ElectricStrings"],"picked":"theMarked:ResourceFulStrike+1","floor":21},{"not_picked":["theMarked:WastefulAttack","theMarked:ContemptForTheProud"],"picked":"theMarked:UnarmedFury","floor":24},{"not_picked":["theMarked:ResourceFulStrike","theMarked:TwofoldDefense"],"picked":"theMarked:MuscleMemory","floor":27},{"not_picked":["theMarked:Heritage","theMarked:EnhanceMovement"],"picked":"theMarked:Electrify","floor":31}],"player_experience":154429,"relics_obtained":[{"floor":6,"key":"REME_ArchaeologicalTools"},{"floor":8,"key":"Darkstone Periapt"},{"floor":9,"key":"Grinning Jar"},{"floor":10,"key":"theMarked:DemonDagger"},{"floor":17,"key":"Strawberry"},{"floor":17,"key":"Meat on the Bone"},{"floor":17,"key":"Replay:Towering Pillar of Hats"},{"floor":24,"key":"Runesmith:Nanobots"},{"floor":26,"key":"Divine Protection"},{"floor":28,"key":"Happy Flower"},{"floor":31,"key":"Ginger"}],"event_choices":[{"damage_healed":0,"gold_gain":0,"player_choice":"¥¯◊ﬂ…Ò…Á","damage_taken":0,"relics_obtained":["YidongShenshe:ReiMu"],"max_hp_gain":0,"max_hp_loss":0,"event_name":"yidonshenshe","floor":3,"gold_loss":0,"cards_obtained":["Poor:ReiMu"]},{"damage_healed":0,"gold_gain":0,"player_choice":"Upgraded","damage_taken":0,"max_hp_gain":0,"max_hp_loss":0,"event_name":"Upgrade Shrine","floor":5,"gold_loss":0,"cards_upgraded":["Moonworks:Blazing"]},{"damage_healed":0,"gold_gain":0,"player_choice":"Stole Relic","damage_taken":0,"relics_obtained":["Vajra"],"max_hp_gain":0,"max_hp_loss":0,"event_name":"Addict","floor":19,"gold_loss":0,"cards_obtained":["Shame"]},{"cards_removed":["Shame"],"damage_healed":0,"gold_gain":0,"player_choice":"Took Card","damage_taken":0,"max_hp_gain":0,"max_hp_loss":0,"event_name":"NoteForYourself","floor":20,"gold_loss":0,"cards_obtained":["Defend_Lin:ReiMu"]},{"damage_healed":0,"gold_gain":0,"player_choice":"1 cards matched","damage_taken":0,"max_hp_gain":0,"max_hp_loss":0,"event_name":"Match and Keep!","floor":30,"gold_loss":0,"cards_obtained":["Gensokyo:AllTheWorldsEvil"]}],"is_beta":false,"boss_relics":[{"not_picked":["RedLine:ReiMu","Black Star"],"picked":"Calling Bell"}],"items_purged_floors":[4],"is_endless":false,"potions_floor_spawned":[8,12,14,16,21,27],"killed_by":"Pondfish","ascension_level":0}}