{"host":"zp8jvycvinn13jdb","time":1614291300,"event":{"mods":["BaseMod","Better Match","Colored Powertips","Downfall","Googly Eyes","Hermit","Minty Spire (QoL Compilation)","Rare Cards Sparkle","Relic Stats","StSLib","SuperFastMode","Synergy Search","The Bug Knight","The Cursed"],"gold_per_floor":[115,115,135,145,165,165,183,195,195,195,215,95,95,105,105,207,257,268,16,34,34,53,53,69,69,69,83,83,83,83,83],"floor_reached":30,"language":"ENG","playtime":1619,"items_purged":["Strike_R"],"score":226,"play_id":"dba48cbb-953d-429a-aa85-630aa7a24411","local_time":"20210225171500","is_ascension_mode":false,"campfire_choices":[{"data":"Spot Weakness","floor":6,"key":"SMITH"},{"floor":10,"key":"REST"},{"data":"Anger","floor":13,"key":"SMITH"},{"floor":15,"key":"REST"},{"floor":23,"key":"REST"},{"floor":25,"key":"REST"},{"floor":28,"key":"REST"}],"circlet_count":0,"master_deck":["Strike_R","Strike_R","Strike_R","Strike_R","Defend_R","Defend_R","Defend_R","Defend_R","Rage","Spot Weakness+1","Shrug It Off","Fire Breathing","Anger+1","Pommel Strike+1","Metallicize","Anger","Anger+1"],"relics":["Burning Blood","Shovel","Tiny House","HornCleat","Pantograph"],"acts_visited":["Exordium","TheCity"],"potions_floor_usage":[16,24,30],"damage_taken":[{"damage":20,"enemies":"Jaw Worm","floor":1,"turns":4},{"damage":6,"enemies":"Cultist","floor":3,"turns":4},{"damage":5,"enemies":"2 Louse","floor":4,"turns":4},{"damage":5,"enemies":"Red Slaver","floor":5,"turns":4},{"damage":19,"enemies":"Gremlin Gang","floor":7,"turns":5},{"damage":15,"enemies":"Large Slime","floor":8,"turns":9},{"damage":9,"enemies":"Blue Slaver","floor":11,"turns":4},{"damage":13,"enemies":"2 Fungi Beasts","floor":14,"turns":3},{"damage":43,"enemies":"Hexaghost","floor":16,"turns":10},{"damage":28,"enemies":"Spheric Guardian","floor":18,"turns":6},{"damage":11,"enemies":"Chosen","floor":20,"turns":6},{"damage":50,"enemies":"Snecko","floor":22,"turns":8},{"damage":31,"enemies":"Centurion and Healer","floor":24,"turns":5},{"damage":36,"enemies":"Cultist and Chosen","floor":27,"turns":7},{"damage":50,"enemies":"Book of Stabbing","floor":30,"turns":5}],"seed_played":"-481118587931858606","potions_obtained":[{"floor":1,"key":"LiquidMemories"},{"floor":2,"key":"SkillPotion"},{"floor":2,"key":"SneckoOil"},{"floor":2,"key":"Weak Potion"},{"floor":7,"key":"Explosive Potion"},{"floor":17,"key":"Energy Potion"},{"floor":24,"key":"BlessingOfTheForge"},{"floor":27,"key":"Regen Potion"}],"is_trial":false,"path_per_floor":["M","?","M","M","M","R","M","M","T","R","M","$","R","M","R","B",null,"M","$","M","$","M","R","M","R","T","M","R","?","E"],"character_chosen":"IRONCLAD","items_purchased":["Anger","HornCleat"],"campfire_rested":5,"item_purchase_floors":[12,19],"current_hp_per_floor":[66,66,66,67,68,68,55,46,46,70,67,67,67,60,80,43,85,63,63,58,58,14,39,14,39,39,9,34,34,0,0],"gold":83,"neow_bonus":"REMOVE_CARD","is_daily":false,"chose_seed":false,"campfire_upgraded":2,"win_rate":0.0,"timestamp":1614291300,"path_taken":["M","?","M","?","M","R","M","M","T","R","?","$","R","M","R","BOSS","M","$","M","$","?","R","M","R","T","M","R","?","E"],"items_purchased_type":["Card","Relic"],"build_version":"2020-12-22","purchased_purges":1,"victory":false,"max_hp_per_floor":[80,80,80,80,80,80,80,80,80,80,80,80,80,80,80,80,85,85,85,85,85,85,85,85,85,85,85,85,85,85,85],"relic_stats":{"Shovel":0,"counters":[15,84],"Pantograph":0,"obtain_stats":[{"Shovel":9,"Tiny House":17,"HornCleat":19,"Pantograph":26,"Burning Blood":0},{"Shovel":6,"Tiny House":9,"HornCleat":10,"Pantograph":13,"Burning Blood":0},{"Shovel":30,"Tiny House":47,"HornCleat":53,"Pantograph":72,"Burning Blood":0}],"Burning Blood":84},"card_choices":[{"not_picked":["Heavy Blade","Thunderclap"],"picked":"Rage","floor":1},{"not_picked":["Heavy Blade","Infernal Blade","Pummel"],"picked":"SKIP","floor":3},{"not_picked":["Sword Boomerang","Havoc"],"picked":"Spot Weakness","floor":4},{"not_picked":["Entrench","Clash"],"picked":"Shrug It Off","floor":5},{"not_picked":["Wild Strike","Headbutt","True Grit"],"picked":"SKIP","floor":7},{"not_picked":["Clash","Infernal Blade","Reckless Charge"],"picked":"SKIP","floor":8},{"not_picked":["Sentinel","Disarm"],"picked":"Fire Breathing","floor":11},{"not_picked":["Dropkick","Berserk"],"picked":"Pommel Strike","floor":14},{"not_picked":["Havoc","Clash","Clothesline"],"picked":"SKIP","floor":18},{"not_picked":["Dark Embrace+1","Burning Pact","Combust"],"picked":"SKIP","floor":20},{"not_picked":["Wild Strike","Armaments"],"picked":"Metallicize","floor":22},{"not_picked":["Perfected Strike+1","Pommel Strike"],"picked":"Anger","floor":24},{"not_picked":["Clash+1","Twin Strike+1","Intimidate"],"picked":"SKIP","floor":27}],"player_experience":193777,"relics_obtained":[{"floor":9,"key":"Shovel"},{"floor":26,"key":"Pantograph"}],"event_choices":[{"damage_healed":0,"gold_gain":0,"player_choice":"Got Potions","damage_taken":0,"max_hp_gain":0,"max_hp_loss":0,"event_name":"Lab","floor":2,"gold_loss":0},{"damage_healed":0,"gold_gain":0,"player_choice":"Copied","damage_taken":0,"max_hp_gain":0,"max_hp_loss":0,"event_name":"Duplicator","floor":29,"gold_loss":0,"cards_obtained":["Anger"]}],"is_beta":false,"boss_relics":[{"not_picked":["SacredBark","Pandora\u0027s Box"],"picked":"Tiny House"}],"items_purged_floors":[12],"is_endless":false,"potions_floor_spawned":[1,4,7,11,20,24,27],"killed_by":"Book of Stabbing","ascension_level":0}}