{"host":"i3w38rq1z4slkels","time":1614272395,"event":{"mods":["2.2 Compatiblity","Act Like it!","BaseMod","Better Match","Better Vampires","BetterRewards","Conspire","Downfall","Minty Spire (QoL Compilation)","Rare Cards Sparkle","Replay The Spire","StSLib"],"gold_per_floor":[119,44,55,55,72,72,22,56,83,102,119,119,119,131,131,226,226,240,220,232,232,250,250,267,281,281,281,380,380,390,165,165,269,269,288,288,301,317,337,337,337],"floor_reached":40,"language":"ENG","playtime":2525,"items_purged":["Strike_P","Defend_P"],"score":438,"play_id":"5be86d46-0645-4ce8-9282-7cd52895ad82","local_time":"20210225235955","is_ascension_mode":true,"campfire_choices":[{"floor":6.0,"key":"RECALL"},{"data":"PathToVictory","floor":13.0,"key":"SMITH"},{"data":"Devotion","floor":15.0,"key":"SMITH"},{"data":"SpiritShield","floor":23,"key":"SMITH"},{"data":"Defend_P","floor":27,"key":"SMITH"},{"floor":29,"key":"REST"},{"data":"Vault","floor":32,"key":"SMITH"}],"circlet_count":0,"master_deck":["Strike_P","Strike_P","Defend_P+1","Defend_P+1","Defend_P","Eruption+1","Vigilance+1","Devotion+1","PathToVictory+1","SpiritShield+1","Vault+1","Brilliance+1"],"relics":["PureWater","War Paint","Question Card","Tiny Chest","conspire:SpecialSausage","Bag of Preparation","Molten Egg 2","bronze:MakeshiftBattery"],"acts_visited":["Exordium","TheCity","TheBeyond"],"potions_floor_usage":[20,22,24,33,33,37,38],"damage_taken":[{"damage":1.0,"enemies":"Jaw Worm","floor":1.0,"turns":4.0},{"damage":0.0,"enemies":"conspire:RoseBush","floor":3.0,"turns":3.0},{"damage":0.0,"enemies":"Cultist","floor":5.0,"turns":2.0},{"damage":18.0,"enemies":"Gremlin Nob","floor":8.0,"turns":5.0},{"damage":13.0,"enemies":"conspire:2 RoseBushes","floor":10.0,"turns":6.0},{"damage":2.0,"enemies":"Looter","floor":11.0,"turns":3.0},{"damage":0.0,"enemies":"Lots of Slimes","floor":14.0,"turns":5.0},{"damage":18.0,"enemies":"The Guardian","floor":16.0,"turns":10.0},{"damage":0.0,"enemies":"Chosen","floor":18.0,"turns":6.0},{"damage":1,"enemies":"3 Byrds","floor":20,"turns":5},{"damage":23,"enemies":"Snake Plant","floor":22,"turns":5},{"damage":21,"enemies":"Cultist and Chosen","floor":24,"turns":7},{"damage":5,"enemies":"Snecko","floor":25,"turns":7},{"damage":0,"enemies":"conspire:HollyBat","floor":30,"turns":13},{"damage":31,"enemies":"conspire:MysteriousRune","floor":33,"turns":15},{"damage":10,"enemies":"3 Shapes","floor":35,"turns":7},{"damage":8,"enemies":"3 Darklings","floor":37,"turns":8},{"damage":30,"enemies":"Spire Growth","floor":38,"turns":7},{"damage":19,"enemies":"Jaw Worm Horde","floor":39,"turns":8},{"damage":8,"enemies":"Nemesis","floor":40,"turns":6}],"seed_played":"-8735219357823699107","potions_obtained":[{"floor":5.0,"key":"Swift Potion"},{"floor":11.0,"key":"hexamod:SoulburnPotion"},{"floor":19.0,"key":"Slimebound:ThreeZeroPotion"},{"floor":20,"key":"StancePotion"},{"floor":22,"key":"Guardian:BlockOnCardUsePotion"},{"floor":33,"key":"Milkshake"},{"floor":35,"key":"champ:CounterPotion"},{"floor":37,"key":"Languid Potion"}],"is_trial":false,"path_per_floor":["M","$","M","?","M","R","?","E","T","M","M","?","R","M","R","B",null,"M","?","M","T","M","R","M","M","T","R","?","R","M","$","R","B",null,"M","?","M","M","M","E"],"character_chosen":"WATCHER","items_purchased":["DuplicationPotion","Energy Potion"],"campfire_rested":1,"item_purchase_floors":[31,31],"current_hp_per_floor":[71,71,71,71,71,71,71,53,53,40,38,38,38,38,38,20,72,72,72,71,71,48,48,27,22,22,22,22,43,43,43,43,12,72,62,62,54,24,5,0,0],"gold":337,"neow_bonus":"UPGRADE_CARD","is_daily":false,"chose_seed":false,"campfire_upgraded":5,"win_rate":0.0,"timestamp":1614272395,"path_taken":["M","$","M","?","M","R","?","E","T","?","M","?","R","M","R","BOSS","M","?","M","?","M","R","M","M","T","R","?","R","M","$","R","BOSS","M","?","M","M","?","E"],"items_purchased_type":["Potion","Potion"],"build_version":"2020-12-22","purchased_purges":2,"victory":false,"max_hp_per_floor":[72,72,72,72,72,72,72,72,72,72,72,72,72,72,72,72,72,72,72,72,72,72,72,72,72,72,72,72,72,72,72,72,72,72,72,72,72,72,72,72,72],"card_choices":[{"not_picked":["Halt","Adaptation","CrushJoints"],"picked":"SKIP","floor":1.0},{"not_picked":["Crescendo","ClearTheMind","SignatureMove"],"picked":"SKIP","floor":3.0},{"not_picked":["Replay:Anticipation","JustLucky","BowlingBash"],"picked":"SKIP","floor":5.0},{"not_picked":["EmptyBody","Replay:ManipulateFuture"],"picked":"Devotion","floor":8.0},{"not_picked":["JustLucky","Replay:AtTheReady","Conclude"],"picked":"PathToVictory","floor":10.0},{"not_picked":["JustLucky","Tantrum","Collect","Evaluate"],"picked":"SKIP","floor":11.0},{"not_picked":["FlyingSleeves","CrushJoints","JustLucky","BattleHymn"],"picked":"SKIP","floor":14.0},{"not_picked":["ConjureBlade","Wish","Judgement"],"picked":"SpiritShield","floor":16.0},{"not_picked":["CutThroughFate","Conclude","Pray","ThirdEye"],"picked":"SKIP","floor":18.0},{"not_picked":["Perseverance+1","FlurryOfBlows+1","BattleHymn","ClearTheMind"],"picked":"SKIP","floor":20},{"not_picked":["FlurryOfBlows","Replay:ManipulateFuture","Prostrate+1","JustLucky+1"],"picked":"SKIP","floor":22},{"not_picked":["Replay:BluntJabs","Consecrate+1","Replay:AtTheReady","Vengeance"],"picked":"SKIP","floor":24},{"not_picked":["Collect+1","WaveOfTheHand","Nirvana","Adaptation"],"picked":"SKIP","floor":25},{"not_picked":["JustLucky+1","WheelKick+1","EmptyFist+1"],"picked":"Vault","floor":30},{"not_picked":["DevaForm","LessonLearned+1","Alpha"],"picked":"Brilliance+1","floor":33},{"not_picked":["ClearTheMind","CrushJoints+1","Tantrum+1","Replay:Battleflow"],"picked":"SKIP","floor":35},{"not_picked":["Halt","Protect+1","EmptyFist+1","FlurryOfBlows+1"],"picked":"SKIP","floor":37},{"not_picked":["Consecrate+1","Weave+1","Fasting2","ThirdEye+1"],"picked":"SKIP","floor":38},{"not_picked":["FlyingSleeves+1","Replay:ManipulateFuture+1","Perseverance","FearNoEvil+1"],"picked":"SKIP","floor":39}],"player_experience":518627,"relics_obtained":[{"floor":8.0,"key":"Question Card"},{"floor":9.0,"key":"Tiny Chest"},{"floor":21,"key":"Bag of Preparation"},{"floor":26,"key":"Molten Egg 2"}],"event_choices":[{"damage_healed":0.0,"max_hp_gain":0.0,"max_hp_loss":0.0,"gold_gain":0.0,"event_name":"conspire:Investor","player_choice":"Leave","floor":4.0,"gold_loss":0.0,"damage_taken":0.0},{"damage_healed":0.0,"max_hp_gain":0.0,"max_hp_loss":0.0,"gold_gain":0.0,"event_name":"WeMeetAgain","player_choice":"Paid Gold","floor":7.0,"gold_loss":50.0,"damage_taken":0.0,"relics_obtained":["War Paint"]},{"damage_healed":0.0,"max_hp_gain":0.0,"max_hp_loss":0.0,"gold_gain":0.0,"event_name":"The Woman in Blue","player_choice":"Bought 1 Potion","floor":19.0,"gold_loss":0.0,"damage_taken":0.0},{"damage_healed":0,"gold_gain":99,"player_choice":"Stole From Cult","damage_taken":0,"max_hp_gain":0,"max_hp_loss":0,"event_name":"Nest","floor":28,"gold_loss":0},{"damage_healed":0,"gold_gain":0,"player_choice":"Ignored","damage_taken":0,"max_hp_gain":0,"max_hp_loss":0,"event_name":"Transmorgrifier","floor":36,"gold_loss":0}],"is_beta":false,"boss_relics":[{"not_picked":["Empty Cage","Replay:Grab Bag"],"picked":"conspire:SpecialSausage"},{"not_picked":["Replay:Ancient Bell","Tiny House"],"picked":"bronze:MakeshiftBattery"}],"items_purged_floors":[2,31],"is_endless":false,"potions_floor_spawned":[5,11,20,22,33,35,37],"killed_by":"Nemesis","ascension_level":1}}