{"host":"2l5k2wp87eek7qja","time":1614270245,"event":{"mods":["BaseMod","Colored Map","Minty Spire (QoL Compilation)","Relic Stats"],"gold_per_floor":[13,28,28,40,40,70,82,98,98,98,127,146,166,186,186,186,186],"floor_reached":16,"language":"ENG","playtime":981,"items_purged":[],"score":232,"play_id":"8ad355d0-5c60-4270-aaf7-c8ba6649ec3c","local_time":"20210225182405","is_ascension_mode":true,"campfire_choices":[{"data":"Bash","floor":10,"key":"SMITH"},{"data":"Flame Barrier","floor":15,"key":"SMITH"}],"circlet_count":0,"master_deck":["AscendersBane","Strike_R","Strike_R","Strike_R","Strike_R","Defend_R","Defend_R","Defend_R","Defend_R","Bash+1","Heavy Blade","True Grit","Iron Wave","Cleave","Pommel Strike","Spot Weakness","Flame Barrier+1","Shrug It Off","Cleave","Body Slam"],"relics":["Burning Blood","CaptainsWheel","Mango","Toy Ornithopter","CeramicFish"],"acts_visited":["Exordium"],"potions_floor_usage":[6,11,16,16],"damage_taken":[{"damage":1.0,"enemies":"Cultist","floor":1.0,"turns":3.0},{"damage":4.0,"enemies":"Jaw Worm","floor":2.0,"turns":4.0},{"damage":3,"enemies":"Small Slimes","floor":4,"turns":3},{"damage":33,"enemies":"Lagavulin","floor":6,"turns":8},{"damage":9,"enemies":"Blue Slaver","floor":7,"turns":4},{"damage":20,"enemies":"3 Louse","floor":8,"turns":4},{"damage":35,"enemies":"3 Sentries","floor":11,"turns":9},{"damage":10,"enemies":"2 Fungi Beasts","floor":12,"turns":4},{"damage":9,"enemies":"Blue Slaver","floor":13,"turns":3},{"damage":10,"enemies":"Lots of Slimes","floor":14,"turns":3},{"damage":50,"enemies":"The Guardian","floor":16,"turns":8}],"seed_played":"4220273093109481298","potions_obtained":[{"floor":2.0,"key":"DuplicationPotion"},{"floor":6,"key":"BloodPotion"},{"floor":11,"key":"BloodPotion"},{"floor":12,"key":"Swift Potion"}],"is_trial":false,"path_per_floor":["M","M","?","M","?","E","M","M","T","R","E","M","M","M","R","B"],"character_chosen":"IRONCLAD","items_purchased":[],"campfire_rested":0,"item_purchase_floors":[],"current_hp_per_floor":[73,75,75,75,64,51,48,34,34,34,27,23,20,16,16,0,0],"gold":186,"neow_bonus":"ONE_RARE_RELIC","is_daily":false,"chose_seed":false,"campfire_upgraded":2,"win_rate":0.0,"timestamp":1614270245,"path_taken":["M","M","?","M","?","E","M","M","T","R","E","M","?","M","R","BOSS"],"items_purchased_type":[],"build_version":"2020-12-22","purchased_purges":0,"victory":false,"max_hp_per_floor":[75,75,75,75,75,89,89,89,89,89,89,89,89,89,89,89,89],"relic_stats":{"counters":[11,53],"CeramicFish":27,"obtain_stats":[{"CaptainsWheel":0,"CeramicFish":11,"Mango":6,"Burning Blood":0,"Toy Ornithopter":9},{"CaptainsWheel":0,"CeramicFish":7,"Mango":4,"Burning Blood":0,"Toy Ornithopter":6},{"CaptainsWheel":0,"CeramicFish":35,"Mango":18,"Burning Blood":0,"Toy Ornithopter":26}],"Burning Blood":57,"Toy Ornithopter":15},"card_choices":[{"not_picked":["Clash","Iron Wave"],"picked":"Heavy Blade","floor":1.0},{"not_picked":["Havoc","Entrench"],"picked":"True Grit","floor":2.0},{"not_picked":["Armaments","Dropkick"],"picked":"Cleave","floor":4},{"not_picked":["Dual Wield","Heavy Blade"],"picked":"Pommel Strike","floor":6},{"not_picked":["Clash","Twin Strike"],"picked":"Spot Weakness","floor":7},{"not_picked":["Combust","Blood for Blood"],"picked":"Flame Barrier","floor":8},{"not_picked":["Armaments","Dropkick","Entrench"],"picked":"SKIP","floor":11},{"not_picked":["Wild Strike","Clash"],"picked":"Shrug It Off","floor":12},{"not_picked":["Blood for Blood","Warcry"],"picked":"Cleave","floor":13},{"not_picked":["Iron Wave","Shrug It Off"],"picked":"Body Slam","floor":14}],"player_experience":899407,"relics_obtained":[{"floor":6,"key":"Mango"},{"floor":9,"key":"Toy Ornithopter"},{"floor":11,"key":"CeramicFish"}],"event_choices":[{"damage_healed":0,"gold_gain":0,"cards_transformed":["Strike_R"],"player_choice":"Change","damage_taken":0,"max_hp_gain":0,"max_hp_loss":0,"event_name":"Living Wall","floor":3,"gold_loss":0,"cards_obtained":["Iron Wave"]},{"damage_healed":0,"gold_gain":0,"player_choice":"Damaged","damage_taken":11,"max_hp_gain":0,"max_hp_loss":0,"event_name":"Wheel of Change","floor":5,"gold_loss":0}],"is_beta":false,"boss_relics":[],"items_purged_floors":[],"is_endless":false,"potions_floor_spawned":[2,6,11,12,14],"killed_by":"The Guardian","ascension_level":20}}