{"host":"o3b7ow6d1xe49css","time":1614250449,"event":{"mods":["Aspiration","BaseMod","Better Altar","Better Match","Better Note","Better Sensory Stone","Better Skull","Better Third Choice","Colored Powertips","Conspire","Energized Spire","Force Act Four","GifTheSpireLib","Halation","Hubris","Lobotomy","Minty Spire (QoL Compilation)","Relic Filter Mod","Reliquary","Replay The Spire","Spicy Shops","Spikes Relics","StSLib","Stuff the Spire","The Blue Laboratory","Together in Spire"],"gold_per_floor":[118,134,145,145,70,98,115,130,130,163,388,27,27,46,46,147,147,161,178,178,190,208,208,242,242,269,269,269,62,62,81,81,186,286,300,300,333,347,40,40,68,68,117,144,19,38,56,69,69,69,69,69,69],"floor_reached":54,"language":"ENG","playtime":3720,"items_purged":["Strike_G","Strike_G","Strike_G"],"score":1252,"play_id":"d4d4fb04-55ff-4b35-9944-769ea2e4c177","local_time":"20210225015409","is_ascension_mode":false,"campfire_choices":[{"data":"ReplayTheSpireMod:Scrap Shanks","floor":13,"key":"SMITH"},{"data":"Concentrate","floor":15,"key":"SMITH"},{"data":"After Image","floor":23,"key":"SMITH"},{"data":"conspire:Banana","floor":25,"key":"SMITH"},{"data":"Prepared","floor":27,"key":"SMITH"},{"data":"Prepared","floor":32,"key":"SMITH"},{"data":"Wraith Form v2","floor":40,"key":"SMITH"},{"data":"Acrobatics","floor":42,"key":"SMITH"},{"data":"Blade Dance","floor":49,"key":"SMITH"},{"data":"Cloak And Dagger","floor":50,"key":"SMITH"}],"circlet_count":0,"master_deck":["Strike_G+1","Defend_G","Defend_G+1","Defend_G","Survivor","Neutralize","Acrobatics+1","Heel Hook","Concentrate+1","Blade Dance+1","ReplayTheSpireMod:Scrap Shanks+1","PiercingWail","Cloak And Dagger+1","Finisher+1","conspire:Banana+1","Blade Dance","After Image+1","Sucker Punch+1","Prepared+1","After Image+1","Prepared+1","Wraith Form v2+1"],"relics":["Replay:Drink Me","Pondfish Scales","hubris:64BitClover","halation:Sosunser","reliquary:RedPaperclip","Art of War","StuffTheSpire:Barrel","Simple Rune","hubris:ToyBattleship","hubris:EmptyBottle","Replay:Wanted Poster","Mercury Hourglass","Nunchaku","TungstenRod","StuffTheSpire:HeavyRock","Replay:Mystery Machine","Ectoplasm","aspiration:Lifesprig"],"acts_visited":["Exordium","TheCity","TheBeyond","TheEnding"],"potions_floor_usage":[6,10,33,53,53,53,53],"damage_taken":[{"damage":0,"enemies":"Cultist","floor":1,"turns":2},{"damage":0,"enemies":"2 Louse","floor":2,"turns":3},{"damage":0,"enemies":"Jaw Worm","floor":3,"turns":2},{"damage":0,"enemies":"Lagavulin","floor":6,"turns":4},{"damage":0,"enemies":"2 Fungi Beasts","floor":7,"turns":2},{"damage":0,"enemies":"Red Slaver","floor":8,"turns":2},{"damage":0,"enemies":"Gremlin Nob","floor":10,"turns":2},{"damage":0,"enemies":"Large Slime","floor":14,"turns":1},{"damage":0,"enemies":"Slime Boss","floor":16,"turns":2},{"damage":0,"enemies":"Shell Parasite","floor":18,"turns":3},{"damage":0,"enemies":"2 Thieves","floor":19,"turns":3},{"damage":1,"enemies":"Shelled Parasite and Fungi","floor":21,"turns":2},{"damage":0,"enemies":"Snecko","floor":22,"turns":3},{"damage":0,"enemies":"Gremlin Leader","floor":24,"turns":2},{"damage":0,"enemies":"Centurion and Healer","floor":31,"turns":3},{"damage":0,"enemies":"Collector","floor":33,"turns":3},{"damage":0,"enemies":"3 Darklings","floor":35,"turns":3},{"damage":0,"enemies":"conspire:MimicChest","floor":37,"turns":4},{"damage":0,"enemies":"Orb Walker","floor":38,"turns":1},{"damage":0,"enemies":"Reptomancer","floor":41,"turns":2},{"damage":0,"enemies":"R_Hoarder","floor":44,"turns":2},{"damage":0,"enemies":"Spire Growth","floor":46,"turns":2},{"damage":0,"enemies":"Sphere and 2 Shapes","floor":47,"turns":2},{"damage":0,"enemies":"4 Shapes","floor":48,"turns":3},{"damage":0,"enemies":"Shield and Spear","floor":52,"turns":3},{"damage":29,"enemies":"The Heart","floor":53,"turns":8}],"seed_played":"-5288722634154544421","potions_obtained":[{"floor":2,"key":"Explosive Potion"},{"floor":3,"key":"Block Potion"},{"floor":8,"key":"Poison Potion"},{"floor":14,"key":"blueLaboratory:Virophage"},{"floor":18,"key":"Block Potion"},{"floor":21,"key":"Weak Potion"},{"floor":35,"key":"blueLaboratory:HorrorPotion"},{"floor":46,"key":"blueLaboratory:FrostheartPotion"}],"is_trial":false,"path_per_floor":["M","M","M","T","?","E","M","M","T","E","?","$","R","M","R","B",null,"M","M","?","M","M","R","E","R","T","R","?","$","?","M","R","B",null,"M","?","?","M","$","R","E","R","T","E","$","M","M","M","R","R","$","E","B",null],"character_chosen":"THE_SILENT","items_purchased":["Finisher+1","halation:Sosunser","conspire:Banana","blueLaboratory:ArtistsPotion","hubris:EmptyBottle","Nunchaku","SteroidPotion"],"campfire_rested":0,"item_purchase_floors":[12,12,12,29,29,39,39],"current_hp_per_floor":[53,53,53,53,53,53,53,53,53,53,41,41,41,41,41,42,54,55,56,56,56,57,57,58,58,58,58,58,58,58,60,60,62,63,65,65,67,67,67,67,69,69,69,71,71,73,75,77,77,77,77,79,52],"gold":69,"neow_bonus":"BOSS_RELIC","is_daily":false,"chose_seed":false,"campfire_upgraded":10,"win_rate":0.0,"timestamp":1614250449,"path_taken":["M","M","M","?","?","E","?","M","T","E","?","$","R","?","R","BOSS","M","M","?","?","M","R","E","R","T","R","?","$","?","M","R","BOSS","M","?","?","M","$","R","E","R","T","E","$","M","M","M","R","R","$","E","BOSS"],"items_purchased_type":["Card","Relic","Card","Potion","Relic","Relic","Potion"],"build_version":"2020-12-22","purchased_purges":3,"victory":true,"max_hp_per_floor":[53,53,53,53,53,53,53,53,53,53,53,53,53,53,53,54,54,55,56,56,57,58,58,59,59,59,59,59,59,59,61,61,63,63,65,65,67,67,67,67,69,69,69,71,71,73,75,77,77,77,77,79,81],"card_choices":[{"not_picked":["StuffTheSpire:ClusterCrunch","hubris:TrickCloak"],"picked":"Acrobatics","floor":1},{"not_picked":["Deflect","Underhanded Strike"],"picked":"Heel Hook","floor":2},{"not_picked":["StuffTheSpire:Fury","PiercingWail"],"picked":"Concentrate","floor":3},{"not_picked":["Sucker Punch","Poisoned Stab"],"picked":"Blade Dance","floor":5},{"not_picked":["Expertise","Phantasmal Killer"],"picked":"ReplayTheSpireMod:Scrap Shanks","floor":6},{"not_picked":["Bane","ReplayTheSpireMod:Shiv Toss"],"picked":"PiercingWail","floor":7},{"not_picked":["Bane","StuffTheSpire:DoubleShiv"],"picked":"Cloak And Dagger","floor":8},{"not_picked":["StuffTheSpire:Sprint","Deflect","Endless Agony"],"picked":"SKIP","floor":10},{"not_picked":["Underhanded Strike","Quick Slash"],"picked":"Blade Dance","floor":14},{"not_picked":["Tools of the Trade","Corpse Explosion"],"picked":"After Image","floor":16},{"not_picked":["StuffTheSpire:Injection+1","Poisoned Stab"],"picked":"Sucker Punch+1","floor":18},{"not_picked":["StuffTheSpire:MirrorStance","ShadowRift"],"picked":"Prepared","floor":19},{"not_picked":["StuffTheSpire:Incantation","Dash","StuffTheSpire:Python"],"picked":"SKIP","floor":21},{"not_picked":["StuffTheSpire:BumpUp","Cloak And Dagger","StuffTheSpire:Injection+1"],"picked":"SKIP","floor":22},{"not_picked":["Glass Knife","Sneak Up+1","Doppelganger"],"picked":"SKIP","floor":24},{"not_picked":["ReplayTheSpireMod:Speed Training","Bouncing Flask"],"picked":"Prepared","floor":31},{"not_picked":["Unload","Venomology"],"picked":"Wraith Form v2","floor":33},{"not_picked":["Fluid Movement+1","Sucker Punch","StuffTheSpire:ClusterCrunch"],"picked":"SKIP","floor":35},{"not_picked":["Dagger Throw","Hidden Blade","Choke"],"picked":"SKIP","floor":38},{"not_picked":["ReplayTheSpireMod:Speed Training+1","Dodge and Roll","Poisoned Stab+1"],"picked":"SKIP","floor":41},{"not_picked":["Prepared","Leg Sweep+1","Doppelganger"],"picked":"SKIP","floor":44},{"not_picked":["StuffTheSpire:Repulse+1","Fluid Movement+1","StuffTheSpire:MirrorStance"],"picked":"SKIP","floor":46},{"not_picked":["Bane","Dodge and Roll+1","Deflect+1"],"picked":"SKIP","floor":47},{"not_picked":["Setup+1","ShadowRift+1","StuffTheSpire:BumpUp"],"picked":"SKIP","floor":48},{"not_picked":["StuffTheSpire:Sprint+1","Underhanded Strike","Dodge and Roll"],"picked":"SKIP","floor":52}],"player_experience":1419025,"relics_obtained":[{"floor":4,"key":"Pondfish Scales"},{"floor":6,"key":"hubris:64BitClover"},{"floor":9,"key":"Garlic"},{"floor":10,"key":"StuffTheSpire:OldFever"},{"floor":21,"key":"StuffTheSpire:Barrel"},{"floor":24,"key":"Simple Rune"},{"floor":26,"key":"hubris:ToyBattleship"},{"floor":37,"key":"Mercury Hourglass"},{"floor":41,"key":"TungstenRod"},{"floor":44,"key":"StuffTheSpire:HeavyRock"},{"floor":47,"key":"Replay:Mystery Machine"},{"floor":52,"key":"aspiration:Lifesprig"}],"event_choices":[{"damage_healed":0,"gold_gain":0,"player_choice":"1","damage_taken":0,"max_hp_gain":0,"max_hp_loss":0,"event_name":"betterMatch:BetterMatch","floor":5,"gold_loss":0,"cards_obtained":["betterMatch:UncommonCard","betterMatch:CommonCard"]},{"damage_healed":0,"gold_gain":225,"player_choice":"GO GO ","damage_taken":14,"relics_obtained":[],"max_hp_gain":0,"max_hp_loss":0,"event_name":"betterSkull:BetterSkull","floor":11,"gold_loss":0,"cards_upgraded":[]},{"damage_healed":0,"gold_gain":0,"player_choice":"Gave Potion","damage_taken":0,"relics_obtained":["Art of War"],"max_hp_gain":0,"max_hp_loss":0,"event_name":"WeMeetAgain","floor":20,"gold_loss":0},{"damage_healed":0,"gold_gain":0,"player_choice":"Bought 0 Potions","damage_taken":0,"max_hp_gain":0,"max_hp_loss":0,"event_name":"The Woman in Blue","floor":28,"gold_loss":0},{"damage_healed":0,"gold_gain":0,"player_choice":"Copied","damage_taken":0,"max_hp_gain":0,"max_hp_loss":0,"event_name":"Duplicator","floor":30,"gold_loss":0,"cards_obtained":["After Image"]}],"is_beta":false,"boss_relics":[{"not_picked":["halation:HeavySnake","Philosopher\u0027s Stone"],"picked":"reliquary:RedPaperclip"},{"not_picked":["Coffee Dripper","energizedSpire:EnergizedDie"],"picked":"Replay:Wanted Poster"}],"items_purged_floors":[12,39,45],"is_endless":false,"potions_floor_spawned":[2,3,8,14,18,21,31,35,37,41,46,48,52],"ascension_level":0}}