{"host":"x3q4ieql2tr7v8o6","time":1614250370,"event":{"mods":["BaseMod","Bestiary","Better Altar","Better Match","Better Note","Better Sensory Stone","Better Skull","Better Third Choice","Colored Map","Colored Powertips","Curses Come First","Minty Spire (QoL Compilation)","StSLib"],"gold_per_floor":[149,24,63,63,74,74,85,126,150,150,36,66,85,137,137,239,239,276,5,21,21,21,21,21,21,46,106,106,106,118,118,118,196,196,234,234,234,234,234,234,234,234,234,261,261,62,76,93,93,93,93],"floor_reached":50,"language":"ENG","playtime":1772,"items_purged":["Regret","Regret"],"score":1035,"play_id":"3a2ed29b-74de-4e44-9969-6e147e3b7667","local_time":"20210225105250","is_ascension_mode":true,"campfire_choices":[{"data":"HandOfGreed","floor":6.0,"key":"SMITH"},{"floor":15.0,"key":"REST"},{"data":"Blade Dance","floor":23.0,"key":"SMITH"},{"data":"Venomology","floor":28.0,"key":"SMITH"},{"data":"Dash","floor":32.0,"key":"SMITH"},{"floor":40,"key":"REST"},{"floor":42,"key":"RECALL"},{"floor":49,"key":"REST"}],"circlet_count":0,"master_deck":["AscendersBane","Defend_G","Defend_G+1","Defend_G","Defend_G","Defend_G","Survivor+1","Neutralize","HandOfGreed+1","Blade Dance+1","Secret Technique+1","Adrenaline+1","Leg Sweep+1","Deadly Poison","Madness","Flying Knee","Footwork","Dagger Throw+1","Finisher+1","Terror","Bouncing Flask","Dodge and Roll","After Image","Blade Dance","Slice+1","Bite","Bite","Bite","Bite","Venomology+1","Dash+1","A Thousand Cuts","Sucker Punch+1","Writhe","Storm of Steel","Footwork","Outmaneuver+1"],"relics":["Ring of the Snake","Lantern","Bag of Preparation","Oddly Smooth Stone","Whetstone","SacredBark","Juzu Bracelet","Akabeko","Dead Branch","Happy Flower","Nloth\u0027s Gift","Fusion Hammer","Meat on the Bone","Blood Vial","Sling"],"acts_visited":["Exordium","TheCity","TheBeyond"],"potions_floor_usage":[44,44,48,50,50,50],"damage_taken":[{"damage":5.0,"enemies":"2 Louse","floor":1.0,"turns":5.0},{"damage":0.0,"enemies":"Cultist","floor":3.0,"turns":2.0},{"damage":3.0,"enemies":"Jaw Worm","floor":5.0,"turns":3.0},{"damage":4.0,"enemies":"Looter","floor":7.0,"turns":4.0},{"damage":0.0,"enemies":"Blue Slaver","floor":8.0,"turns":3.0},{"damage":11.0,"enemies":"Lagavulin","floor":12.0,"turns":6.0},{"damage":5.0,"enemies":"Exordium Wildlife","floor":13.0,"turns":4.0},{"damage":15.0,"enemies":"3 Sentries","floor":14.0,"turns":7.0},{"damage":14.0,"enemies":"Hexaghost","floor":16.0,"turns":7.0},{"damage":8.0,"enemies":"3 Byrds","floor":18.0,"turns":7.0},{"damage":11.0,"enemies":"Shell Parasite","floor":20.0,"turns":5.0},{"damage":4.0,"enemies":"Slavers","floor":27.0,"turns":4.0},{"damage":0.0,"enemies":"Centurion and Healer","floor":30.0,"turns":4.0},{"damage":15.0,"enemies":"Champ","floor":33.0,"turns":8.0},{"damage":18,"enemies":"3 Shapes","floor":35,"turns":6},{"damage":24,"enemies":"Reptomancer","floor":44,"turns":5},{"damage":0,"enemies":"Orb Walker","floor":47,"turns":2},{"damage":12,"enemies":"Spire Growth","floor":48,"turns":5},{"damage":53,"enemies":"Time Eater","floor":50,"turns":10}],"seed_played":"-5568124024405879869","potions_obtained":[{"floor":7.0,"key":"LiquidMemories"},{"floor":13.0,"key":"GamblersBrew"},{"floor":14.0,"key":"Explosive Potion"},{"floor":16.0,"key":"Fruit Juice"},{"floor":18.0,"key":"LiquidMemories"},{"floor":27.0,"key":"Poison Potion"},{"floor":37,"key":"SkillPotion"},{"floor":44,"key":"AttackPotion"},{"floor":48,"key":"Strength Potion"}],"is_trial":false,"path_per_floor":["M","?","M","?","M","R","M","M","T","?","$","E","M","E","R","B",null,"M","$","M","$","?","R","?","?","T","E","R","T","M","?","R","B",null,"M","?","?","?","?","R","?","R","T","E","?","$","M","M","R","B"],"character_chosen":"THE_SILENT","items_purchased":["Finisher","Juzu Bracelet","Sling","Footwork"],"campfire_rested":3,"item_purchase_floors":[11,19,46,46],"current_hp_per_floor":[54,54,54,54,51,51,47,47,47,47,47,36,31,16,35,26,60,52,52,41,41,41,41,41,41,41,39,39,39,45,45,45,42,47,33,43,43,43,43,49,49,49,49,27,27,27,33,27,41,0,0],"gold":93,"neow_bonus":"RANDOM_COLORLESS_2","is_daily":false,"chose_seed":false,"campfire_upgraded":4,"win_rate":0.0,"timestamp":1614250370,"path_taken":["M","?","?","?","M","R","M","M","T","?","$","E","?","E","R","BOSS","M","$","M","$","?","R","?","?","T","E","R","?","M","?","R","BOSS","M","?","?","?","?","R","?","R","T","E","?","$","M","M","R","BOSS"],"items_purchased_type":["Card","Relic","Relic","Card"],"build_version":"2020-12-22","purchased_purges":2,"victory":false,"max_hp_per_floor":[66,66,66,66,66,66,66,66,66,66,66,66,66,66,66,71,71,71,71,71,71,49,49,49,49,49,49,49,49,49,49,49,49,49,49,49,49,49,49,49,49,49,49,49,49,49,49,49,49,49,49],"card_choices":[{"not_picked":["Secret Technique","Violence"],"picked":"HandOfGreed","floor":0.0},{"not_picked":["Skewer","Reflex"],"picked":"Blade Dance","floor":1.0},{"not_picked":["Chrysalis+1","Thinking Ahead+1"],"picked":"Secret Technique+1","floor":2.0},{"not_picked":["Storm of Steel+1","Burst+1"],"picked":"Adrenaline+1","floor":2.0},{"not_picked":["Tactician+1","Calculated Gamble+1"],"picked":"Leg Sweep+1","floor":2.0},{"not_picked":["Deflect","Caltrops"],"picked":"Deadly Poison","floor":3.0},{"not_picked":["Dark Shackles","Impatience"],"picked":"Madness","floor":4.0},{"not_picked":["Dagger Spray","Envenom"],"picked":"Flying Knee","floor":5.0},{"not_picked":["Deflect","Blur"],"picked":"Footwork","floor":7.0},{"not_picked":["Underhanded Strike","Prepared"],"picked":"Dagger Throw","floor":8.0},{"not_picked":["Flechettes","Endless Agony"],"picked":"Terror","floor":12.0},{"not_picked":["Sucker Punch","Prepared"],"picked":"Bouncing Flask","floor":13.0},{"not_picked":["Escape Plan","Prepared"],"picked":"Dodge and Roll","floor":14.0},{"not_picked":["Storm of Steel","Phantasmal Killer"],"picked":"After Image","floor":16.0},{"not_picked":["Cloak And Dagger","Bane"],"picked":"Blade Dance","floor":18.0},{"not_picked":["Prepared","Cloak And Dagger+1"],"picked":"Slice+1","floor":20.0},{"not_picked":["Deflect","All Out Attack"],"picked":"Venomology","floor":27.0},{"not_picked":["Well Laid Plans","PiercingWail"],"picked":"Dash","floor":30.0},{"not_picked":["Burst","Unload"],"picked":"A Thousand Cuts","floor":33.0},{"not_picked":["Endless Agony","Reflex"],"picked":"Sucker Punch+1","floor":35},{"not_picked":["Blade Dance","Glass Knife"],"picked":"Storm of Steel","floor":44},{"not_picked":["Eviscerate+1","Quick Slash","Prepared"],"picked":"SKIP","floor":47},{"not_picked":["Sucker Punch","Underhanded Strike"],"picked":"Outmaneuver+1","floor":48}],"player_experience":762959,"relics_obtained":[{"floor":9.0,"key":"Lantern"},{"floor":12.0,"key":"Oddly Smooth Stone"},{"floor":14.0,"key":"Whetstone"},{"floor":26.0,"key":"War Paint"},{"floor":27.0,"key":"Dead Branch"},{"floor":29.0,"key":"Happy Flower"},{"floor":43,"key":"Meat on the Bone"},{"floor":44,"key":"Blood Vial"}],"event_choices":[{"damage_healed":0.0,"max_hp_gain":0.0,"max_hp_loss":0.0,"gold_gain":0.0,"event_name":"betterMatch:BetterMatch","player_choice":"2","floor":2.0,"gold_loss":0.0,"damage_taken":0.0,"cards_obtained":["betterMatch:ColorlessRareCard","betterMatch:RareCard","betterMatch:UncommonCard"]},{"damage_healed":0.0,"max_hp_gain":0.0,"max_hp_loss":0.0,"gold_gain":1.0,"event_name":"betterStone:BetterStone","player_choice":"1","floor":4.0,"gold_loss":0.0,"damage_taken":0.0},{"damage_healed":0.0,"max_hp_gain":0.0,"max_hp_loss":0.0,"gold_gain":0.0,"event_name":"Big Fish","player_choice":"Box","floor":10.0,"gold_loss":0.0,"damage_taken":0.0,"relics_obtained":["Bag of Preparation"],"cards_obtained":["Regret"]},{"damage_healed":0.0,"max_hp_gain":0.0,"max_hp_loss":22.0,"gold_gain":0.0,"event_name":"Vampires","player_choice":"Became a vampire","floor":22.0,"gold_loss":0.0,"damage_taken":0.0,"cards_obtained":["Bite","Bite","Bite","Bite","Bite"]},{"damage_healed":0.0,"max_hp_gain":0.0,"max_hp_loss":0.0,"gold_gain":0.0,"event_name":"Cursed Tome","player_choice":"Ignored","floor":24.0,"gold_loss":0.0,"damage_taken":0.0},{"damage_healed":0.0,"max_hp_gain":0.0,"max_hp_loss":0.0,"gold_gain":0.0,"event_name":"Addict","player_choice":"Stole Relic","floor":25.0,"gold_loss":0.0,"damage_taken":0.0,"relics_obtained":["Akabeko"],"cards_obtained":["Shame"]},{"damage_healed":0.0,"max_hp_gain":0.0,"max_hp_loss":0.0,"gold_gain":0.0,"event_name":"N\u0027loth","player_choice":"Traded Relic","floor":31.0,"relics_lost":["War Paint"],"gold_loss":0.0,"damage_taken":0.0,"relics_obtained":["Nloth\u0027s Gift"]},{"damage_healed":10,"gold_gain":0,"player_choice":"Writhe","damage_taken":0,"max_hp_gain":0,"max_hp_loss":0,"event_name":"Winding Halls","floor":36,"gold_loss":0,"cards_obtained":["Writhe"]},{"damage_healed":0,"gold_gain":0,"player_choice":"Got Potions","damage_taken":0,"max_hp_gain":0,"max_hp_loss":0,"event_name":"Lab","floor":37,"gold_loss":0},{"damage_healed":0,"gold_gain":0,"player_choice":"Ignored","damage_taken":0,"max_hp_gain":0,"max_hp_loss":0,"event_name":"Mysterious Sphere","floor":38,"gold_loss":0},{"damage_healed":0,"gold_gain":0,"player_choice":"Ignored","damage_taken":0,"max_hp_gain":0,"max_hp_loss":0,"event_name":"Tomb of Lord Red Mask","floor":39,"gold_loss":0},{"cards_removed":["Shame"],"damage_healed":0,"gold_gain":0,"player_choice":"Purged","damage_taken":0,"max_hp_gain":0,"max_hp_loss":0,"event_name":"Purifier","floor":41,"gold_loss":0},{"cards_removed":["Bite"],"damage_healed":0,"gold_gain":0,"player_choice":"Removed Attack","damage_taken":0,"max_hp_gain":0,"max_hp_loss":0,"event_name":"Falling","floor":45,"gold_loss":0}],"is_beta":false,"boss_relics":[{"not_picked":["Runic Dome","Black Star"],"picked":"SacredBark"},{"not_picked":["Velvet Choker","Empty Cage"],"picked":"Fusion Hammer"}],"items_purged_floors":[11,19],"is_endless":false,"potions_floor_spawned":[7,13,14,16,18,27,30,44,48],"killed_by":"Time Eater","ascension_level":17}}