{"host":"e5vsl4ezcfxwu44d","time":1614215453,"event":{"mods":["BaseMod","Colored Powertips","Downfall","Highlight Path","Minty Spire (QoL Compilation)","StSLib","Unceasing Turn Reminder"],"gold_per_floor":[99,115,130,130,150,50,75,75,85,102,102,129,149,161,176,277,277,77,87,72,72,83,114,165,165,180,180,180,64,75,104,121,221,221,221,237,63,63,163,175,175,225,225,225,225],"floor_reached":43,"language":"ENG","playtime":4913,"items_purged":[],"score":570,"play_id":"b7e115a1-1ecb-42fb-a4a1-5a7887283b68","local_time":"20210224181053","is_ascension_mode":false,"campfire_choices":[{"floor":1.0,"key":"RECALL"},{"data":"sneckomod:UnknownBoss","floor":6.0,"key":"SMITH"},{"data":"sneckomod:Unknown3Cost","floor":18,"key":"SMITH"},{"floor":25,"key":"REST"},{"floor":28,"key":"REST"}],"circlet_count":0,"master_deck":["sneckomod:TailWhip","sneckomod:SnekBite","sneckomod:Unknown+1","sneckomod:Unknown","sneckomod:UnknownBoss+1","sneckomod:SoulCleanse","sneckomod:UnknownBlock","downfall:Malfunctioning","sneckomod:UnknownStrike","sneckomod:Nope","sneckomod:Unknown1Cost","Regret","sneckomod:DiceCrush","sneckomod:Nope","sneckomod:IronFang","sneckomod:SlitherStrike","sneckomod:UnknownWeak","sneckomod:SoulExchange","Bite","Bite","Bite","Bite","Bite","sneckomod:RainOfDice","sneckomod:DiceCrush","sneckomod:QuickMove+1","sneckomod:UnknownWeak","sneckomod:UnknownCommonAttack","sneckomod:UnknownDraw","sneckomod:QuickBite+1","sneckomod:UnknownClassTHE_BRONZE_AUTOMATON","sneckomod:IronFang","sneckomod:UnknownStrike+1","sneckomod:UnknownBoss","sneckomod:UnknownBlock+1","sneckomod:MorePower","sneckomod:UnknownClassBLUE","sneckomod:UnknownClassBLUE","sneckomod:UnknownClassBLUE","sneckomod:UnknownClassBLUE","sneckomod:UnknownClassBLUE","Echo Form+1","Buffer","sneckomod:UnknownUncommonSkill+1","sneckomod:UnknownBoss","Sunder","sneckomod:UnknownBoss+1","sneckomod:DiceBlock","sneckomod:UnlimitedRolls","expansioncontent:YouAreMine","expansioncontent:PrepareCrush","Slimebound:SplitLeeching","sneckomod:QuickBite","sneckomod:MasterEye","sneckomod:UnlimitedRolls","Jack Of All Trades","Shame","Chaos","sneckomod:Unknown1Cost+1","Guardian:Gem_Lightblue","sneckomod:DefensiveFlair","Hyperbeam","sneckomod:Cheat","Meteor Strike","sneckomod:UnknownRareAttack+1","sneckomod:UnendingSupply+1"],"relics":["sneckomod:SneckoSoul","downfall:HeartBlessingRed","Ornamental Fan","Mango","Sozu","downfall:HeartBlessingGreen","downfall:HeartBlessingBlue","Happy Flower","Regal Pillow","Lizard Tail","sneckomod:SneckoBoss","downfall:GremlinSack","Ginger","Pocketwatch"],"acts_visited":["Exordium","TheCity","TheBeyond"],"potions_floor_usage":[23,30],"damage_taken":[{"damage":6.0,"enemies":"Jaw Worm","floor":2.0,"turns":3.0},{"damage":5.0,"enemies":"2 Louse","floor":3.0,"turns":2.0},{"damage":1.0,"enemies":"Small Slimes","floor":5.0,"turns":4.0},{"damage":4.0,"enemies":"downfall:LooterAlt","floor":9.0,"turns":3.0},{"damage":0.0,"enemies":"Large Slime","floor":10.0,"turns":4.0},{"damage":14.0,"enemies":"3 Sentries","floor":12.0,"turns":4.0},{"damage":0.0,"enemies":"Gremlin Gang","floor":13.0,"turns":1.0},{"damage":2.0,"enemies":"Blue Slaver","floor":14.0,"turns":3.0},{"damage":0.0,"enemies":"2 Fungi Beasts","floor":15.0,"turns":3.0},{"damage":6.0,"enemies":"WA_ARCHETYPE_RETAIN","floor":16.0,"turns":5.0},{"damage":7,"enemies":"Shell Parasite","floor":19,"turns":4},{"damage":0,"enemies":"downfall:FleeingMerchant","floor":20,"turns":4},{"damage":20,"enemies":"Spheric Guardian","floor":22,"turns":4},{"damage":54,"enemies":"Slavers","floor":23,"turns":4},{"damage":34,"enemies":"Snake Plant","floor":26,"turns":4},{"damage":2,"enemies":"downfall:FleeingMerchant","floor":29,"turns":4},{"damage":13,"enemies":"Centurion and Healer","floor":30,"turns":3},{"damage":4,"enemies":"Book of Stabbing","floor":31,"turns":5},{"damage":0,"enemies":"3 Cultists","floor":32,"turns":2},{"damage":66,"enemies":"DF_ARCHETYPE_CLAW","floor":33,"turns":10},{"damage":47,"enemies":"3 Darklings","floor":36,"turns":9},{"damage":6,"enemies":"downfall:FleeingMerchant","floor":37,"turns":4},{"damage":8,"enemies":"downfall:FleeingMerchant","floor":39,"turns":3},{"damage":4,"enemies":"Orb Walker","floor":40,"turns":3},{"damage":64,"enemies":"Orb Walker","floor":42,"turns":8},{"damage":45,"enemies":"Nemesis","floor":43,"turns":2}],"seed_played":"2261154154292350704","potions_obtained":[{"floor":9.0,"key":"Explosive Potion"},{"floor":10.0,"key":"sneckomod:CheatPotion"},{"floor":14.0,"key":"Strength Potion"},{"floor":15.0,"key":"EssenceOfSteel"}],"is_trial":false,"path_per_floor":["R","M","M","?","M","R","T","?","M","M","?","E","M","M","M","B",null,"R","M","$","?","M","E","T","R","M","?","R","$","M","E","M","B",null,"R","M","$","?","?","M","T","?","E"],"character_chosen":"THE_SNECKO","items_purchased":["sneckomod:UnknownClassTHE_BRONZE_AUTOMATON","sneckomod:IronFang","sneckomod:UnlimitedRolls"],"campfire_rested":2,"item_purchase_floors":[29,29,37],"current_hp_per_floor":[90,84,79,79,88,88,88,88,84,84,84,84,84,82,82,76,104,114,107,107,79,63,15,15,53,27,27,65,76,68,66,74,22,79,79,40,50,45,43,39,39,39,0,0,0],"gold":225,"neow_bonus":"ONE_RANDOM_RARE_CARD","is_daily":false,"chose_seed":false,"campfire_upgraded":2,"win_rate":0.0,"timestamp":1614215453,"path_taken":["R","M","M","?","M","R","T","?","M","M","?","E","M","M","M","BOSS","R","M","$","?","M","E","T","R","M","?","R","$","M","E","M","BOSS","R","M","$","?","?","?","T","?","E"],"items_purchased_type":["Card","Card","Card"],"build_version":"2020-12-22","purchased_purges":0,"victory":false,"max_hp_per_floor":[90,90,90,90,90,90,90,90,90,90,90,104,104,104,104,104,104,114,114,114,79,79,79,79,79,79,79,79,79,79,79,79,79,79,79,79,79,79,79,79,79,79,79,79,79],"card_choices":[{"not_picked":["sneckomod:DiceBlock","sneckomod:DiceCrush"],"picked":"sneckomod:SoulCleanse","floor":2.0},{"not_picked":["sneckomod:Nope","sneckomod:WideSting"],"picked":"sneckomod:UnknownBlock","floor":3.0},{"not_picked":["sneckomod:UnknownCommonAttack","sneckomod:Unknown1Cost"],"picked":"sneckomod:UnknownStrike","floor":5.0},{"not_picked":["sneckomod:QuickBite","sneckomod:SoulCleanse"],"picked":"sneckomod:Nope","floor":9.0},{"not_picked":["sneckomod:UnknownVulnerable","sneckomod:UnknownExhaust"],"picked":"sneckomod:Unknown1Cost","floor":10.0},{"not_picked":["sneckomod:Rotation","sneckomod:UnknownClassTHE_BRONZE_AUTOMATON"],"picked":"sneckomod:DiceCrush","floor":12.0},{"not_picked":["sneckomod:DefensiveFlair","sneckomod:UnknownVulnerable"],"picked":"sneckomod:Nope","floor":13.0},{"not_picked":["sneckomod:RainOfDice","sneckomod:UnknownCommonAttack"],"picked":"sneckomod:IronFang","floor":14.0},{"not_picked":["sneckomod:UnknownX","sneckomod:UnknownClassGUARDIAN"],"picked":"sneckomod:SlitherStrike","floor":15.0},{"not_picked":["sneckomod:SerpentMind","sneckomod:SoulExchange"],"picked":"sneckomod:Unknown3Cost","floor":16.0},{"not_picked":["sneckomod:UnknownClassTHE_BRONZE_AUTOMATON","sneckomod:SnekBeam"],"picked":"sneckomod:UnknownWeak","floor":19},{"not_picked":["sneckomod:UnknownClassBLUE","sneckomod:PureSnecko"],"picked":"sneckomod:SoulExchange","floor":20},{"not_picked":["sneckomod:Nope","sneckomod:SoulCleanse+1"],"picked":"sneckomod:RainOfDice","floor":22},{"not_picked":["sneckomod:SoulDraw","sneckomod:Nope"],"picked":"sneckomod:DiceCrush","floor":23},{"not_picked":["sneckomod:RainOfDice","sneckomod:UnknownClassGUARDIAN"],"picked":"sneckomod:QuickMove+1","floor":26},{"not_picked":["sneckomod:SoulExchange","sneckomod:DiceCrush"],"picked":"sneckomod:QuickBite+1","floor":29},{"not_picked":["sneckomod:UnknownVulnerable","sneckomod:Unknown1Cost"],"picked":"sneckomod:UnknownStrike+1","floor":30},{"not_picked":["sneckomod:DiceBoulder","sneckomod:RainOfDice"],"picked":"sneckomod:UnknownBoss","floor":31},{"not_picked":["sneckomod:UnknownDraw","sneckomod:DiceBlock+1"],"picked":"sneckomod:UnknownBlock+1","floor":32},{"not_picked":["sneckomod:Restock","sneckomod:SoulExchange"],"picked":"sneckomod:MorePower","floor":33},{"not_picked":["BootSequence","Sweeping Beam"],"picked":"Buffer","floor":36},{"not_picked":["sneckomod:UnknownClassBLUE+1","sneckomod:UnknownVulnerable+1"],"picked":"sneckomod:UnknownUncommonSkill+1","floor":36},{"not_picked":["sneckomod:QuickBite","sneckomod:SnakeSap"],"picked":"sneckomod:UnknownBoss","floor":36},{"not_picked":["Electrodynamics","Undo"],"picked":"Sunder","floor":37},{"not_picked":["sneckomod:Unknown1Cost+1","sneckomod:UnknownCommonSkill+1"],"picked":"sneckomod:UnknownBoss+1","floor":37},{"not_picked":["sneckomod:Nope","sneckomod:ImprovisedGuard"],"picked":"sneckomod:DiceBlock","floor":37},{"not_picked":["expansioncontent:HyperBeam","expansioncontent:PrepareCrush"],"picked":"expansioncontent:YouAreMine","floor":38},{"not_picked":["expansioncontent:GuardianWhirl","expansioncontent:LastStand"],"picked":"expansioncontent:PrepareCrush","floor":38},{"not_picked":["Streamline","Gash"],"picked":"Chaos","floor":39},{"not_picked":["sneckomod:UnknownClassGUARDIAN+1","sneckomod:UnknownBlock+1"],"picked":"sneckomod:Unknown1Cost+1","floor":39},{"not_picked":["Guardian:Gem_Red","Guardian:Gem_Green"],"picked":"Guardian:Gem_Lightblue","floor":39},{"not_picked":["sneckomod:UnknownClassGUARDIAN+1","sneckomod:UnknownCommonSkill"],"picked":"sneckomod:DefensiveFlair","floor":39},{"not_picked":["Fission","Recycle"],"picked":"Hyperbeam","floor":40},{"not_picked":["sneckomod:SoulRoll","sneckomod:QuickBite+1"],"picked":"sneckomod:Cheat","floor":40},{"not_picked":["Buffer","Conserve Battery"],"picked":"Meteor Strike","floor":42},{"not_picked":["sneckomod:UnknownVulnerable+1","sneckomod:UnknownExhaust+1"],"picked":"sneckomod:UnknownRareAttack+1","floor":42},{"not_picked":["sneckomod:UnknownClassBLUE","sneckomod:SoulExchange"],"picked":"sneckomod:UnendingSupply+1","floor":42}],"player_experience":242250,"relics_obtained":[{"floor":12.0,"key":"Mango"},{"floor":23,"key":"Happy Flower"},{"floor":24,"key":"Regal Pillow"},{"floor":31,"key":"Lizard Tail"},{"floor":39,"key":"downfall:GremlinSack"},{"floor":41,"key":"Ginger"},{"floor":42,"key":"Pocketwatch"}],"event_choices":[{"damage_healed":0.0,"max_hp_gain":0.0,"max_hp_loss":0.0,"gold_gain":0.0,"event_name":"Big Fish","player_choice":"Box","floor":11.0,"gold_loss":0.0,"damage_taken":0.0,"relics_obtained":["Ornamental Fan"],"cards_obtained":["Regret"]},{"damage_healed":0,"gold_gain":0,"player_choice":"Became a vampire","damage_taken":0,"max_hp_gain":0,"max_hp_loss":35,"event_name":"Vampires","floor":21,"gold_loss":0,"cards_obtained":["Bite","Bite","Bite","Bite","Bite"]}],"is_beta":false,"boss_relics":[{"not_picked":["Runic Dome","Tiny House"],"picked":"Sozu"},{"not_picked":["Empty Cage","bronze:MakeshiftBattery"],"picked":"sneckomod:SneckoBoss"}],"items_purged_floors":[],"is_endless":false,"potions_floor_spawned":[9,10,14,15,22,26,30,31,33,36,40],"killed_by":"Nemesis","ascension_level":0}}