{"host":"sc0o2qwpf9j16a4i","time":1614269578,"event":{"mods":["AchievementEnabler","BaseMod","BetterRewards","Block Reminder","Colored Map","Colored Powertips","Custom Start","Highlight Path","Minty Spire (QoL Compilation)","Relic Stats"],"gold_per_floor":[113,113,125,125,175,206,206,226,252,275,314,314,354,375,375,494,494,509,709,733,756,756,786,786,817,871,871,970,885,332,348,348,451,451,464,479,479,489,505,505,524,554,554,585,14,14,25,25,25],"floor_reached":48,"language":"ENG","playtime":1910,"items_purged":[],"score":900,"play_id":"691666c5-172c-4ce4-9a36-874aa4b1e867","local_time":"20210225181258","daily_mods":["SealedDeck","Hoarder","Binary"],"is_ascension_mode":false,"campfire_choices":[{"floor":7,"key":"REST"},{"data":"Rupture","floor":12,"key":"SMITH"},{"data":"Rupture","floor":15,"key":"SMITH"},{"floor":24,"key":"REST"},{"data":"True Grit","floor":27,"key":"SMITH"},{"data":"True Grit","floor":32,"key":"SMITH"},{"floor":40,"key":"REST"}],"circlet_count":0,"master_deck":["Ghostly Armor","Ghostly Armor","Ghostly Armor","Evolve","Evolve","Evolve","Thunderclap","Thunderclap","Thunderclap","Thunderclap","Thunderclap","Thunderclap","Fire Breathing","Fire Breathing","Fire Breathing","Wild Strike","Wild Strike","Wild Strike","Combust","Combust","Combust","Hemokinesis+1","Hemokinesis+1","Hemokinesis","Rupture+1","Rupture+1","Rupture+1","Combust","Combust","Combust","Sentinel","Sentinel","Sentinel","True Grit+1","True Grit+1","True Grit","Armaments","Armaments","Armaments","Twin Strike","Twin Strike","Twin Strike","True Grit","True Grit","True Grit","Limit Break","Limit Break","Limit Break","Spot Weakness","Spot Weakness","Spot Weakness","Impervious","Impervious","Impervious","Twin Strike+1","Twin Strike+1","Twin Strike+1","Body Slam+1","Body Slam+1","Body Slam+1","Pommel Strike+1","Pommel Strike+1","Pommel Strike+1","Demon Form","Demon Form","Demon Form","Impervious","Impervious","Impervious","Ghostly Armor+1","Ghostly Armor+1","Ghostly Armor+1","Heavy Blade+1","Heavy Blade+1","Heavy Blade+1","Shrug It Off+1","Shrug It Off+1","Shrug It Off+1","Seeing Red","Seeing Red","Seeing Red","Heavy Blade+1","Heavy Blade+1","Heavy Blade+1","Sword Boomerang+1","Sword Boomerang+1","Sword Boomerang+1","Flame Barrier","Flame Barrier","Flame Barrier","Entrench","Entrench","Entrench","Disarm+1","Disarm+1","Disarm+1"],"relics":["Burning Blood","Bloody Idol","Blood Vial","Whetstone","Omamori","HornCleat","Centennial Puzzle","Calling Bell","Bronze Scales","White Beast Statue","Turnip","Akabeko","Vajra","Orichalcum","Self Forming Clay","Strange Spoon","Question Card","Regal Pillow","SlaversCollar","Strawberry","Letter Opener","Blue Candle","Champion Belt","Potion Belt"],"acts_visited":["Exordium","TheCity","TheBeyond"],"potions_floor_usage":[11,14,16,25,33,35,38,39,42,44,48,48],"damage_taken":[{"damage":13,"enemies":"Jaw Worm","floor":1,"turns":3},{"damage":5,"enemies":"Cultist","floor":3,"turns":3},{"damage":38,"enemies":"Gremlin Nob","floor":6,"turns":4},{"damage":3,"enemies":"Small Slimes","floor":8,"turns":3},{"damage":4,"enemies":"Blue Slaver","floor":10,"turns":2},{"damage":11,"enemies":"3 Sentries","floor":11,"turns":6},{"damage":10,"enemies":"Lagavulin","floor":13,"turns":7},{"damage":7,"enemies":"Looter","floor":14,"turns":5},{"damage":10,"enemies":"Slime Boss","floor":16,"turns":6},{"damage":15,"enemies":"Spheric Guardian","floor":18,"turns":6},{"damage":12,"enemies":"Shell Parasite","floor":20,"turns":5},{"damage":7,"enemies":"Snake Plant","floor":21,"turns":4},{"damage":44,"enemies":"Gremlin Leader","floor":23,"turns":7},{"damage":11,"enemies":"Slavers","floor":25,"turns":4},{"damage":15,"enemies":"Snecko","floor":31,"turns":4},{"damage":28,"enemies":"Champ","floor":33,"turns":8},{"damage":9,"enemies":"3 Darklings","floor":35,"turns":5},{"damage":2,"enemies":"3 Shapes","floor":36,"turns":4},{"damage":43,"enemies":"Writhing Mass","floor":38,"turns":5},{"damage":25,"enemies":"Sphere and 2 Shapes","floor":39,"turns":6},{"damage":18,"enemies":"4 Shapes","floor":41,"turns":4},{"damage":49,"enemies":"Reptomancer","floor":42,"turns":10},{"damage":16,"enemies":"Nemesis","floor":44,"turns":5},{"damage":66,"enemies":"Maw","floor":47,"turns":12},{"damage":25,"enemies":"Reptomancer","floor":48,"turns":4}],"seed_played":"-155567622532482126","potions_obtained":[{"floor":1,"key":"LiquidBronze"},{"floor":8,"key":"BlessingOfTheForge"},{"floor":10,"key":"Regen Potion"},{"floor":13,"key":"Block Potion"},{"floor":18,"key":"EssenceOfSteel"},{"floor":20,"key":"CultistPotion"},{"floor":23,"key":"LiquidMemories"},{"floor":25,"key":"DuplicationPotion"},{"floor":33,"key":"LiquidMemories"},{"floor":35,"key":"PowerPotion"},{"floor":38,"key":"Swift Potion"},{"floor":39,"key":"GamblersBrew"},{"floor":42,"key":"PowerPotion"},{"floor":44,"key":"LiquidBronze"},{"floor":47,"key":"SteroidPotion"}],"is_trial":true,"path_per_floor":["M","?","M","?","T","E","R","M","T","M","E","R","E","M","R","B",null,"M","?","M","M","?","E","R","E","T","R","?","?","$","M","R","B",null,"M","M","?","M","M","R","M","E","T","E","$","?","M","E"],"character_chosen":"IRONCLAD","items_purchased":["Strange Spoon","Question Card","Regal Pillow","Champion Belt","Potion Belt","Flame Barrier","Entrench"],"campfire_rested":3,"item_purchase_floors":[30,30,30,45,45,45,45],"current_hp_per_floor":[73,73,74,54,54,24,48,53,53,57,69,69,67,68,68,66,80,71,71,67,68,68,37,61,63,68,68,73,73,73,71,71,56,80,80,80,80,48,36,75,70,41,41,38,38,76,21,0,0],"gold":25,"neow_bonus":"","is_daily":false,"chose_seed":false,"campfire_upgraded":4,"win_rate":0.0,"timestamp":1614269578,"path_taken":["M","?","M","?","?","E","R","M","T","M","E","R","E","M","R","BOSS","M","?","M","?","?","E","R","E","T","R","?","?","?","M","R","BOSS","M","?","?","M","?","R","M","E","T","E","?","?","M","E"],"items_purchased_type":["Relic","Relic","Relic","Relic","Relic","Card","Card"],"build_version":"2020-12-22","purchased_purges":0,"victory":false,"max_hp_per_floor":[80,80,80,80,80,80,80,80,80,80,80,80,80,80,80,80,80,80,80,80,80,80,80,80,80,80,80,80,80,80,80,80,80,80,80,80,80,80,80,80,80,87,87,87,87,76,76,76,76],"relic_stats":{"Regal Pillow":15,"counters":[25,132],"Self Forming Clay":[147],"Blue Candle":[0],"Whetstone":["Hemokinesis","Hemokinesis"],"Letter Opener":[5],"Orichalcum":[54],"Question Card":10,"Burning Blood":140,"Blood Vial":36,"Strange Spoon":[7],"Centennial Puzzle":[54],"Bloody Idol":63,"Bronze Scales":[263],"Turnip":[19],"Champion Belt":[3],"obtain_stats":[{"Regal Pillow":30,"Vajra":25,"Whetstone":6,"Burning Blood":0,"Blood Vial":5,"Centennial Puzzle":13,"HornCleat":11,"Strawberry":42,"Potion Belt":45,"Golden Idol":4,"Self Forming Clay":29,"Blue Candle":44,"Omamori":9,"Letter Opener":43,"Orichalcum":26,"Question Card":30,"White Beast Statue":17,"Akabeko":23,"Calling Bell":17,"Strange Spoon":30,"SlaversCollar":34,"Bronze Scales":17,"Bloody Idol":22,"Turnip":17,"Champion Belt":45},{"Regal Pillow":14,"Vajra":14,"Whetstone":3,"Burning Blood":0,"Blood Vial":2,"Centennial Puzzle":7,"HornCleat":6,"Strawberry":22,"Potion Belt":23,"Golden Idol":2,"Self Forming Clay":14,"Blue Candle":23,"Omamori":4,"Letter Opener":22,"Orichalcum":14,"Question Card":14,"White Beast Statue":9,"Akabeko":13,"Calling Bell":9,"Strange Spoon":14,"SlaversCollar":16,"Bronze Scales":9,"Bloody Idol":12,"Turnip":9,"Champion Belt":23},{"Regal Pillow":65,"Vajra":65,"Whetstone":10,"Burning Blood":0,"Blood Vial":6,"Centennial Puzzle":28,"HornCleat":21,"Strawberry":111,"Potion Belt":116,"Golden Idol":6,"Self Forming Clay":65,"Blue Candle":116,"Omamori":13,"Letter Opener":111,"Orichalcum":65,"Question Card":65,"White Beast Statue":39,"Akabeko":61,"Calling Bell":39,"Strange Spoon":65,"SlaversCollar":77,"Bronze Scales":39,"Bloody Idol":54,"Turnip":39,"Champion Belt":116}]},"card_choices":[{"not_picked":["Combust"],"picked":"Sentinel","floor":1},{"not_picked":["Headbutt","Anger"],"picked":"SKIP","floor":3},{"not_picked":["Infernal Blade"],"picked":"True Grit","floor":6},{"not_picked":["Disarm"],"picked":"Armaments","floor":8},{"not_picked":["Sever Soul"],"picked":"Twin Strike","floor":10},{"not_picked":["Corruption"],"picked":"True Grit","floor":11},{"not_picked":["Thunderclap"],"picked":"Limit Break","floor":13},{"not_picked":["Cleave"],"picked":"Spot Weakness","floor":14},{"not_picked":["Double Tap"],"picked":"Impervious","floor":16},{"not_picked":["Searing Blow"],"picked":"Twin Strike+1","floor":18},{"not_picked":["Cleave","Headbutt+1"],"picked":"SKIP","floor":20},{"not_picked":["Searing Blow","Body Slam+1"],"picked":"SKIP","floor":21},{"not_picked":["Searing Blow"],"picked":"Body Slam+1","floor":21},{"not_picked":["Ghostly Armor"],"picked":"Pommel Strike+1","floor":23},{"not_picked":["Iron Wave","Anger+1"],"picked":"SKIP","floor":25},{"not_picked":["Thunderclap","Anger+1"],"picked":"Demon Form","floor":31},{"not_picked":["Brutality","Exhume"],"picked":"Impervious","floor":33},{"not_picked":["Sword Boomerang","Sever Soul+1"],"picked":"Ghostly Armor+1","floor":35},{"not_picked":["Pummel","Sword Boomerang"],"picked":"Heavy Blade+1","floor":36},{"not_picked":["Twin Strike+1","Havoc"],"picked":"Shrug It Off+1","floor":38},{"not_picked":["Carnage+1","Clash+1"],"picked":"Seeing Red","floor":39},{"not_picked":["Combust","Flex+1"],"picked":"Heavy Blade+1","floor":41},{"not_picked":["Armaments","Brutality"],"picked":"Sword Boomerang+1","floor":42},{"not_picked":["Evolve+1","Thunderclap","Heavy Blade"],"picked":"SKIP","floor":44},{"not_picked":["True Grit+1","Thunderclap+1"],"picked":"Disarm+1","floor":47}],"player_experience":1556175,"relics_obtained":[{"floor":5,"key":"Blood Vial"},{"floor":6,"key":"Whetstone"},{"floor":9,"key":"Omamori"},{"floor":11,"key":"HornCleat"},{"floor":13,"key":"Centennial Puzzle"},{"floor":17,"key":"Bronze Scales"},{"floor":17,"key":"White Beast Statue"},{"floor":17,"key":"Turnip"},{"floor":23,"key":"Akabeko"},{"floor":25,"key":"Vajra"},{"floor":26,"key":"Orichalcum"},{"floor":42,"key":"Strawberry"},{"floor":43,"key":"Letter Opener"},{"floor":44,"key":"Blue Candle"}],"event_choices":[{"damage_healed":0,"gold_gain":0,"player_choice":"Grow","damage_taken":0,"max_hp_gain":0,"max_hp_loss":0,"event_name":"Living Wall","floor":2,"gold_loss":0,"cards_upgraded":["Rupture"]},{"damage_healed":0,"gold_gain":0,"player_choice":"Take Damage","damage_taken":20,"relics_obtained":["Golden Idol"],"max_hp_gain":0,"max_hp_loss":0,"event_name":"Golden Idol","floor":4,"gold_loss":0},{"damage_healed":0,"gold_gain":250,"player_choice":"Bet on Owner","damage_taken":0,"max_hp_gain":0,"max_hp_loss":0,"event_name":"The Joust","floor":19,"gold_loss":50},{"damage_healed":0,"gold_gain":0,"player_choice":"Gave Idol","damage_taken":0,"relics_obtained":["Bloody Idol"],"max_hp_gain":0,"max_hp_loss":0,"event_name":"Forgotten Altar","floor":22,"relics_lost":["Golden Idol"],"gold_loss":0},{"damage_healed":0,"gold_gain":99,"player_choice":"Stole From Cult","damage_taken":0,"max_hp_gain":0,"max_hp_loss":0,"event_name":"Nest","floor":28,"gold_loss":0},{"damage_healed":0,"gold_gain":0,"player_choice":"Obtained Relic","damage_taken":0,"relics_obtained":["Self Forming Clay"],"max_hp_gain":0,"max_hp_loss":0,"event_name":"Addict","floor":29,"gold_loss":85},{"damage_healed":0,"gold_gain":0,"player_choice":"Ignored","damage_taken":0,"max_hp_gain":0,"max_hp_loss":0,"event_name":"Purifier","floor":37,"gold_loss":0},{"damage_healed":76,"gold_gain":0,"player_choice":"Heal","damage_taken":0,"max_hp_gain":0,"max_hp_loss":11,"event_name":"The Moai Head","floor":46,"gold_loss":0}],"is_beta":false,"boss_relics":[{"not_picked":["Busted Crown","Tiny House"],"picked":"Calling Bell"},{"not_picked":["Sozu","Black Star"],"picked":"SlaversCollar"}],"items_purged_floors":[],"is_endless":false,"potions_floor_spawned":[1,8,10,13,18,20,21,23,25,31,33,35,36,38,39,41,42,44,47],"killed_by":"Reptomancer","ascension_level":0}}