{"host":"x73jdofm2fk9hsud","time":1614229231,"event":{"mods":["BaseMod","Bestiary","Minty Spire (QoL Compilation)","Relic Stats","ojb\u0027s Better Paths Mod","ojb\u0027s Info Mod"],"gold_per_floor":[114,28,38,3,22,22,52,64,89,89,89,46,74,84,84,156,156,174,174,174,194,244,244,271,271,271],"floor_reached":25,"language":"ENG","playtime":618,"items_purged":[],"score":458,"play_id":"3c44059a-058a-4613-adc4-a707e35ef084","local_time":"20210225000031","is_ascension_mode":true,"campfire_choices":[{"data":"Doom and Gloom","floor":6,"key":"SMITH"},{"data":"Conserve Battery","floor":11,"key":"SMITH"},{"data":"Defragment","floor":15,"key":"SMITH"},{"data":"Go for the Eyes","floor":23,"key":"SMITH"}],"circlet_count":0,"master_deck":["AscendersBane","Strike_B+1","Strike_B+1","Strike_B+1","Defend_B+1","Defend_B+1","Defend_B+1","Defend_B+1","Zap","Dualcast","Melter","Doom and Gloom+1","Redo","Conserve Battery+1","Defragment+1","All For One","Go for the Eyes+1","Cold Snap"],"relics":["Busted Crown","Oddly Smooth Stone","Orichalcum","Bag of Marbles","Runic Pyramid","InkBottle"],"acts_visited":["Exordium","TheCity"],"potions_floor_usage":[7,13,13,24],"damage_taken":[{"damage":1,"enemies":"Cultist","floor":1,"turns":4},{"damage":7,"enemies":"2 Louse","floor":3,"turns":2},{"damage":4,"enemies":"Jaw Worm","floor":5,"turns":3},{"damage":13,"enemies":"Lagavulin","floor":7,"turns":6},{"damage":5,"enemies":"Looter","floor":8,"turns":3},{"damage":38,"enemies":"Gremlin Nob","floor":13,"turns":5},{"damage":0,"enemies":"3 Louse","floor":14,"turns":3},{"damage":22,"enemies":"The Guardian","floor":16,"turns":10},{"damage":19,"enemies":"3 Byrds","floor":18,"turns":6},{"damage":0,"enemies":"Chosen","floor":21,"turns":5},{"damage":35,"enemies":"Slavers","floor":24,"turns":6},{"damage":15,"enemies":"Snake Plant","floor":25,"turns":1}],"seed_played":"-379670711683805683","potions_obtained":[{"floor":1,"key":"Swift Potion"},{"floor":5,"key":"Block Potion"},{"floor":7,"key":"Regen Potion"},{"floor":21,"key":"Regen Potion"}],"is_trial":false,"path_per_floor":["M","$","M","?","M","R","E","M","T","?","R","$","E","M","R","B",null,"M","?","$","M","?","R","E","M"],"character_chosen":"DEFECT","items_purchased":["Doom and Gloom","Defragment"],"campfire_rested":0,"item_purchase_floors":[2,12],"current_hp_per_floor":[63,63,56,71,67,67,54,49,49,49,49,49,25,25,25,3,54,35,35,35,35,28,28,8,0,0],"gold":271,"neow_bonus":"BOSS_RELIC","is_daily":false,"chose_seed":false,"campfire_upgraded":4,"win_rate":0.0,"timestamp":1614229231,"path_taken":["M","?","M","?","M","R","E","M","T","?","R","$","E","M","R","BOSS","M","?","$","M","?","R","E","?"],"items_purchased_type":["Card","Card"],"build_version":"2020-12-22","purchased_purges":0,"victory":false,"max_hp_per_floor":[71,71,71,71,71,71,71,71,71,71,71,71,71,71,71,71,71,71,71,71,71,71,71,71,71,71],"relic_stats":{"Busted Crown":22,"counters":[12,54],"Orichalcum":[90],"obtain_stats":[{"Busted Crown":0,"Oddly Smooth Stone":7,"Bag of Marbles":13,"Orichalcum":9,"Cracked Core":0,"InkBottle":24,"Runic Pyramid":17},{"Busted Crown":0,"Oddly Smooth Stone":4,"Bag of Marbles":6,"Orichalcum":5,"Cracked Core":0,"InkBottle":11,"Runic Pyramid":8},{"Busted Crown":0,"Oddly Smooth Stone":15,"Bag of Marbles":23,"Orichalcum":18,"Cracked Core":0,"InkBottle":53,"Runic Pyramid":36}],"InkBottle":[0]},"card_choices":[{"not_picked":[],"picked":"Melter","floor":1},{"not_picked":["Melter"],"picked":"SKIP","floor":3},{"not_picked":["Streamline"],"picked":"SKIP","floor":5},{"not_picked":[],"picked":"Redo","floor":7},{"not_picked":[],"picked":"Conserve Battery","floor":8},{"not_picked":["Stack"],"picked":"SKIP","floor":13},{"not_picked":["Gash"],"picked":"SKIP","floor":14},{"not_picked":[],"picked":"All For One","floor":16},{"not_picked":[],"picked":"Go for the Eyes","floor":18},{"not_picked":["Streamline"],"picked":"SKIP","floor":21},{"not_picked":[],"picked":"Cold Snap","floor":24}],"player_experience":5427619,"relics_obtained":[{"floor":7,"key":"Oddly Smooth Stone"},{"floor":9,"key":"Orichalcum"},{"floor":13,"key":"Bag of Marbles"},{"floor":24,"key":"InkBottle"}],"event_choices":[{"damage_healed":17,"gold_gain":0,"player_choice":"Healed","damage_taken":0,"max_hp_gain":0,"max_hp_loss":0,"event_name":"The Cleric","floor":4,"gold_loss":35},{"cards_removed":["Strike_B"],"damage_healed":0,"gold_gain":0,"player_choice":"Purged","damage_taken":0,"max_hp_gain":0,"max_hp_loss":0,"event_name":"Purifier","floor":10,"gold_loss":0},{"damage_healed":0,"gold_gain":0,"player_choice":"Simplicity","damage_taken":0,"max_hp_gain":0,"max_hp_loss":0,"event_name":"Back to Basics","floor":19,"gold_loss":0,"cards_upgraded":["Strike_B","Strike_B","Strike_B","Defend_B","Defend_B","Defend_B","Defend_B"]},{"damage_healed":0,"gold_gain":50,"player_choice":"Touch","damage_taken":7,"max_hp_gain":0,"max_hp_loss":0,"event_name":"FaceTrader","floor":22,"gold_loss":0}],"is_beta":false,"boss_relics":[{"not_picked":["Inserter","Sozu"],"picked":"Runic Pyramid"}],"items_purged_floors":[],"is_endless":false,"potions_floor_spawned":[1,5,7,21],"killed_by":"Snake Plant","ascension_level":20}}