{"host":"d76q0rb9a0s9bgr5","time":1614252258,"event":{"mods":["BaseMod","Downfall","Hubris","Minty Spire (QoL Compilation)","StSLib"],"gold_per_floor":[109,126,126,137,137,137,172,25,49,67,142,142,41,68,68,68,68],"floor_reached":16,"language":"ENG","playtime":608,"items_purged":["Strike_G"],"score":124,"play_id":"368af433-ac6f-45e0-8fe4-2e4683f9c593","local_time":"20210225122418","is_ascension_mode":true,"campfire_choices":[{"data":"Survivor","floor":6,"key":"SMITH"},{"floor":12,"key":"REST"},{"data":"Footwork","floor":15,"key":"SMITH"}],"circlet_count":0,"master_deck":["Strike_G","Strike_G","Strike_G","Defend_G","Defend_G","Defend_G","Defend_G","Defend_G","Survivor+1","Neutralize+1","Noxious Fumes","Noxious Fumes","Footwork+1","Backflip"],"relics":["Ring of the Snake","NeowsBlessing","Nunchaku","Dream Catcher","Bottled Tornado"],"acts_visited":["Exordium"],"potions_floor_usage":[7,16],"damage_taken":[{"damage":0,"enemies":"Jaw Worm","floor":1,"turns":1},{"damage":0,"enemies":"Cultist","floor":2,"turns":1},{"damage":0,"enemies":"2 Louse","floor":4,"turns":2},{"damage":46,"enemies":"3 Sentries","floor":7,"turns":20},{"damage":0,"enemies":"Exordium Wildlife","floor":10,"turns":6},{"damage":3,"enemies":"Lagavulin","floor":14,"turns":8},{"damage":34,"enemies":"Hexaghost","floor":16,"turns":11}],"seed_played":"-7062968583906789569","potions_obtained":[{"floor":2,"key":"champ:CounterPotion"},{"floor":7,"key":"Poison Potion"},{"floor":14,"key":"Explosive Potion"}],"is_trial":false,"path_per_floor":["M","M","?","M","?","R","E","$","T","M","?","R","$","E","R","B"],"character_chosen":"THE_SILENT","items_purchased":["Noxious Fumes","Footwork","Backflip"],"campfire_rested":1,"item_purchase_floors":[8,13,13],"current_hp_per_floor":[70,70,70,70,70,70,24,24,24,24,13,34,34,31,31,0,0],"gold":68,"neow_bonus":"THREE_ENEMY_KILL","is_daily":false,"chose_seed":false,"campfire_upgraded":2,"win_rate":0.0,"timestamp":1614252258,"path_taken":["M","M","?","?","?","R","E","$","T","M","?","R","?","E","R","BOSS"],"items_purchased_type":["Card","Card","Card"],"build_version":"2020-12-22","purchased_purges":1,"victory":false,"max_hp_per_floor":[70,70,70,70,70,70,70,70,70,70,70,70,70,70,70,70,70],"card_choices":[{"not_picked":["Outmaneuver","Poisoned Stab","Dodge and Roll"],"picked":"SKIP","floor":1},{"not_picked":["Underhanded Strike","Dodge and Roll","Deadly Poison"],"picked":"SKIP","floor":2},{"not_picked":["Riddle With Holes","Outmaneuver","Reflex"],"picked":"SKIP","floor":4},{"not_picked":["Crippling Poison","Underhanded Strike","Bouncing Flask"],"picked":"SKIP","floor":7},{"not_picked":["Sucker Punch","Slice"],"picked":"Noxious Fumes","floor":10},{"not_picked":["Skewer","Finisher","hubris:Counter"],"picked":"SKIP","floor":14}],"player_experience":166551,"relics_obtained":[{"floor":7,"key":"Nunchaku"},{"floor":9,"key":"Dream Catcher"},{"floor":14,"key":"Bottled Tornado"}],"event_choices":[{"cards_removed":["Strike_G"],"damage_healed":0,"gold_gain":0,"player_choice":"Offered Basic","damage_taken":0,"max_hp_gain":0,"max_hp_loss":0,"event_name":"Bonfire Elementals","floor":3,"gold_loss":0},{"damage_healed":0,"gold_gain":75,"player_choice":"Gather Gold","damage_taken":11,"max_hp_gain":0,"max_hp_loss":0,"event_name":"World of Goop","floor":11,"gold_loss":0}],"is_beta":false,"boss_relics":[],"items_purged_floors":[8],"is_endless":false,"potions_floor_spawned":[2,7,14],"killed_by":"Hexaghost","ascension_level":3}}