{"host":"f97mkdti7dx29mjq","time":1614219468,"event":{"mods":["BaseMod","Colored Powertips","Minty Spire (QoL Compilation)","Quick Restart","Rare Cards Sparkle","StSLib"],"gold_per_floor":[111,126,136,156,156,156,190,215,295,312,329,361,375,375,375],"floor_reached":14,"language":"ENG","playtime":773,"items_purged":[],"score":129,"play_id":"0e34b311-0f50-4973-ae82-9d394288e6ee","local_time":"20210224211748","is_ascension_mode":false,"campfire_choices":[{"data":"Eruption","floor":6,"key":"SMITH"}],"circlet_count":0,"master_deck":["Strike_P","Strike_P","Strike_P","Strike_P","Defend_P","Defend_P","Defend_P","Defend_P","Eruption+1","Vigilance","FlyingSleeves","ForeignInfluence+1","Evaluate","CutThroughFate","CutThroughFate","EmptyBody","WaveOfTheHand","Crescendo","FlyingSleeves","Omniscience"],"relics":["PureWater","Shovel","Odd Mushroom","Frozen Egg 2","Bag of Marbles"],"acts_visited":["Exordium"],"potions_floor_usage":[],"damage_taken":[{"damage":1,"enemies":"Jaw Worm","floor":1,"turns":3},{"damage":0,"enemies":"Small Slimes","floor":2,"turns":2},{"damage":2,"enemies":"2 Louse","floor":3,"turns":2},{"damage":0,"enemies":"Large Slime","floor":4,"turns":3},{"damage":0,"enemies":"Gremlin Nob","floor":7,"turns":2},{"damage":0,"enemies":"The Mushroom Lair","floor":8,"turns":2},{"damage":0,"enemies":"2 Fungi Beasts","floor":10,"turns":3},{"damage":0,"enemies":"3 Louse","floor":11,"turns":1},{"damage":33,"enemies":"Lagavulin","floor":12,"turns":7},{"damage":2,"enemies":"Looter","floor":13,"turns":2},{"damage":2,"enemies":"3 Sentries","floor":14,"turns":2}],"seed_played":"-5927747553700604466","potions_obtained":[{"floor":1,"key":"GamblersBrew"},{"floor":3,"key":"Dexterity Potion"},{"floor":12,"key":"Weak Potion"},{"floor":13,"key":"ColorlessPotion"}],"is_trial":false,"path_per_floor":["M","M","M","M","?","R","E","?","T","M","M","E","M","E"],"character_chosen":"WATCHER","items_purchased":[],"campfire_rested":0,"item_purchase_floors":[],"current_hp_per_floor":[78,78,76,76,76,76,76,76,76,76,76,43,41,39,39],"gold":375,"neow_bonus":"TEN_PERCENT_HP_BONUS","is_daily":false,"chose_seed":false,"campfire_upgraded":1,"win_rate":0.0,"timestamp":1614219468,"path_taken":["M","M","M","M","?","R","E","?","T","M","M","E","M","E"],"items_purchased_type":[],"build_version":"2020-12-22","purchased_purges":0,"victory":false,"max_hp_per_floor":[79,79,79,79,79,79,79,79,79,79,79,79,79,79,79],"card_choices":[{"not_picked":["WindmillStrike","Prostrate"],"picked":"FlyingSleeves","floor":1},{"not_picked":["JustLucky","FlurryOfBlows"],"picked":"ForeignInfluence","floor":2},{"not_picked":["Worship","EmptyMind"],"picked":"Evaluate","floor":3},{"not_picked":["Crescendo","ClearTheMind"],"picked":"CutThroughFate","floor":4},{"not_picked":["Wireheading","Vault"],"picked":"CutThroughFate","floor":7},{"not_picked":["Protect","Crescendo"],"picked":"EmptyBody","floor":8},{"not_picked":["Worship","SignatureMove"],"picked":"WaveOfTheHand","floor":10},{"not_picked":["LikeWater+1","SashWhip"],"picked":"Crescendo","floor":11},{"not_picked":["ThirdEye","SashWhip"],"picked":"FlyingSleeves","floor":12},{"not_picked":["Indignation","TalkToTheHand"],"picked":"Omniscience","floor":13}],"player_experience":212564,"relics_obtained":[{"floor":7,"key":"Shovel"},{"floor":8,"key":"Odd Mushroom"},{"floor":9,"key":"Frozen Egg 2"},{"floor":12,"key":"Bag of Marbles"}],"event_choices":[{"damage_healed":0,"gold_gain":0,"player_choice":"Grow","damage_taken":0,"max_hp_gain":0,"max_hp_loss":0,"event_name":"Living Wall","floor":5,"gold_loss":0,"cards_upgraded":["ForeignInfluence"]},{"damage_healed":0,"gold_gain":0,"player_choice":"Fought Mushrooms","damage_taken":0,"max_hp_gain":0,"max_hp_loss":0,"event_name":"Mushrooms","floor":8,"gold_loss":0}],"is_beta":false,"boss_relics":[],"items_purged_floors":[],"is_endless":false,"potions_floor_spawned":[1,3,12,13],"killed_by":"3 Sentries","ascension_level":0}}