{"host":"unqtvks5g69vuwk4","time":1614231985,"event":{"mods":["Act Like it!","Arknights","BaseMod","BetterRewards","Downfall","Minty Spire (QoL Compilation)","Relic Stats","Replay The Spire","Shop Mod","StSLib"],"gold_per_floor":[99,109,124,137,137,137,137,137,152,162,162,189,189,189,206,307,307,307,319,332,332,355,355,355,355],"floor_reached":23,"language":"ZHS","playtime":2965,"items_purged":[],"score":191,"play_id":"50ada0c7-276f-408c-aa3f-87bb238b835b","local_time":"20210225134625","is_ascension_mode":false,"campfire_choices":[{"floor":1,"key":"RECALL"},{"data":"Slimebound:Split","floor":8,"key":"SMITH"},{"floor":11,"key":"REST"},{"floor":13,"key":"REST"},{"floor":18,"key":"DIG"}],"circlet_count":0,"master_deck":["Slimebound:Strike_Slimebound","Slimebound:Tackle","Slimebound:Defend_Slimebound+1","Slimebound:Defend_Slimebound+1","Slimebound:Split+1","Slimebound:CorrosiveSpit","Slimebound:HauntingLick","Slimebound:RejuvenatingLick","Slimebound:SlimeTap","Slimebound:Repurpose","Slimebound:SplitBruiser","Slimebound:FormOfPuddle","Slimebound:SlimeTap","Slimebound:LeechLife","Slimebound:HauntingLick","Slimebound:SplitBruiser+1"],"relics":["Slimebound:AbsorbEndCombat","Replay:Accelerometer","Strawberry","Replay:Bronze Core","Simple Rune","Vajra"],"acts_visited":["Exordium","TheCity"],"potions_floor_usage":[12,16,16,21],"damage_taken":[{"damage":5,"enemies":"Small Slimes","floor":2,"turns":3},{"damage":12,"enemies":"ats:Genji","floor":3,"turns":4},{"damage":8,"enemies":"Jaw Worm","floor":4,"turns":3},{"damage":6,"enemies":"Exordium Thugs","floor":9,"turns":3},{"damage":16,"enemies":"Lots of Slimes","floor":10,"turns":5},{"damage":7,"enemies":"Gremlin Nob","floor":12,"turns":3},{"damage":10,"enemies":"2 Fungi Beasts","floor":15,"turns":3},{"damage":39,"enemies":"IC_STATUS_ARCHETYPE","floor":16,"turns":7},{"damage":35,"enemies":"downfall:LooterAlt2","floor":19,"turns":6},{"damage":40,"enemies":"3 Byrds","floor":20,"turns":5},{"damage":26,"enemies":"3 Byrds","floor":21,"turns":6},{"damage":5,"enemies":"Cultist and Chosen","floor":23,"turns":4}],"seed_played":"-115917035758255957","potions_obtained":[{"floor":4,"key":"Fire Potion"},{"floor":9,"key":"Block Potion"},{"floor":12,"key":"SteroidPotion"},{"floor":16,"key":"Elixir"},{"floor":20,"key":"BlessingOfTheForge"}],"is_trial":false,"path_per_floor":["R","M","M","M","?","?","T","R","M","M","R","E","R","?","M","B",null,"R","M","M","?","T","M"],"character_chosen":"SLIMEBOUND","items_purchased":[],"campfire_rested":2,"item_purchase_floors":[],"current_hp_per_floor":[71,68,60,56,56,44,44,44,42,34,55,59,78,78,70,35,78,78,47,15,9,9,10,10,10],"gold":355,"neow_bonus":"TEN_PERCENT_HP_BONUS","is_daily":false,"chose_seed":false,"campfire_upgraded":1,"win_rate":0.0,"timestamp":1614231985,"path_taken":["R","M","M","M","?","?","T","R","M","M","R","E","R","?","M","BOSS","R","M","M","?","?","?"],"items_purchased_type":[],"build_version":"2020-12-22","purchased_purges":0,"victory":false,"max_hp_per_floor":[71,71,71,71,71,71,71,71,71,71,71,78,78,78,78,78,78,78,78,78,78,78,78,78,78],"relic_stats":{"counters":[12,50],"obtain_stats":[{"Replay:Accelerometer":6,"Strawberry":12,"Replay:Bronze Core":17,"Vajra":22,"Simple Rune":18,"Slimebound:AbsorbEndCombat":0},{"Replay:Accelerometer":3,"Strawberry":6,"Replay:Bronze Core":8,"Vajra":11,"Simple Rune":8,"Slimebound:AbsorbEndCombat":0},{"Replay:Accelerometer":10,"Strawberry":20,"Replay:Bronze Core":29,"Vajra":46,"Simple Rune":29,"Slimebound:AbsorbEndCombat":0}]},"card_choices":[{"not_picked":["Slimebound:SplitLeeching","Slimebound:SlimeBarrage"],"picked":"Slimebound:HauntingLick","floor":2},{"not_picked":["Slimebound:Gluttony","Slimebound:PressTheAttack"],"picked":"Slimebound:RejuvenatingLick","floor":3},{"not_picked":["Slimebound:SlimeSpikes","Slimebound:DisruptingSlam"],"picked":"Slimebound:SlimeTap","floor":4},{"not_picked":["Slimebound:Replication","Slimebound:TongueLash"],"picked":"Slimebound:Repurpose","floor":9},{"not_picked":["Slimebound:Prepare","Slimebound:SplitLeeching"],"picked":"Slimebound:SplitBruiser","floor":10},{"not_picked":["Slimebound:ViciousTackle","Slimebound:GoopSpray"],"picked":"Slimebound:FormOfPuddle","floor":12},{"not_picked":["Slimebound:HauntingLick","Slimebound:Prepare"],"picked":"Slimebound:SlimeTap","floor":15},{"not_picked":["Slimebound:Overexert","Slimebound:MassFeed"],"picked":"Slimebound:LeechLife","floor":16},{"not_picked":["Slimebound:BestDefense+1","Slimebound:LeechEnergy"],"picked":"Slimebound:HauntingLick","floor":19},{"not_picked":["Slimebound:Dissolve","Slimebound:Replication+1"],"picked":"Slimebound:SplitBruiser+1","floor":20}],"player_experience":66849,"relics_obtained":[{"floor":12,"key":"Strawberry"},{"floor":18,"key":"Simple Rune"},{"floor":22,"key":"Vajra"}],"event_choices":[{"cards_removed":["Slimebound:Strike_Slimebound"],"damage_healed":0,"gold_gain":0,"player_choice":"Forget","damage_taken":0,"max_hp_gain":0,"max_hp_loss":0,"event_name":"Living Wall","floor":5,"gold_loss":0},{"damage_healed":0,"gold_gain":0,"player_choice":"Success","damage_taken":12,"relics_obtained":["Replay:Accelerometer"],"max_hp_gain":0,"max_hp_loss":0,"event_name":"Scrap Ooze","floor":6,"gold_loss":0},{"cards_removed":["Slimebound:Defend_Slimebound"],"damage_healed":0,"gold_gain":0,"player_choice":"Card Removal","damage_taken":0,"max_hp_gain":0,"max_hp_loss":0,"event_name":"The Cleric","floor":14,"gold_loss":0}],"is_beta":false,"boss_relics":[{"not_picked":["Replay:Drink Me","Replay:Ancient Bell"],"picked":"Replay:Bronze Core"}],"items_purged_floors":[],"is_endless":false,"potions_floor_spawned":[4,9,12,16,20],"killed_by":"Cultist and Chosen","ascension_level":0}}