{"host":"gm50ke85n5jz306u","time":1614247989,"event":{"mods":["AchievementEnabler","AlwaysNeverKeys","Aspiration","BaseMod","Beaked The Cultist","Bestiary","Better Altar","Better Match","Better Note","Better Sensory Stone","Better Skull","Better Third Choice","Better Vampires","Better-Laid Plans","BetterRewards","Colored Powertips","Curses Come First","DNKmod","Defuse TimeMaze Blight","Disable Question Mark Monsters","Displayed Cursed Tome","Downfall","Emptier Cage","Extra Virgin Snecko Oil","Filter the Spire","Friendly Minions","Gremlin Skip","Hermit","Hubris","Hyrulean Relics","Ironclad Rager","Koishi","Lobotomy","Marisa????????","Marked Mod","Minty Spire (QoL Compilation)","Permanent Neow","Poor People Problems","Quick Restart","Reimu??????","Relic Filter Mod","Relic Sorter","Remove Card Discount Mod","Reorder Act Four","Replay The Spire","Shop Mod","StSLib","Synergy Search","Td1madao Mod","The Administrix","The Animator","The Blue Laboratory","The Bug Knight","The Construct","The Cursed","The Disciple","The Hierophant","The Necromancer","The Runesmith","The Senshi","The Servant 0.9.4","Thieving Mod","Transform Curses","WarShipGirlsR/????R mod"],"gold_per_floor":[10011,10011,10031,9457,9471,9503,9515,9527,9539,9551,9610,9640,9672,9697,9709,9523,9493,9588,9588,9608,9190,9190,9201,9201,9228,9228,8657,8657,8657,8657,8670,8071,8084,8084,8185,8185,8205,8220,8230,8244,8122,8155,8155,7863,7863,7863,7876,7876,7902,7922,7922,7922],"floor_reached":53,"language":"ENG","playtime":2251,"items_purged":["Injury","Bash","Strike_R","Strike_R","Strike_R","Strike_R","Strike_R","Flex+1","Juggernaut","Cleave+1","Defend_R","Defend_R","Defend_R"],"score":1504,"play_id":"7c3e23c9-08ff-41c8-8c81-7e7bd94c1031","local_time":"20210225111309","is_ascension_mode":true,"campfire_choices":[{"data":"Body Slam","floor":7.0,"key":"SMITH"},{"data":"Metallicize","floor":10.0,"key":"SMITH"},{"data":"Barricade","floor":26.0,"key":"SMITH"},{"data":"Defend_R","floor":30.0,"key":"SMITH"},{"data":"Body Slam","floor":46,"key":"SMITH"},{"data":"Headbutt","floor":48,"key":"SMITH"},{"data":"Headbutt","floor":51,"key":"SMITH"}],"circlet_count":0,"master_deck":["AscendersBane","Defend_R+1","Body Slam+1","Metallicize+1","Headbutt+1","Panacea+1","Headbutt+1","Barricade+1","Shrug It Off+1","Metallicize+1","Blind+1","Entrench+1","Body Slam+1","Shrug It Off+1","Shrug It Off+1"],"relics":["Burning Blood","Nunchaku","aspiration:MobileForge","PureWhite:ReiMu","ReplayFunnel","Mastiff:ReiMu","King of Hearts","hubris:ChampionShield","aspiration:ArtOfWarUpgrade","Cursed Key","Lantern","ClockworkSouvenir","Oddly Smooth Stone","TentaclePot:ReiMu","Replay:WaspNest","MerchantsRug","Toxic Egg 2","MawBank","Question Card","Toy Ornithopter","PreservedInsect","Lee\u0027s Waffle","beaked:SacredDeck","ReplayTheSpireMod:Shallot","Omamori","War Paint","Bag of Preparation"],"acts_visited":["Exordium","TheCity","TheBeyond"],"potions_floor_usage":[],"damage_taken":[{"damage":9.0,"enemies":"Jaw Worm","floor":1.0,"turns":6.0},{"damage":12.0,"enemies":"Small Slimes","floor":3.0,"turns":4.0},{"damage":2.0,"enemies":"2 Louse","floor":5.0,"turns":4.0},{"damage":44.0,"enemies":"Lagavulin","floor":6.0,"turns":10.0},{"damage":7.0,"enemies":"Exordium Thugs","floor":12.0,"turns":4.0},{"damage":9.0,"enemies":"Blue Slaver","floor":13.0,"turns":4.0},{"damage":1.0,"enemies":"Looter","floor":14.0,"turns":4.0},{"damage":14.0,"enemies":"The Guardian","floor":18.0,"turns":9.0},{"damage":9.0,"enemies":"Shell Parasite","floor":20.0,"turns":4.0},{"damage":0.0,"enemies":"Chosen","floor":23.0,"turns":4.0},{"damage":8.0,"enemies":"Book of Stabbing","floor":25.0,"turns":4.0},{"damage":0.0,"enemies":"Snake Plant","floor":31.0,"turns":3.0},{"damage":0.0,"enemies":"Centurion and Healer","floor":33.0,"turns":4.0},{"damage":0.0,"enemies":"Automaton","floor":35.0,"turns":8.0},{"damage":1,"enemies":"3 Darklings","floor":37,"turns":5},{"damage":0,"enemies":"Orb Walker","floor":38,"turns":4},{"damage":0,"enemies":"Maw","floor":39,"turns":5},{"damage":0,"enemies":"Spire Growth","floor":40,"turns":5},{"damage":0,"enemies":"Giant Head","floor":42,"turns":3},{"damage":0,"enemies":"Jaw Worm Horde","floor":47,"turns":3},{"damage":0,"enemies":"Nemesis","floor":49,"turns":5},{"damage":0,"enemies":"4 Shapes","floor":50,"turns":3},{"damage":0,"enemies":"Donu and Deca","floor":52,"turns":4}],"seed_played":"-4615984702233802120","potions_obtained":[{"floor":6.0,"key":"blueLaboratory:PolymorphPotion"},{"floor":13.0,"key":"EssenceOfSteel"},{"floor":20.0,"key":"blueLaboratory:HummingbirdPotion"}],"is_trial":false,"path_per_floor":["M","?","M","$","M","E","R","PTL","PTL","R","T","M","M","M","?","$","R","B",null,"M","$","?","M","?","E","R","$","T","?","R","M","$","M","R","B",null,"M","M","M","M","$","E","R","$","T","R","M","R","E","M","R","B",null],"character_chosen":"IRONCLAD","items_purchased":["MerchantsRug","Headbutt","Oddly Smooth Stone","King of Hearts","Panacea+1","ClockworkSouvenir","Flex+1","Shrug It Off+1","Lantern","Question Card","TentaclePot:ReiMu","blueLaboratory:EmptyBottle","Toy Ornithopter","Nunchaku","EntropicBrew","EntropicBrew","Blind+1","PreservedInsect","PureWhite:ReiMu","Lee\u0027s Waffle","Shrug It Off+1","Fire Potion","Adrenaline Potion","Mastiff:ReiMu","Omamori"],"campfire_rested":0,"item_purchase_floors":[4,4,4,4,4,16,16,21,21,21,21,21,27,27,27,27,27,32,32,32,41,41,41,44,44],"current_hp_per_floor":[69,69,63,63,67,29,29,29,29,29,29,28,25,30,30,30,30,22,66,63,63,63,69,69,67,67,67,67,67,67,73,87,87,87,87,87,87,87,87,87,87,87,87,87,87,87,87,87,87,87,87,87],"gold":7922,"neow_bonus":"RANDOM_COMMON_RELIC","is_daily":false,"chose_seed":false,"campfire_upgraded":7,"win_rate":0.0,"timestamp":1614247989,"path_taken":["M","?","M","$","M","E","R","PTL","PTL","R","T","M","M","M","?","$","R","BOSS","M","$","?","M","?","E","R","?","T","?","R","?","$","M","R","BOSS","M","?","M","M","$","E","R","$","T","R","M","R","E","M","R","BOSS"],"items_purchased_type":["Relic","Card","Relic","Relic","Card","Relic","Card","Card","Card","Relic","Relic","Potion","Relic","Relic","Potion","Potion","Card","Relic","Relic","Relic","Card","Potion","Potion","Relic","Relic"],"build_version":"2020-12-22","purchased_purges":13,"victory":true,"max_hp_per_floor":[80,80,80,80,80,80,80,80,80,80,80,80,80,80,80,80,80,80,80,80,80,80,80,80,80,80,80,80,80,80,80,87,87,87,87,87,87,87,87,87,87,87,87,87,87,87,87,87,87,87,87,87],"card_choices":[{"not_picked":["Clothesline","Ghostly Armor"],"picked":"Body Slam","floor":1.0},{"not_picked":["Ghostly Armor+1","Blood for Blood"],"picked":"Metallicize","floor":3.0},{"not_picked":["Thunderclap","hubris:SharpeningStone+1","Pommel Strike"],"picked":"SKIP","floor":5.0},{"not_picked":["Replay:Undeath\u0027s Touch","Defy Death+1"],"picked":"Headbutt","floor":6.0},{"not_picked":["Clash","Fire Breathing","Havoc+1"],"picked":"SKIP","floor":12.0},{"not_picked":["Wild Strike","Hemokinesis"],"picked":"Cleave","floor":13.0},{"not_picked":["Feel No Pain","ReplayTheSpireMod:Strike From Hell","Cleave"],"picked":"SKIP","floor":14.0},{"not_picked":[],"picked":"Barricade","floor":17.0},{"not_picked":["Replay:Undeath\u0027s Touch","Anger","Headbutt"],"picked":"SKIP","floor":20.0},{"not_picked":["Heavy Blade","Cleave","Flame Barrier+1","Warcry+1"],"picked":"SKIP","floor":23.0},{"not_picked":["True Grit+1","Feel No Pain","Heavy Blade","Thunderclap"],"picked":"SKIP","floor":25.0},{"not_picked":["Fiend Fire","Sword Boomerang","Pommel Strike","Armaments+1"],"picked":"SKIP","floor":31.0},{"not_picked":["True Grit+1","Evolve","Run Through","Clash"],"picked":"SKIP","floor":33.0},{"not_picked":["ReplayTheSpireMod:Strike From Hell","Flex+1","Intimidate+1","Shockwave+1"],"picked":"SKIP","floor":37},{"not_picked":["Run Through","Shockwave+1","Abandon+1","Dark Embrace"],"picked":"SKIP","floor":38},{"not_picked":["Sentinel+1","Wild Strike","Cleave"],"picked":"Body Slam","floor":39},{"not_picked":["Thunderclap","Perfected Strike+1","ReplayTheSpireMod:Strike From Hell","Clash"],"picked":"SKIP","floor":40},{"not_picked":["Perfected Strike","True Grit+1","hubris:SharpeningStone+1","Dark Embrace"],"picked":"SKIP","floor":42},{"not_picked":["Armaments+1","Headbutt","True Grit+1","Carnage"],"picked":"SKIP","floor":47},{"not_picked":["Combust","Fiend Fire","Sword Boomerang+1","Reckless Charge+1"],"picked":"SKIP","floor":49},{"not_picked":["Hemokinesis+1","Armaments+1","Spot Weakness+1"],"picked":"Shrug It Off+1","floor":50}],"player_experience":469914,"relics_obtained":[{"floor":6.0,"key":"MawBank"},{"floor":11.0,"key":"Art of War"},{"floor":25.0,"key":"Replay:WaspNest"},{"floor":28.0,"key":"ReplayFunnel"},{"floor":42,"key":"ReplayTheSpireMod:Shallot"},{"floor":45,"key":"War Paint"},{"floor":49,"key":"Bag of Preparation"}],"event_choices":[{"damage_healed":0.0,"max_hp_gain":0.0,"max_hp_loss":0.0,"gold_gain":0.0,"event_name":"Living Wall","player_choice":"Grow","floor":15.0,"gold_loss":0.0,"damage_taken":0.0,"cards_upgraded":["Cleave"]},{"damage_healed":0.0,"max_hp_gain":0.0,"max_hp_loss":0.0,"gold_gain":0.0,"event_name":"Lab","player_choice":"Got Potions","floor":22.0,"gold_loss":0.0,"damage_taken":0.0},{"damage_healed":0.0,"max_hp_gain":0.0,"max_hp_loss":0.0,"gold_gain":0.0,"event_name":"Duplicator","player_choice":"Copied","floor":24.0,"gold_loss":0.0,"damage_taken":0.0,"cards_obtained":["Metallicize"]},{"damage_healed":0.0,"max_hp_gain":0.0,"max_hp_loss":0.0,"gold_gain":0.0,"cards_transformed":["ReplayTheSpireMod:Doomed"],"event_name":"Transmorgrifier","player_choice":"Transformed","floor":29.0,"gold_loss":0.0,"damage_taken":0.0,"cards_obtained":["Juggernaut"]}],"is_beta":false,"boss_relics":[{"not_picked":["Runic Cube","Velvet Choker"],"picked":"Replay:Grab Bag"},{"not_picked":["Abe\u0027s Treasure","Runic Dome"],"picked":"ChewingGum"},{"not_picked":["hubris:VirtuousBlindfold","aspiration:FutureDiary"],"picked":"Cursed Key"},{"not_picked":["Replay:Drink Me","RedLine:ReiMu"],"picked":"aspiration:MobileForge"},{"not_picked":["SlaversCollar","Kintsugi"],"picked":"beaked:SacredDeck"}],"items_purged_floors":[4,4,4,4,16,16,16,32,32,41,41,41,41],"is_endless":false,"potions_floor_spawned":[6,13,18,20,31,38,39,50],"ascension_level":12}}