{"host":"9upmmxurwkb1bpyr","time":1614218712,"event":{"mods":["2.2 Compatiblity","AchievementEnabler","BaseMod","Beaked The Cultist","CatGirl Mod","Colored Powertips","Custom Start","Downfall","Gremlin Mod","Hermit","Highlight Path","Infinite Spire","Jorbs\u0027s Wanderer Trilogy","Minty Spire (QoL Compilation)","Quick Restart","Replay The Spire","StSLib","Td1madao Mod","The Alterego","The Animator","The Bug Knight","The Cursed","The Hierophant","The Judge","The Marked","The Runesmith","The Servant 0.9.4","TheSwordswoman","Yuri Mod"],"gold_per_floor":[99,119,130,130,144,174,249,264,298,198,210,210,210,227,238,342,342,342,358,369,54,65,77,102,2,2,21,53,53,53,67,80,178,178,78,92,110,110,22,22,22,42,54,64,64,83,95,124,143,143,143,178,103,103,103,103],"floor_reached":57,"language":"ENG","playtime":8223,"items_purged":["champ:Defend","champ:Strike"],"score":1499,"play_id":"1ecedfd5-22d7-4576-a52f-c70177b0c299","local_time":"20210224210502","is_ascension_mode":false,"campfire_choices":[{"data":"champ:Taunt","floor":1,"key":"SMITH"},{"data":"champ:ShieldWall","floor":10,"key":"SMITH"},{"data":"champ:HoldFirm","floor":12,"key":"SMITH"},{"data":"champ:Improvising","floor":18,"key":"SMITH"},{"floor":25,"key":"RECALL"},{"data":"champ:FalseCounter","floor":29,"key":"SMITH"},{"data":"champ:Circumvent","floor":35,"key":"SMITH"},{"data":"champ:ShieldThrow","floor":40,"key":"SMITH"},{"data":"champ:FlashCut","floor":45,"key":"SMITH"},{"data":"champ:StanceDance","floor":54,"key":"SMITH"}],"circlet_count":0,"master_deck":["champ:Strike","champ:Defend","champ:Execute","champ:Taunt+1","champ:HoldFirm+1","champ:Backstep+1","champ:ShieldWall+1","champ:FocusedDefense+1","champ:Circumvent+1","champ:PreciseThrust","champ:Improvising+1","champ:FlashCut+1","champ:FalseCounter+1","champ:ShieldThrow","champ:ShieldThrow+1","champ:StanceDance+1"],"relics":["champ:ChampionCrown","champ:FightingForDummies","ReplayTheSpireMod:Shallot","War Paint","downfall:HeartBlessingGreen","Painkiller Herb","Pen Nib","Lee\u0027s Waffle","downfall:HeartBlessingBlue","HollowMod:JonisBlessing","Letter Opener","Replay:Drink Me","downfall:HeartBlessingRed","Pet Ghost","Replay:Towering Pillar of Hats","Du-Vu Doll","Anchor"],"acts_visited":["Exordium","TheCity","TheBeyond","TheEnding"],"potions_floor_usage":[27,56,56],"damage_taken":[{"damage":20,"enemies":"Jaw Worm","floor":2,"turns":3},{"damage":10,"enemies":"Cultist","floor":3,"turns":4},{"damage":5,"enemies":"2 Louse","floor":5,"turns":2},{"damage":30,"enemies":"Lagavulin","floor":6,"turns":7},{"damage":5,"enemies":"Exordium Wildlife","floor":8,"turns":5},{"damage":30,"enemies":"HollowMod:MossKnight","floor":9,"turns":11},{"damage":10,"enemies":"Exordium Thugs","floor":11,"turns":6},{"damage":5,"enemies":"Blue Slaver","floor":14,"turns":3},{"damage":10,"enemies":"3 Louse","floor":15,"turns":3},{"damage":20,"enemies":"SI_SHIV_ARCHETYPE","floor":16,"turns":7},{"damage":0,"enemies":"Shell Parasite","floor":19,"turns":4},{"damage":10,"enemies":"Spheric Guardian","floor":20,"turns":4},{"damage":0,"enemies":"downfall:FleeingMerchant","floor":21,"turns":4},{"damage":10,"enemies":"Shelled Parasite and Fungi","floor":22,"turns":5},{"damage":10,"enemies":"Chosen and Byrds","floor":23,"turns":6},{"damage":0,"enemies":"Cultist and Chosen","floor":27,"turns":6},{"damage":5,"enemies":"Replay:Snechameleon","floor":28,"turns":6},{"damage":0,"enemies":"Centurion and Healer","floor":31,"turns":7},{"damage":5,"enemies":"Shelled Parasite and Fungi","floor":32,"turns":5},{"damage":15,"enemies":"WA_ARCHETYPE_CALM","floor":33,"turns":9},{"damage":0,"enemies":"3 Shapes","floor":36,"turns":6},{"damage":0,"enemies":"3 Darklings","floor":37,"turns":5},{"damage":0,"enemies":"downfall:FleeingMerchant","floor":39,"turns":4},{"damage":0,"enemies":"Jaw Worm Horde","floor":42,"turns":3},{"damage":0,"enemies":"Maw","floor":43,"turns":5},{"damage":0,"enemies":"4 Shapes","floor":44,"turns":4},{"damage":0,"enemies":"Maw","floor":46,"turns":4},{"damage":0,"enemies":"Jaw Worm Horde","floor":47,"turns":3},{"damage":0,"enemies":"Giant Head","floor":48,"turns":4},{"damage":0,"enemies":"4 Shapes","floor":49,"turns":5},{"damage":0,"enemies":"IC_BLOCK_ARCHETYPE","floor":50,"turns":5},{"damage":0,"enemies":"downfall:CharBossMerchant","floor":52,"turns":3},{"damage":10,"enemies":"downfall:NeowBoss","floor":55,"turns":17},{"damage":25,"enemies":"downfall:NeowBossFinal","floor":56,"turns":12}],"seed_played":"4427519207453814152","potions_obtained":[{"floor":6,"key":"Venom Potion"},{"floor":15,"key":"PowerPotion"},{"floor":16,"key":"Doom Potion"},{"floor":22,"key":"champ:UltimateStancePotion"},{"floor":23,"key":"Block Potion"},{"floor":28,"key":"Block Potion"},{"floor":49,"key":"Block Potion"}],"is_trial":false,"path_per_floor":["R","M","M","?","M","E","T","M","E","R","M","R","?","M","M","B",null,"T","?","?","T","?","?","T","T","AVR","?","E","T","?","?","?","B",null,"T","?","?","?","T","T","T","?","?","?","T","?","?","E","?","B",null,"E","T","T","B","B",null],"character_chosen":"THE_CHAMP","items_purchased":["Pen Nib","Lee\u0027s Waffle","champ:ShieldThrow"],"campfire_rested":0,"item_purchase_floors":[21,21,39],"current_hp_per_floor":[90,90,90,90,85,85,85,80,80,80,80,80,80,80,80,80,90,90,90,90,97,97,97,97,107,107,107,102,102,102,102,97,82,81,81,81,81,81,81,81,81,81,81,81,81,81,81,81,81,81,81,81,81,81,71,46],"gold":103,"neow_bonus":"ONE_RANDOM_RARE_CARD","is_daily":false,"chose_seed":false,"campfire_upgraded":9,"win_rate":0.0,"timestamp":1614218702,"path_taken":["R","M","M","?","M","E","T","M","E","R","?","R","?","M","M","BOSS","T","?","?","T","?","?","T","T","AVR","?","E","T","?","?","?","BOSS","T","?","?","?","T","T","T","?","?","?","T","?","?","E","?","BOSS","E","T","T","BOSS","BOSS"],"items_purchased_type":["Relic","Relic","Card"],"build_version":"2020-12-22","purchased_purges":2,"victory":true,"max_hp_per_floor":[90,90,90,90,90,90,90,90,90,90,90,90,90,90,90,90,90,90,90,90,97,97,97,97,107,107,107,107,107,107,107,107,107,81,81,81,81,81,81,81,81,81,81,81,81,81,81,81,81,81,81,81,81,81,81,81],"card_choices":[{"not_picked":["champ:BerserkersShout","champ:FocusedDefense"],"picked":"champ:Backstep","floor":2},{"not_picked":["champ:Haymaker","champ:TornadoPunch"],"picked":"champ:ShieldWall","floor":3},{"not_picked":["champ:RisingSlash","champ:DeathBlow"],"picked":"champ:FocusedDefense","floor":5},{"not_picked":["champ:FaceSlap","champ:RapidStrikes"],"picked":"champ:Circumvent","floor":6},{"not_picked":["champ:Encircle","champ:FanOfKnives"],"picked":"champ:PreciseThrust","floor":8},{"not_picked":["champ:ShieldSlam","champ:EnGarde","champ:Backstep"],"picked":"SKIP","floor":9},{"not_picked":["champ:TornadoPunch","champ:Shatter","champ:Lariat"],"picked":"SKIP","floor":11},{"not_picked":["champ:PerfectedStrike","champ:Circumvent","champ:PreciseThrust"],"picked":"SKIP","floor":14},{"not_picked":["champ:CrookedStrike","champ:ArenaPreparation","champ:Endure"],"picked":"SKIP","floor":15},{"not_picked":["champ:GladiatorForm","champ:HeavySlash"],"picked":"champ:Improvising","floor":16},{"not_picked":["champ:BladeFlurry","champ:AdrenalArmor","champ:FanOfKnives"],"picked":"SKIP","floor":19},{"not_picked":["champ:GutPunch","champ:Shatter"],"picked":"champ:FlashCut","floor":20},{"not_picked":["champ:GutPunch","champ:LastStand","champ:CrookedStrike+1"],"picked":"SKIP","floor":21},{"not_picked":["champ:FancyFootwork","champ:Endure+1","champ:PreciseThrust"],"picked":"SKIP","floor":22},{"not_picked":["champ:AdrenalArmor","champ:Lariat","champ:GladiatorStyle"],"picked":"SKIP","floor":23},{"not_picked":["champ:FlashCut+1","champ:RapidStrikes","champ:Circumvent"],"picked":"SKIP","floor":27},{"not_picked":["champ:LastStand","champ:PreemptiveStrike"],"picked":"champ:FalseCounter","floor":28},{"not_picked":["champ:PreciseThrust","champ:TornadoPunch","champ:RecklessLeap"],"picked":"SKIP","floor":31},{"not_picked":["champ:FlashCut+1","champ:EnragedBash","champ:Endure"],"picked":"SKIP","floor":32},{"not_picked":["champ:Improvising","champ:LastStand"],"picked":"champ:ShieldThrow","floor":33},{"not_picked":["champ:FlashCut","champ:TornadoPunch+1","champ:Haymaker"],"picked":"SKIP","floor":36},{"not_picked":["champ:PerfectedStrike","champ:FanOfKnives+1","champ:BringItOn+1"],"picked":"SKIP","floor":37},{"not_picked":["champ:DefensiveShout+1","champ:FlashCut+1","champ:Circumvent"],"picked":"SKIP","floor":39},{"not_picked":["champ:RisingSlash+1","champ:PreciseThrust","champ:FocusedBerserking+1"],"picked":"SKIP","floor":42},{"not_picked":["champ:Circumvent","champ:RapidStrikes+1","champ:IronFortress+1"],"picked":"SKIP","floor":43},{"not_picked":["champ:Endure+1","champ:GutPunch","champ:Backstep"],"picked":"SKIP","floor":44},{"not_picked":["champ:FanOfKnives","champ:BerserkersShout+1","champ:AdrenalArmor+1"],"picked":"SKIP","floor":46},{"not_picked":["champ:FocusedDefense","champ:SkillfulDodge+1","champ:HeavySlash"],"picked":"SKIP","floor":47},{"not_picked":["champ:Circumvent","champ:BringItOn+1","champ:EnragedBash"],"picked":"SKIP","floor":48},{"not_picked":["champ:PerfectedStrike","champ:FocusedBerserking+1"],"picked":"champ:StanceDance","floor":49},{"not_picked":["champ:BringItOn+1","champ:FalseCounter+1","champ:CrookedStrike"],"picked":"SKIP","floor":52}],"player_experience":972921,"relics_obtained":[{"floor":6,"key":"champ:FightingForDummies"},{"floor":7,"key":"ReplayTheSpireMod:Shallot"},{"floor":9,"key":"War Paint"},{"floor":28,"key":"Letter Opener"},{"floor":38,"key":"Pet Ghost"},{"floor":41,"key":"Replay:Towering Pillar of Hats"},{"floor":48,"key":"Du-Vu Doll"},{"floor":52,"key":"Anchor"}],"event_choices":[{"cards_removed":["champ:Defend"],"damage_healed":0,"gold_gain":0,"player_choice":"Offered Basic","damage_taken":0,"max_hp_gain":0,"max_hp_loss":0,"event_name":"Bonfire Elementals","floor":4,"gold_loss":0}],"is_beta":false,"boss_relics":[{"not_picked":["Philosopher\u0027s Stone","Busted Crown"],"picked":"Painkiller Herb"},{"not_picked":["infinitespire:Cupcake","Replay:Ancient Bell"],"picked":"Replay:Drink Me"}],"items_purged_floors":[26,53],"is_endless":false,"potions_floor_spawned":[6,15,16,22,23,28,33,37,46,49],"ascension_level":0}}