{"host":"8lvj8oigynmckyj3","time":1614263530,"event":{"mods":["AchievementEnabler","BaseMod","Better Third Choice","Block Reminder","Colored Map","Colored Powertips","DeckTracker","Highlight Path","Minty Spire (QoL Compilation)","Permanent Neow","Quick Restart","Slay-I","StSLib"],"gold_per_floor":[109,120,120,136,211,244,244,273,296,314,314,332,332,345,345,449,449,460,232,232,232,232],"floor_reached":21,"language":"ENG","playtime":1129,"items_purged":[],"score":274,"play_id":"69bee3f3-74f0-4f37-9981-434b96ef552d","local_time":"20210225113210","is_ascension_mode":true,"campfire_choices":[{"floor":7,"key":"REST"},{"floor":11,"key":"REST"},{"floor":15,"key":"REST"}],"circlet_count":0,"master_deck":["Strike_G","Strike_G","Strike_G","Strike_G","Defend_G","Defend_G","Defend_G","Defend_G","Defend_G","Survivor","Neutralize","Backstab","Footwork","Backstab","Blur","Dagger Throw","Terror","Envenom","Backflip","Dash"],"relics":["Runic Pyramid","Omamori","Snake Skull","FossilizedHelix","Boot","Snecko Eye","Happy Flower"],"acts_visited":["Exordium","TheCity"],"potions_floor_usage":[6,8,18,18],"damage_taken":[{"damage":2,"enemies":"Jaw Worm","floor":1,"turns":4},{"damage":0,"enemies":"2 Louse","floor":2,"turns":3},{"damage":7,"enemies":"Small Slimes","floor":4,"turns":4},{"damage":8,"enemies":"3 Sentries","floor":6,"turns":8},{"damage":27,"enemies":"Gremlin Nob","floor":8,"turns":6},{"damage":0,"enemies":"Red Slaver","floor":10,"turns":3},{"damage":3,"enemies":"Large Slime","floor":12,"turns":7},{"damage":0,"enemies":"Looter","floor":14,"turns":3},{"damage":2,"enemies":"The Guardian","floor":16,"turns":14},{"damage":4,"enemies":"2 Thieves","floor":18,"turns":4},{"damage":0,"enemies":"Spheric Guardian","floor":21,"turns":4}],"seed_played":"-4305675645473811797","potions_obtained":[{"floor":1,"key":"GamblersBrew"},{"floor":4,"key":"AttackPotion"},{"floor":8,"key":"EssenceOfSteel"},{"floor":12,"key":"SkillPotion"},{"floor":18,"key":"PowerPotion"}],"is_trial":false,"path_per_floor":["M","M","?","M","?","E","R","E","T","M","R","M","?","M","R","B",null,"M","$","?","M"],"character_chosen":"THE_SILENT","items_purchased":["LiquidBronze","Happy Flower"],"campfire_rested":3,"item_purchase_floors":[19,19],"current_hp_per_floor":[61,61,58,51,40,32,53,26,26,26,47,44,44,44,65,63,68,64,64,64,64,64],"gold":232,"neow_bonus":"BOSS_RELIC","is_daily":false,"chose_seed":false,"campfire_upgraded":0,"win_rate":0.0,"timestamp":1614263530,"path_taken":["M","M","?","M","?","E","R","E","T","M","R","M","?","M","R","BOSS","M","$","?","M"],"items_purchased_type":["Potion","Relic"],"build_version":"2020-12-22","purchased_purges":0,"victory":false,"max_hp_per_floor":[70,70,70,70,70,70,70,70,70,70,70,70,70,70,70,70,70,70,70,70,70,70],"card_choices":[{"not_picked":["Poisoned Stab","Endless Agony"],"picked":"Backstab","floor":1},{"not_picked":["Tactician","Dodge and Roll"],"picked":"Footwork","floor":2},{"not_picked":["Cloak And Dagger","Footwork"],"picked":"Backstab","floor":4},{"not_picked":["Bane","Dodge and Roll"],"picked":"Blur","floor":6},{"not_picked":["Malaise","Sucker Punch"],"picked":"Dagger Throw","floor":8},{"not_picked":["Dagger Spray","Infinite Blades","Prepared"],"picked":"SKIP","floor":10},{"not_picked":["Quick Slash","Expertise","Blade Dance"],"picked":"SKIP","floor":12},{"not_picked":["Burst","Dagger Throw"],"picked":"Terror","floor":14},{"not_picked":["Phantasmal Killer","Grand Finale"],"picked":"Envenom","floor":16},{"not_picked":["Terror","Dodge and Roll"],"picked":"Backflip","floor":18}],"player_experience":464623,"relics_obtained":[{"floor":6,"key":"Snake Skull"},{"floor":8,"key":"FossilizedHelix"},{"floor":9,"key":"Boot"}],"event_choices":[{"damage_healed":0,"gold_gain":0,"player_choice":"Relic ","damage_taken":3,"max_hp_gain":0,"max_hp_loss":0,"event_name":"betterThird:BetterScrap","floor":3,"gold_loss":0,"cards_obtained":["Brilliance"]},{"damage_healed":0,"gold_gain":75,"player_choice":"Gold","damage_taken":11,"max_hp_gain":0,"max_hp_loss":0,"event_name":"betterThird:BetterGoop","floor":5,"gold_loss":0},{"cards_removed":["Strike_G"],"damage_healed":0,"gold_gain":0,"player_choice":"Purged","damage_taken":0,"max_hp_gain":0,"max_hp_loss":0,"event_name":"Purifier","floor":13,"gold_loss":0},{"damage_healed":0,"gold_gain":0,"player_choice":"Read","damage_taken":0,"max_hp_gain":0,"max_hp_loss":0,"event_name":"The Library","floor":20,"gold_loss":0,"cards_obtained":["Dash"]}],"is_beta":false,"boss_relics":[{"not_picked":["SlaversCollar","WristBlade"],"picked":"Snecko Eye"}],"items_purged_floors":[],"is_endless":false,"potions_floor_spawned":[1,4,8,12,18],"killed_by":"Spheric Guardian","ascension_level":9}}