{"host":"m2qkn877fkm57m2k","time":1614292205,"event":{"mods":["AchievementEnabler","Bartender","BaseMod","Colored Map","Koishi","Magitek Elite","Minty Spire (QoL Compilation)","Permanent Neow","Relic Sorter","StSLib"],"gold_per_floor":[119,119,136,136,156,189,189,215,262,287,47,59,59,86,86,186,186,201,214,233,245,12,12,27,27,52,52,87,21,21,35,35,35,35],"floor_reached":33,"language":"ENG","playtime":2043,"items_purged":[],"score":335,"play_id":"5050fcab-bf5b-4e8f-8049-4205a174cea3","local_time":"20210225233005","is_ascension_mode":false,"campfire_choices":[{"data":"Defragment","floor":7,"key":"SMITH"},{"data":"Conserve Battery","floor":13,"key":"SMITH"},{"floor":15,"key":"REST"},{"data":"Zap","floor":23,"key":"SMITH"},{"data":"Conserve Battery","floor":25,"key":"SMITH"},{"data":"Leap","floor":27,"key":"SMITH"},{"data":"Storm","floor":32,"key":"SMITH"}],"circlet_count":0,"master_deck":["Strike_B","Defend_B","Defend_B","Defend_B","Zap+1","Dualcast","Defragment+1","Loop","Conserve Battery+1","Force Field","Dramatic Entrance","Conserve Battery+1","Thunder Strike","Leap+1","Conserve Battery+1","Ball Lightning+1","FTL","Loop","Self Repair+1","Storm+1"],"relics":["Cracked Core","Guard_Bracelet","Nunchaku","Silver_Glasses","Bottled Tornado","Vajra","Bag of Marbles","Bottled Lightning","Oddly Smooth Stone","Mythril_Glove","MawBank"],"acts_visited":["Exordium","TheCity"],"potions_floor_usage":[14,16,24,33],"damage_taken":[{"damage":1,"enemies":"Jaw Worm","floor":1,"turns":4},{"damage":1,"enemies":"Cultist","floor":3,"turns":3},{"damage":0,"enemies":"Small Slimes","floor":5,"turns":4},{"damage":33,"enemies":"3 Sentries","floor":6,"turns":8},{"damage":9,"enemies":"Gremlin Nob","floor":8,"turns":4},{"damage":6,"enemies":"Exordium Wildlife","floor":12,"turns":3},{"damage":1,"enemies":"Lagavulin","floor":14,"turns":5},{"damage":0,"enemies":"The Guardian","floor":16,"turns":11},{"damage":8,"enemies":"Chosen","floor":18,"turns":5},{"damage":1,"enemies":"3 Byrds","floor":19,"turns":4},{"damage":10,"enemies":"Cultist and Chosen","floor":20,"turns":8},{"damage":0,"enemies":"Snecko","floor":21,"turns":6},{"damage":8,"enemies":"Snake Plant","floor":24,"turns":3},{"damage":17,"enemies":"Gremlin Leader","floor":28,"turns":6},{"damage":0,"enemies":"Centurion and Healer","floor":31,"turns":7},{"damage":43,"enemies":"Automaton","floor":33,"turns":6}],"seed_played":"-5270072052420586972","potions_obtained":[{"floor":8,"key":"Ancient Potion"},{"floor":12,"key":"Dexterity Potion"},{"floor":14,"key":"Dexterity Potion"},{"floor":16,"key":"Energy Potion"},{"floor":19,"key":"CultistPotion"},{"floor":21,"key":"SkillPotion"},{"floor":31,"key":"SpeedPotion"}],"is_trial":false,"path_per_floor":["M","?","M","?","M","E","R","E","T","T","$","M","R","E","R","B",null,"M","M","M","M","$","R","M","R","T","R","E","$","?","M","R","B"],"character_chosen":"DEFECT","items_purchased":["Guard_Bracelet","Dramatic Entrance","Oddly Smooth Stone","FTL","Storm"],"campfire_rested":1,"item_purchase_floors":[11,11,22,22,29],"current_hp_per_floor":[67,67,66,66,66,33,33,24,24,24,24,18,18,17,37,37,68,60,59,49,49,49,49,41,41,41,41,24,24,24,34,34,0,0],"gold":35,"neow_bonus":"REMOVE_TWO","is_daily":false,"chose_seed":false,"campfire_upgraded":6,"win_rate":0.0,"timestamp":1614292205,"path_taken":["M","?","?","?","M","E","R","E","T","?","$","M","R","E","R","BOSS","M","M","M","?","$","R","M","R","T","R","E","?","?","M","R","BOSS"],"items_purchased_type":["Relic","Card","Relic","Card","Card"],"build_version":"2020-12-22","purchased_purges":0,"victory":false,"max_hp_per_floor":[68,68,68,68,68,68,68,68,68,68,68,68,68,68,68,68,68,68,68,68,68,68,68,68,68,68,68,68,68,68,68,68,68,68],"card_choices":[{"not_picked":["Redo","Steam"],"picked":"Defragment","floor":1},{"not_picked":["Tempest","Coolheaded"],"picked":"Loop","floor":3},{"not_picked":["Darkness","BootSequence"],"picked":"Conserve Battery","floor":5},{"not_picked":["Streamline","Doom and Gloom"],"picked":"Force Field","floor":6},{"not_picked":["Steam","Consume","Compile Driver"],"picked":"SKIP","floor":8},{"not_picked":["Consume","Reprogram","All For One"],"picked":"SKIP","floor":12},{"not_picked":["Compile Driver","Darkness"],"picked":"Conserve Battery","floor":14},{"not_picked":["Creative AI","Multi-Cast"],"picked":"Thunder Strike","floor":16},{"not_picked":["Chaos+1","Stack"],"picked":"Leap","floor":18},{"not_picked":["Chill","Static Discharge"],"picked":"Conserve Battery+1","floor":19},{"not_picked":["Conserve Battery","Sweeping Beam","Barrage"],"picked":"SKIP","floor":20},{"not_picked":["Streamline","Seek"],"picked":"Ball Lightning+1","floor":21},{"not_picked":["Cold Snap","Stack"],"picked":"Loop","floor":24},{"not_picked":["Stack","Leap+1"],"picked":"Self Repair+1","floor":28},{"not_picked":["Barrage","Redo","Compile Driver+1"],"picked":"SKIP","floor":31}],"player_experience":64046,"relics_obtained":[{"floor":6,"key":"Bottled Tornado"},{"floor":8,"key":"Vajra"},{"floor":9,"key":"Bag of Marbles"},{"floor":10,"key":"Nunchaku"},{"floor":14,"key":"Bottled Lightning"},{"floor":26,"key":"Mythril_Glove"},{"floor":28,"key":"MawBank"}],"event_choices":[{"cards_removed":["Defend_B"],"damage_healed":0,"gold_gain":0,"player_choice":"Offered Basic","damage_taken":0,"max_hp_gain":0,"max_hp_loss":0,"event_name":"Bonfire Elementals","floor":2,"gold_loss":0},{"damage_healed":0,"gold_gain":0,"player_choice":"Ignored","damage_taken":0,"max_hp_gain":0,"max_hp_loss":0,"event_name":"Liars Game","floor":4,"gold_loss":0},{"cards_removed":["Strike_B"],"damage_healed":0,"gold_gain":0,"player_choice":"Purged","damage_taken":0,"max_hp_gain":0,"max_hp_loss":0,"event_name":"Purifier","floor":30,"gold_loss":0}],"is_beta":false,"boss_relics":[{"not_picked":["FrozenCore","Tiny House"],"picked":"Silver_Glasses"}],"items_purged_floors":[],"is_endless":false,"potions_floor_spawned":[8,12,14,16,19,21,31],"killed_by":"Automaton","ascension_level":0}}