{"host":"mijx6czmnk03eucy","time":1614268660,"event":{"mods":["A Penny For Your Troubles","Act Like it!","Aspiration","BaseMod","Better Altar","Better Debug","Better Skull","Better Third Choice","Better-Laid Plans","BetterRewards","Bossed Relics","Colored Map","Colored Powertips","Conspire","Curses Come First","Disable Question Mark Monsters","Displayed Cursed Tome","Dota2Spire","Energized Spire","Evolution","Extra Virgin Snecko Oil","Force Act Four","Fox Events","Gensokyo","GifTheSpireLib","Googly Eyes","Hubris","Infinite Spire","Jedi Mod","Mimic Mod","Minty Spire (QoL Compilation)","Quick Restart","Rare Cards Sparkle","Relic Filter","Relic Stats","Reliquary","Replay The Spire","Ruina","SacredBarkPlus","Smile Girya","Spicy Shops","Spire Arcade","StS++","StSLib","Stuff the Spire","The Blue Laboratory","Uncapped","Wandering Minibosses","Wide Potions","??????REMEMod"],"gold_per_floor":[110,110,124,124,124,124,24,24,55,55,73,73,73,86,86,190,190,209,209,209,226,237,237,237],"floor_reached":23,"language":"ENG","playtime":1371,"items_purged":["Defend_B"],"score":275,"play_id":"b99d8864-5be1-48c4-93ba-d063e264eede","local_time":"20210225155740","is_ascension_mode":true,"campfire_choices":[{"data":"Zap","floor":6,"key":"SMITH"},{"floor":15,"key":"REST"}],"circlet_count":0,"master_deck":["Strike_B","Strike_B","Strike_B","Defend_B","Defend_B","Defend_B","Zap+1","Dualcast","REME_SingleHolding","Go for the Eyes+1","Ball Lightning","Sweeping Beam","Genetic Algorithm","Streamline","infinitespire:Oblivion","Core Surge","jedi:BurstFrost","StuffTheSpire:ForEach","Gash","Chill+1","StuffTheSpire:Coldhearted+1"],"relics":["Cracked Core","EVO:Axolotl","REME_ComplimentaryCards","NeowsBlessing","hubris:Towel","StuffTheSpire:TintedRock","Art of War","conspire:SlowCooker"],"acts_visited":["Exordium","Exordium"],"potions_floor_usage":[14,23,23],"damage_taken":[{"damage":0,"enemies":"infinitespire:Voidling","floor":1,"turns":1},{"damage":0,"enemies":"Jaw Worm","floor":3,"turns":1},{"damage":0,"enemies":"Cultist","floor":9,"turns":1},{"damage":0,"enemies":"Cultist","floor":11,"turns":2},{"damage":7,"enemies":"Red Slaver","floor":14,"turns":2},{"damage":0,"enemies":"Slime Boss","floor":16,"turns":6},{"damage":15,"enemies":"Gensokyo:CosmicMonolith","floor":18,"turns":5},{"damage":0,"enemies":"Gensokyo:Chomper","floor":21,"turns":4},{"damage":31,"enemies":"Gensokyo:Wraith","floor":22,"turns":5},{"damage":31,"enemies":"Gensokyo:Reisen","floor":23,"turns":6}],"seed_played":"-3680558539731177358","potions_obtained":[{"floor":3,"key":"Adrenaline Potion"},{"floor":14,"key":"Weak Potion"},{"floor":16,"key":"blueLaboratory:EnragingPotion"}],"is_trial":false,"path_per_floor":["M","?","M","?","?","R","$","?","MIM","R","M","$","?","M","R","B",null,"M","?","?","M","M","E"],"character_chosen":"DEFECT","items_purchased":["Sweeping Beam"],"campfire_rested":1,"item_purchase_floors":[7],"current_hp_per_floor":[75,75,75,75,75,75,75,68,68,68,68,68,49,42,64,64,75,60,60,60,60,29,0,0],"gold":237,"neow_bonus":"THREE_ENEMY_KILL","is_daily":false,"chose_seed":false,"campfire_upgraded":1,"win_rate":0.0,"timestamp":1614268660,"path_taken":["M","?","M","?","?","R","?","?","MIM","R","?","$","?","M","R","BOSS","M","?","?","M","?","E"],"items_purchased_type":["Card"],"build_version":"2020-12-22","purchased_purges":1,"victory":false,"max_hp_per_floor":[75,75,75,75,75,75,75,75,75,75,75,75,75,75,75,75,75,75,75,75,75,75,75,75],"relic_stats":{"counters":[10,33],"Art of War":[1],"obtain_stats":[{"StuffTheSpire:TintedRock":9,"NeowsBlessing":0,"conspire:SlowCooker":17,"Art of War":9,"EVO:Axolotl":0,"hubris:Towel":2,"Cracked Core":0,"REME_ComplimentaryCards":0},{"StuffTheSpire:TintedRock":3,"NeowsBlessing":0,"conspire:SlowCooker":6,"Art of War":3,"EVO:Axolotl":0,"hubris:Towel":1,"Cracked Core":0,"REME_ComplimentaryCards":0},{"StuffTheSpire:TintedRock":3,"NeowsBlessing":0,"conspire:SlowCooker":13,"Art of War":3,"EVO:Axolotl":0,"hubris:Towel":1,"Cracked Core":0,"REME_ComplimentaryCards":0}]},"card_choices":[{"not_picked":["Capacitor","Turbo"],"picked":"Go for the Eyes","floor":1},{"not_picked":["jedi:BurstFrost","Defragment"],"picked":"Ball Lightning","floor":3},{"not_picked":["REME_Compress","Hello World"],"picked":"Genetic Algorithm","floor":9},{"not_picked":["Turbo","Crystallizer"],"picked":"Streamline","floor":11},{"not_picked":["ReplayTheSpireMod:Haul","hubris:Rewind"],"picked":"infinitespire:Oblivion","floor":13},{"not_picked":["hubris:PowerSurge","BasicCrystalCard"],"picked":"jedi:hex","floor":14},{"not_picked":["hubris:Prefetch","jedi:bruteforce"],"picked":"Core Surge","floor":16},{"not_picked":["Leap+1","StuffTheSpire:Coldhearted+1"],"picked":"jedi:BurstFrost","floor":18},{"not_picked":["jedi:readyaimfire","Cold Snap"],"picked":"Chill+1","floor":21},{"not_picked":["Redo","Darkness"],"picked":"StuffTheSpire:Coldhearted+1","floor":22}],"player_experience":788270,"relics_obtained":[{"floor":9,"key":"StuffTheSpire:TintedRock"},{"floor":9,"key":"Art of War"}],"event_choices":[{"cards_removed":["Strike_B"],"damage_healed":0,"gold_gain":0,"player_choice":"Offered Basic","damage_taken":0,"max_hp_gain":0,"max_hp_loss":0,"event_name":"Bonfire Elementals","floor":4,"gold_loss":0},{"damage_healed":0,"gold_gain":0,"player_choice":"Upgraded","damage_taken":0,"max_hp_gain":0,"max_hp_loss":0,"event_name":"Upgrade Shrine","floor":5,"gold_loss":0,"cards_upgraded":["Go for the Eyes"]},{"damage_healed":0,"gold_gain":0,"player_choice":"Damaged","damage_taken":7,"max_hp_gain":0,"max_hp_loss":0,"event_name":"Wheel of Change","floor":8,"gold_loss":0}],"is_beta":false,"boss_relics":[{"not_picked":["energizedSpire:RedRose","REME_ChargedStone"],"picked":"conspire:SlowCooker"}],"items_purged_floors":[7],"is_endless":false,"potions_floor_spawned":[3,14,16,18,22],"killed_by":"Gensokyo:Reisen","ascension_level":4}}