{"host":"s9n53dspxjwkh5no","time":1614225003,"event":{"mods":["AchievementEnabler","Act Like it!","Aspiration","Bard","BaseMod","Beaked The Cultist","Better Altar","Better Match","Better Note","Better Sensory Stone","Better Skull","Better Third Choice","BetterRewards","Colored Map","Colored Powertips","Conspire","Disable Question Mark Monsters","Downfall","Halation","Hermit","Hubris","Library of Ruina","Library of Ruina Extra","Marisa????????","Marked Mod","Minty Spire (QoL Compilation)","Pale of the Ancients","Permanent Neow","RRrroohrrRGHHhhh!!","Random Character Button","Rare Cards Sparkle","Reimu??????","Relic Stats","Remilia??????","Replay The Spire","Ruina","Small Relic Pack","Spicy Shops","Spire Arcade","StSLib","The Animator","The Bug Knight","The Construct","The Disciple","The Runesmith","The Senshi","The Servant 0.9.4","The Showman","The Valiant","The Wild Card","TheVacant","Wandering Minibosses"],"gold_per_floor":[212,212,225,240,255,282,282,282,332,332,332,26,26,43,43,145,145,157,157,57,75,75,75],"floor_reached":22,"language":"ENG","playtime":1379,"items_purged":[],"score":209,"play_id":"f17bf0e8-625a-4eeb-ba9e-2c9da9124179","local_time":"20210224205003","is_ascension_mode":false,"campfire_choices":[{"floor":7,"key":"REST"},{"data":"MarkedMod:NorthStar","floor":11,"key":"SMITH"},{"data":"MarkedMod:OneThousandNeedles","floor":15,"key":"SMITH"}],"circlet_count":0,"master_deck":["Strike_P","Strike_P","Strike_P","Strike_P","Defend_P","Defend_P","Defend_P","Defend_P","Eruption","Vigilance","LikeWater","MarkedMod:PinPointDefense+1","FlyingSleeves","PathToVictory","Replay:BluntJabs","MarkedMod:GentlePulse","MarkedMod:NorthStar+1","MarkedMod:OneThousandNeedles+1","ThirdEye","MarkedMod:SlowDance","CurseOfTheBell","Replay:ManipulateFuture","ConjureBlade","Protect"],"relics":["PureWater","Eternal Feather","halation:EternalFortune","rorgmod:Ceramic Fish","Regal Pillow","aspiration:Nostalgia","Sizzling Blood","Calling Bell","Gremlin Food","Replay:Ringing Soul","PageOfFairyFestival"],"acts_visited":["Exordium","Exordium"],"potions_floor_usage":[6,6,18],"damage_taken":[{"damage":4,"enemies":"conspire:RoseBush","floor":1,"turns":3},{"damage":9,"enemies":"Cultist","floor":3,"turns":5},{"damage":2,"enemies":"2 Louse","floor":4,"turns":2},{"damage":14,"enemies":"Large Slime","floor":5,"turns":7},{"damage":41,"enemies":"3 Sentries","floor":6,"turns":9},{"damage":0,"enemies":"Exordium Wildlife","floor":14,"turns":3},{"damage":12,"enemies":"Fading Forest","floor":16,"turns":11},{"damage":65,"enemies":"ruina:3_Bats","floor":18,"turns":7},{"damage":9,"enemies":"ruina:2_Scarecrows","floor":21,"turns":2},{"damage":54,"enemies":"ruina:Nos_and_Bat","floor":22,"turns":5}],"seed_played":"7000485838616970556","potions_obtained":[{"floor":1,"key":"PowerPotion"},{"floor":3,"key":"PowerPotion"},{"floor":6,"key":"Swift Potion"},{"floor":18,"key":"CultistPotion"}],"is_trial":false,"path_per_floor":["M","?","M","M","M","E","R","?","T","?","R","$","$","M","R","B",null,"M","?","?","M","M"],"character_chosen":"WATCHER","items_purchased":["Regal Pillow","aspiration:Nostalgia","MarkedMod:OneThousandNeedles"],"campfire_rested":1,"item_purchase_floors":[12,12,12],"current_hp_per_floor":[68,68,59,57,43,2,32,35,35,35,44,48,48,52,61,73,79,38,38,41,43,0,0],"gold":75,"neow_bonus":"HUNDRED_GOLD","is_daily":false,"chose_seed":false,"campfire_upgraded":2,"win_rate":0.0,"timestamp":1614225003,"path_taken":["M","?","?","?","M","E","R","?","T","?","R","?","$","M","R","BOSS","M","?","?","M","M"],"items_purchased_type":["Relic","Relic","Card"],"build_version":"2020-12-22","purchased_purges":0,"victory":false,"max_hp_per_floor":[72,72,72,72,72,72,72,75,75,75,75,79,79,79,79,79,79,82,82,85,88,88,88],"relic_stats":{"Regal Pillow":0,"counters":[10,54],"Eternal Feather":27,"obtain_stats":[{"Calling Bell":17,"Gremlin Food":17,"Replay:Ringing Soul":17,"Frozen Eye":21,"Regal Pillow":12,"rorgmod:Ceramic Fish":9,"PageOfFairyFestival":17,"aspiration:Nostalgia":12,"halation:EternalFortune":8,"Eternal Feather":6,"Sizzling Blood":12,"PureWater":0},{"Calling Bell":7,"Gremlin Food":7,"Replay:Ringing Soul":7,"Frozen Eye":8,"Regal Pillow":5,"rorgmod:Ceramic Fish":5,"PageOfFairyFestival":7,"aspiration:Nostalgia":5,"halation:EternalFortune":5,"Eternal Feather":5,"Sizzling Blood":5,"PureWater":0},{"Calling Bell":40,"Gremlin Food":40,"Replay:Ringing Soul":40,"Frozen Eye":47,"Regal Pillow":26,"rorgmod:Ceramic Fish":26,"PageOfFairyFestival":40,"aspiration:Nostalgia":26,"halation:EternalFortune":26,"Eternal Feather":26,"Sizzling Blood":26,"PureWater":0}]},"card_choices":[{"not_picked":["Indignation","Replay:Anticipation"],"picked":"LikeWater","floor":1},{"not_picked":["Weave","Wireheading"],"picked":"FlyingSleeves","floor":3},{"not_picked":["CutThroughFate","LikeWater"],"picked":"PathToVictory","floor":4},{"not_picked":["Vengeance","Evaluate"],"picked":"Replay:BluntJabs","floor":5},{"not_picked":["Consecrate","JustLucky"],"picked":"MarkedMod:GentlePulse","floor":6},{"not_picked":["Replay:Vibes","Evaluate"],"picked":"ThirdEye","floor":14},{"not_picked":["MarkedMod:ChiBlock","Wish"],"picked":"MarkedMod:SlowDance","floor":16},{"not_picked":["MarkedMod:GentlePulse","FearNoEvil"],"picked":"Replay:ManipulateFuture","floor":18},{"not_picked":["LessonLearned","MarkedMod:NorthStar"],"picked":"ConjureBlade","floor":20},{"not_picked":["Sanctity","Halt"],"picked":"Protect","floor":21}],"player_experience":376838,"relics_obtained":[{"floor":6,"key":"Eternal Feather"},{"floor":9,"key":"rorgmod:Ceramic Fish"},{"floor":17,"key":"Gremlin Food"},{"floor":17,"key":"Replay:Ringing Soul"},{"floor":17,"key":"PageOfFairyFestival"}],"event_choices":[{"cards_removed":["LikeWater"],"damage_healed":0,"gold_gain":0,"player_choice":"Take \u0026 Give","damage_taken":0,"max_hp_gain":0,"max_hp_loss":0,"event_name":"betterNote:BetterNote","floor":2,"gold_loss":0,"cards_obtained":["MarkedMod:PinPointDefense"]}],"is_beta":false,"boss_relics":[{"not_picked":["Painkiller Herb","conspire:SpecialSausage"],"picked":"Calling Bell"}],"items_purged_floors":[],"is_endless":false,"potions_floor_spawned":[1,3,6,18],"killed_by":"ruina:Nos_and_Bat","ascension_level":0}}