{"host":"w05x4i13f2m9joq1","time":1614222017,"event":{"mods":["100% Spire Juice","Act Like it!","BaseMod","Better Altar","Better Match","Better Note","Better Sensory Stone","Better Skull","Better Third Choice","BetterRewards","CapriCore","Colored Map","Colored Powertips","Defective Defect","Gensokyo","GifTheSpireLib","Googly Eyes","Infinite Spire","Ironclad Rager","Library of Ruina","Library of Ruina Extra","Lobotomy","LobotomyExtend","Marisa????????","Melee Mod","Minty Spire (QoL Compilation)","Morshu Shopkeeper - ENHANCED","MostiFishMod","Quick Restart","Rare Cards Sparkle","Reliquary","Replay The Spire","Shop Mod","Spicy Shops","Spire Birthday Party","StSLib","The Animator","The IronCluck","Uncapped","everything is the same but u backflip on backflip","slay the spire mod where everything is the same but ironclad has a cowboy hat"],"gold_per_floor":[110,128,145,198,198,198,230,240,240,265,265,109,126,158,158,293,293,317,345,367,381,296,651,651,703,703,747,773,773,822,848,848,973,973,1009,1064,1097,-1342,-1311,-1274,-1274,-1253,-1253,-1206,-1206,-1206,-1160,-1135,-1135,-1093,-1037,-1037,-1037,-1037,-987,-939],"floor_reached":57,"language":"ENG","playtime":1786,"items_purged":["Writhe"],"score":2365,"play_id":"7e237286-1cd7-47f8-82db-69f7ce9345a1","local_time":"20210224220017","is_ascension_mode":true,"campfire_choices":[{"data":"DegradedFairy","floor":6,"key":"SMITH"},{"floor":15,"key":"DIG"},{"data":"Unlock1","floor":24,"key":"PURGE"},{"floor":32,"key":"RECALL"},{"data":"DegradedShockwave","floor":41,"key":"SMITH"},{"floor":45,"key":"DIG"},{"floor":49,"key":"DIG"},{"data":"BiXi","floor":53,"key":"SMITH"}],"circlet_count":0,"master_deck":["DegradedFairy","DegradedFairy","DegradedFairy+1","DegradedChain","DegradedChain","DegradedLock","DegradedPillar","DegradedPillar","DegradedShockwave+1","WillOfThePrescript","Rewind","BiXi+1","SomberProcuration+1","Multislash+1"],"relics":["PageOfLibrarian","DaveBox","xbg","SynthV:TestCard","LetterFromLob","Bag of Preparation","Replay:Accelerometer","Replay:Multitool","Gaze_r","LaetitiaHeart","ShedSkin_r","Happy Flower","Bottled Flame","Replay:Bandana","PatriotShield","infinitespire:Beetle Shell","Old Coin","Molten Egg 2","Divine Protection","Sundial","Bag of Marbles","HornCleat","Black Star","reliquary:Firecrackers","Juzu Bracelet","infinitespire:EmpoweringShard","reliquary:PorcupineQuills","BrkXgEgg","Mercury Hourglass","SynthV:MejaisSoulstealer","White Beast Statue","reliquary:PartyBalloon","PageOfWayBackHome","infinitespire:FocusingShard","reliquary:TatteredRug","reliquary:BoilingFlask","StoneCalendar","Letter Opener","reliquary:HotPoker"],"acts_visited":["Exordium","TheCity","TheBeyond","TheEnding"],"potions_floor_usage":[],"damage_taken":[{"damage":0,"enemies":"Small Slimes","floor":1,"turns":1},{"damage":0,"enemies":"Jaw Worm","floor":2,"turns":1},{"damage":0,"enemies":"2 Louse","floor":3,"turns":1},{"damage":0,"enemies":"Gremlin Nob","floor":7,"turns":2},{"damage":0,"enemies":"Blue Slaver","floor":8,"turns":1},{"damage":0,"enemies":"3 Sentries","floor":10,"turns":2},{"damage":0,"enemies":"3 Louse","floor":11,"turns":2},{"damage":0,"enemies":"3 Louse","floor":11,"turns":1},{"damage":0,"enemies":"3 Louse","floor":13,"turns":1},{"damage":0,"enemies":"Lagavulin","floor":14,"turns":2},{"damage":0,"enemies":"Fading Forest","floor":16,"turns":11},{"damage":0,"enemies":"Shell Parasite","floor":18,"turns":1},{"damage":0,"enemies":"Chosen","floor":19,"turns":1},{"damage":0,"enemies":"Snake Plant","floor":20,"turns":1},{"damage":0,"enemies":"Centurion and Healer","floor":21,"turns":1},{"damage":0,"enemies":"Gremlin Leader","floor":23,"turns":2},{"damage":0,"enemies":"Slavers","floor":25,"turns":1},{"damage":0,"enemies":"Book of Stabbing","floor":27,"turns":2},{"damage":0,"enemies":"Chosen and Byrds","floor":28,"turns":1},{"damage":0,"enemies":"Gremlin Leader","floor":30,"turns":1},{"damage":0,"enemies":"Sentry and Sphere","floor":31,"turns":1},{"damage":0,"enemies":"KingOfGreed","floor":33,"turns":6},{"damage":0,"enemies":"3 Darklings","floor":35,"turns":1},{"damage":4,"enemies":"3 Shapes","floor":37,"turns":1},{"damage":0,"enemies":"Maw","floor":39,"turns":1},{"damage":0,"enemies":"R_Hoarder","floor":40,"turns":2},{"damage":0,"enemies":"Writhing Mass","floor":42,"turns":1},{"damage":0,"enemies":"Nemesis","floor":44,"turns":1},{"damage":0,"enemies":"Reptomancer","floor":47,"turns":1},{"damage":0,"enemies":"4 Shapes","floor":48,"turns":1},{"damage":0,"enemies":"Donu and Deca","floor":50,"turns":1},{"damage":0,"enemies":"Donu and Deca","floor":51,"turns":3},{"damage":0,"enemies":"Shield and Spear","floor":55,"turns":1},{"damage":0,"enemies":"The Heart","floor":56,"turns":4}],"seed_played":"1797479152828668058","potions_obtained":[{"floor":1,"key":"PowerPotion"},{"floor":8,"key":"Energy Potion"},{"floor":13,"key":"Milkshake"},{"floor":18,"key":"DuplicationPotion"}],"is_trial":false,"path_per_floor":["M","M","M","?","?","R","E","M","T","E","M","$","M","E","R","B",null,"M","M","M","M","?","E","R","E","T","E","M","?","E","M","R","B",null,"M","?","M","$","M","E","R","M","T","E","R","$","E","M","R_BF","B",null,null,"R","$","E","B",null],"character_chosen":"Librarian","items_purchased":["Happy Flower","Juzu Bracelet","infinitespire:EmpoweringShard","reliquary:PorcupineQuills","BrkXgEgg","Mercury Hourglass","SynthV:MejaisSoulstealer"],"campfire_rested":0,"item_purchase_floors":[12,38,38,38,38,38,38],"current_hp_per_floor":[60,60,60,60,68,68,68,68,68,68,75,75,75,75,75,83,90,90,90,90,90,90,90,90,90,90,90,90,90,90,90,90,90,90,90,90,86,86,86,86,86,86,86,86,86,86,86,86,86,86,86,90,90,90,90,90],"gold":-939,"neow_bonus":"THREE_CARDS","is_daily":false,"chose_seed":false,"campfire_upgraded":3,"win_rate":0.0,"timestamp":1614222017,"path_taken":["M","M","M","?","?","R","E","M","T","E","M","?","M","E","R","BOSS","M","M","M","M","?","E","R","E","T","E","M","?","E","M","R","BOSS","M","?","M","$","M","E","R","M","T","E","R","?","E","M","R_BF","BOSS","R","$","E","BOSS"],"items_purchased_type":["Relic","Relic","Relic","Relic","Relic","Relic","Relic"],"build_version":"2020-12-22","purchased_purges":1,"victory":true,"max_hp_per_floor":[90,90,90,90,90,90,90,90,90,90,90,90,90,90,90,90,90,90,90,90,90,90,90,90,90,90,90,90,90,90,90,90,90,90,90,90,90,90,90,90,90,90,90,90,90,90,90,90,90,90,90,90,90,90,90,90],"card_choices":[{"not_picked":["ForTheFamily","StructuralAnalysis"],"picked":"WillOfThePrescript","floor":0},{"not_picked":["SearingSword","YoureAHindrance","StrikeDown","EnergyCycle","SmokingPipe","CumulusWall","UnavoidableGaze","Reload","Pound"],"picked":"SKIP","floor":1},{"not_picked":["Parry","StrikeDown","Diversion","AsThePrescriptOrders","MirageStorm","QuickSuppression","DarkCloud","InhaleSmoke","WillBeTasty","GuardingStance"],"picked":"Unlock1","floor":2},{"not_picked":["Parry2","SerpentSwordTechnique","Decapitation","CircusKnives","Quickness","Tailoring","FieryDragonSlash","LossOfSenses","Wallop_lor","SuppressingShot","GreatSerpentsImpact"],"picked":"SKIP","floor":3},{"not_picked":["RatsGuideToSurvival","ViolentFlame","TieShanKao","RushDown","FeatherShield","MultiHit","Fence","StrikeDown","GuidanceOfTheGears","CircusKnives","BiteOff"],"picked":"SKIP","floor":7},{"not_picked":["DestructiveImpact","SerpentSwordTechnique","RatsGuideToSurvival","Brawl","DarkCloud","RagingStormLove","HiddenBlade","PreemptiveStrike","Parry2","EnergyStrike","Rampage_lor"],"picked":"SKIP","floor":8},{"not_picked":["EnergyBeam","Unlock1","HiddenBlade","Standoff","UnavoidableGaze","RatsGuideToSurvival","Tailoring","FleetFootsteps","EnergyShield","YouOnlyLiveOnce","SturdyDefense"],"picked":"SKIP","floor":10},{"not_picked":["RatsGuideToSurvival","MultiBlock","BayonetCombat","Outburst","Quickness","HeavyPeaks","StructuralAnalysis","IngredientHunt","WillBeTasty","LossOfSenses"],"picked":"Rewind","floor":13},{"not_picked":["Outburst","AutomatedMovement","Reload","EmotionalTurbulence","YouOnlyLiveOnce","InkOver","EnergyCycle","AssaultOrder","Execute_lor","AlloutWar"],"picked":"BiXi","floor":14},{"not_picked":["HiddenBlade","QuickSuppression","Gigigig","Quickness","Track","Outburst","Leap_lor","Wallop_lor+1","VenomousFangs","Ripple"],"picked":"SomberProcuration+1","floor":18},{"not_picked":["Disposal","StrikeDown","SummaryJudgment","SpearedSweep","SnakeSlit+1","BindingArms","EndlessBattle","BackAttack+1","ViolentFlame","ConcentratedFire","Faith"],"picked":"SKIP","floor":19},{"not_picked":["GreatSerpentsImpact+1","StructuralAnalysis","Diversion","SmokingPipe+1","MultiBlock","SnakesPrey","UndertakePrescript+1","Crush","SinglePointStab+1","InkOver","EnergyConversion"],"picked":"SKIP","floor":20},{"not_picked":["UnforgettableMelody","WrathOfTorment","SharpNails","RapidGashes","DestructiveImpact","HandleRequest","CumulusWall","Diversion","IdentifyWeakpoint","AssaultOrder","Pound"],"picked":"SKIP","floor":21},{"not_picked":["NonstopAssault","Cruelty","Standoff","SharpSwipe","FlashOfSunup","QuickAttack","SinglePointStab+1","Punishment","BulkyImpact","EnergyCycle+1"],"picked":"Multislash+1","floor":23},{"not_picked":["BurningFlash+1","Transpierce+1","SpearedSweep+1","Execute_lor+1","QuickSuppression+1","Parry+1","Pound+1","InhaleSmoke","BiAn","Struggle","BizarreAttack+1"],"picked":"SKIP","floor":25},{"not_picked":["YourShield","FleetFootsteps","Clone","TendonChords+1","QuickAttack+1","Execute_lor+1","RipSpace+1","FleetEdge+1","SuanNi","Preparation+1","Disposal+1"],"picked":"SKIP","floor":27},{"not_picked":["InhaleSmoke","QuickAttack+1","Parry2","BladeWhirl+1","SharpSwipe+1","Slice_lor+1","SerpentSwordTechnique","ExtractFuel+1","WillBeTasty+1","StrongStrike+1","HiddenBlade+1"],"picked":"SKIP","floor":28},{"not_picked":["LawAndOrder+1","CookingPrep","EnergyBeam+1","AutomatedMovement","Thirst+1","MultiBlock","Unlock1+1","ElectricShock+1","Thrust+1","FleetEdge+1","ICanCookAnything+1"],"picked":"SKIP","floor":30},{"not_picked":["HandleRequest+1","FierceOnslaught+1","FieryWaltz+1","Quickness","FocusFire+1","ChiWen+1","ToWhereThePrescriptPoints","BayonetCombat+1","SetFire+1","EmotionalTurbulence+1","Multislash+1"],"picked":"SKIP","floor":31},{"not_picked":["AGoldenOpportunity+1","FleetFootsteps","Thrust+1","Parry2","HiddenBlade+1","CoordinatedAssault","DestructiveImpact+1","SmokingPipe","Multislash+1","GuardingStance","SharpSwipe+1"],"picked":"SKIP","floor":35},{"not_picked":["Rewind+1","SkitterAway+1","Punishment+1","ForcefulGesture+1","Wallop_lor+1","DarkCloud+1","GrazeTheGrass+1","PreemptiveStrike+1","HighKick+1","Standoff+1","SinglePointStab+1"],"picked":"SKIP","floor":37},{"not_picked":["GaleKick+1","Overpower+1","Marionette","SilentMist","HardRehearsal+1","AlloutWar","ToOvercomeCrisis+1","EnergyShield+1","SinglePointStab+1","MultiHit+1","Unlock1+1"],"picked":"SKIP","floor":39},{"not_picked":["GaleKick+1","RushDown+1","FierceCharge","BackstreetsDash+1","ClassAndRespect+1","EndlessBattle+1","Execute_lor+1","HiddenBlade+1","Quickness+1","Tailoring+1","EnergyShield"],"picked":"SKIP","floor":40},{"not_picked":["Multislash+1","RepressedFlesh+1","PinpointShot+1","SmokingPipe+1","GuardingStance+1","SinglePointStab+1","SearingSword+1","UpbeatPerformance+1","CoordinatedAssault","MindWhip+1","AbsorbImpact"],"picked":"SKIP","floor":42},{"not_picked":["EnergyStrike+1","FierceCharge+1","YourShield+1","SpearedSweep+1","EnergyCycle+1","ShockRound+1","ICanCookAnything+1","Diversion+1","CleanUp+1","SnakesPrey","PuppetBlockade"],"picked":"SKIP","floor":44},{"not_picked":["UnavoidableGaze+1","FleetFootsteps+1","RushDown+1","SearingSword+1","ICanCookAnything+1","BiAn","ConcentratedFire+1","Castigation+1","EndlessBattle+1","Wallop_lor+1","GrazeTheGrass+1"],"picked":"SKIP","floor":47},{"not_picked":["ScratchThat+1","SerpentSwordTechnique+1","Parry2","FrontalAssault+1","InkOver+1","BiAn+1","TheRedNotes+1","FlashingStrike+1","EndlessBattle+1","MultiBlock+1","DesperateStruggle+1"],"picked":"SKIP","floor":48},{"not_picked":["NonstopAssault+1","Multislash+1","SnakesPrey+1","ShrineToMusic+1","Thrust+1","Tailoring+1","MindPrepared+1","Crush+1","EnergyConversion+1","Eradication+1","DestructiveImpact+1"],"picked":"SKIP","floor":55}],"player_experience":170698,"relics_obtained":[{"floor":1,"key":"SynthV:TestCard"},{"floor":1,"key":"LetterFromLob"},{"floor":7,"key":"Bag of Preparation"},{"floor":9,"key":"Replay:Accelerometer"},{"floor":10,"key":"Replay:Multitool"},{"floor":14,"key":"Bottled Flame"},{"floor":15,"key":"Replay:Bandana"},{"floor":23,"key":"Old Coin"},{"floor":25,"key":"Molten Egg 2"},{"floor":26,"key":"Divine Protection"},{"floor":27,"key":"Sundial"},{"floor":30,"key":"HornCleat"},{"floor":36,"key":"reliquary:Firecrackers"},{"floor":40,"key":"White Beast Statue"},{"floor":44,"key":"reliquary:PartyBalloon"},{"floor":44,"key":"PageOfWayBackHome"},{"floor":45,"key":"infinitespire:FocusingShard"},{"floor":47,"key":"reliquary:TatteredRug"},{"floor":47,"key":"reliquary:BoilingFlask"},{"floor":49,"key":"StoneCalendar"},{"floor":55,"key":"Letter Opener"},{"floor":55,"key":"reliquary:HotPoker"}],"event_choices":[{"damage_healed":0,"gold_gain":53,"player_choice":"Gained Gold","damage_taken":0,"max_hp_gain":0,"max_hp_loss":0,"event_name":"Golden Wing","floor":4,"gold_loss":0},{"damage_healed":0,"gold_gain":0,"player_choice":"Obtained Relic","damage_taken":0,"relics_obtained":["infinitespire:Beetle Shell"],"max_hp_gain":0,"max_hp_loss":0,"event_name":"Addict","floor":22,"gold_loss":85},{"damage_healed":0,"gold_gain":0,"player_choice":"Opened","damage_taken":0,"relics_obtained":["Bag of Marbles"],"max_hp_gain":0,"max_hp_loss":0,"event_name":"The Mausoleum","floor":29,"gold_loss":0,"cards_obtained":["Writhe"]}],"is_beta":false,"boss_relics":[{"not_picked":["GreenFoldingFan","Replay:Wanted Poster"],"picked":"PatriotShield"},{"not_picked":["ExusiaiGun","NightmareShop"],"picked":"Black Star"}],"items_purged_floors":[38],"is_endless":false,"potions_floor_spawned":[1,8,11,13,14,18,19,28,30,33,40,42,44,47,48,51,55],"ascension_level":4}}