{"host":"3n5xmnb54n2y5mb4","time":1614211602,"event":{"mods":["BaseMod","Colored Map","Colored Powertips","Minty Spire (QoL Compilation)","Permanent Neow","StSLib","Unceasing Turn Reminder","everything is the same but u backflip on backflip"],"gold_per_floor":[119,119,119,132,132,132,19,19,45,45,75,2,2,14,14,89,89,101,101,117,83,100,100,100],"floor_reached":23,"language":"ENG","playtime":3036,"items_purged":["Strike_R"],"score":350,"play_id":"76392871-54a7-4ecf-9a91-b1f5eaa68912","local_time":"20210224190642","is_ascension_mode":true,"campfire_choices":[{"data":"1","floor":6,"key":"LIFT"},{"data":"2","floor":8,"key":"LIFT"},{"data":"3","floor":10,"key":"LIFT"},{"data":"Armaments","floor":15,"key":"SMITH"}],"circlet_count":0,"master_deck":["AscendersBane","Strike_R","Strike_R","Strike_R","Defend_R","Defend_R","Defend_R","Defend_R","Bash","Rampage","Battle Trance","Whirlwind","Shrug It Off","Fire Breathing","Armaments+1","Immolate","Intimidate","Decay","Shockwave","Bloodletting","Wild Strike"],"relics":["Burning Blood","Girya","Akabeko","Sundial","Black Star"],"acts_visited":["Exordium","TheCity"],"potions_floor_usage":[16,23],"damage_taken":[{"damage":4,"enemies":"2 Louse","floor":1,"turns":4},{"damage":7,"enemies":"Jaw Worm","floor":4,"turns":3},{"damage":0,"enemies":"3 Sentries","floor":11,"turns":1},{"damage":0,"enemies":"Cultist","floor":14,"turns":3},{"damage":45,"enemies":"Hexaghost","floor":16,"turns":9},{"damage":14,"enemies":"Spheric Guardian","floor":18,"turns":4},{"damage":19,"enemies":"2 Thieves","floor":20,"turns":2},{"damage":26,"enemies":"Shelled Parasite and Fungi","floor":22,"turns":4},{"damage":34,"enemies":"Slavers","floor":23,"turns":3}],"seed_played":"-3519646123150784369","potions_obtained":[{"floor":11,"key":"PowerPotion"},{"floor":14,"key":"PowerPotion"},{"floor":16,"key":"Dexterity Potion"}],"is_trial":false,"path_per_floor":["M","?","?","M","?","R","$","R","T","R","E","$","?","M","R","B",null,"M","?","M","$","M","E"],"character_chosen":"IRONCLAD","items_purchased":["Whirlwind","Fire Breathing","Bloodletting"],"campfire_rested":0,"item_purchase_floors":[7,12,21],"current_hp_per_floor":[74,74,74,73,78,78,78,78,78,78,84,84,84,85,85,46,75,67,67,54,54,34,0,0],"gold":100,"neow_bonus":"ONE_RARE_RELIC","is_daily":false,"chose_seed":false,"campfire_upgraded":1,"win_rate":0.0,"timestamp":1614211602,"path_taken":["M","?","?","M","?","R","$","R","T","R","E","?","?","M","R","BOSS","M","?","M","$","M","E"],"items_purchased_type":["Card","Card","Card"],"build_version":"2020-12-22","purchased_purges":1,"victory":false,"max_hp_per_floor":[80,80,80,80,85,85,85,85,85,85,85,85,85,85,85,85,85,85,85,85,85,85,85,85],"card_choices":[{"not_picked":["Havoc","True Grit"],"picked":"Rampage","floor":1},{"not_picked":["Sentinel","Disarm"],"picked":"Battle Trance","floor":4},{"not_picked":["Power Through","Infernal Blade"],"picked":"Shrug It Off","floor":11},{"not_picked":["Body Slam","Clash","Flex"],"picked":"SKIP","floor":14},{"not_picked":["Brutality","Bludgeon"],"picked":"Immolate","floor":16},{"not_picked":["Perfected Strike","Flex"],"picked":"Intimidate","floor":18},{"not_picked":["Armaments","Sword Boomerang"],"picked":"Shockwave","floor":20},{"not_picked":["Berserk","Headbutt"],"picked":"Wild Strike","floor":22}],"player_experience":1024161,"relics_obtained":[{"floor":9,"key":"Akabeko"},{"floor":11,"key":"Sundial"}],"event_choices":[{"damage_healed":0,"gold_gain":0,"player_choice":"Ignored","damage_taken":0,"max_hp_gain":0,"max_hp_loss":0,"event_name":"Liars Game","floor":2,"gold_loss":0},{"cards_removed":["Normality"],"damage_healed":0,"gold_gain":0,"player_choice":"Forget","damage_taken":0,"max_hp_gain":0,"max_hp_loss":0,"event_name":"Living Wall","floor":3,"gold_loss":0},{"damage_healed":0,"gold_gain":0,"player_choice":"Donut","damage_taken":0,"max_hp_gain":5,"max_hp_loss":0,"event_name":"Big Fish","floor":5,"gold_loss":0},{"damage_healed":0,"gold_gain":0,"cards_transformed":["Strike_R"],"player_choice":"Transformed","damage_taken":0,"max_hp_gain":0,"max_hp_loss":0,"event_name":"Transmorgrifier","floor":13,"gold_loss":0,"cards_obtained":["Armaments"]},{"damage_healed":0,"gold_gain":0,"player_choice":"Smashed Altar","damage_taken":0,"max_hp_gain":0,"max_hp_loss":0,"event_name":"Forgotten Altar","floor":19,"gold_loss":0,"cards_obtained":["Decay"]}],"is_beta":false,"boss_relics":[{"not_picked":["Empty Cage","Busted Crown"],"picked":"Black Star"}],"items_purged_floors":[7],"is_endless":false,"potions_floor_spawned":[11,14,16,20],"killed_by":"Slavers","ascension_level":13}}