{"host":"1e3ivg30op4goso1","time":1614218834,"event":{"mods":["AchievementEnabler","Ascension Unlocker","BaseMod","Colored Map","Minty Spire (QoL Compilation)","Permanent Neow","Quick Restart","Relic Filter","StSLib","SuperFastMode"],"gold_per_floor":[118,118,118,132,307,221,234,269,317,332,332,257,267,317,317,416,416,434,434,434,434,121,150,150,150,150,169,268,65,75,102,102,200,200,214,214,231,38,55,80,80,92,173,205,105,105,105,117,117,117,117],"floor_reached":50,"language":"ENG","playtime":1990,"items_purged":["Regret","Doubt"],"score":854,"play_id":"8d7d6fa5-43bc-4a48-8ed4-ad406c4d3230","local_time":"20210224210714","is_ascension_mode":true,"campfire_choices":[{"floor":15.0,"key":"REST"},{"data":"After Image","floor":24.0,"key":"SMITH"},{"data":"Blade Dance","floor":32.0,"key":"SMITH"},{"data":"Blade Dance","floor":41.0,"key":"SMITH"},{"data":"Dramatic Entrance","floor":46.0,"key":"SMITH"}],"circlet_count":0,"master_deck":["AscendersBane","Strike_G+1","Strike_G+1","Strike_G+1","Strike_G+1","Defend_G+1","Defend_G+1","Defend_G+1","Defend_G+1","Defend_G+1","Survivor+1","Neutralize+1","Predator+1","Swift Strike+1","Blade Dance+1","Escape Plan+1","After Image+1","CurseOfTheBell","Blade Dance+1","Swift Strike+1","Neutralize+1","Dramatic Entrance+1","Backstab+1","Writhe","CrushJoints+1","Calculated Gamble+1","Slice+1","Infinite Blades+1","Demon Form+1","Impatience+1","Clash+1","Panache+1","Parasite","Purity+1","Consecrate+1","Fasting2+1"],"relics":["WristBlade","Toy Ornithopter","Sundial","Oddly Smooth Stone","Juzu Bracelet","Bronze Scales","Calling Bell","Vajra","Ninja Scroll","Tough Bandages","PrismaticShard","Frozen Egg 2","Lantern","InkBottle","Paper Crane","Coffee Dripper","Potion Belt","Darkstone Periapt","Nunchaku","Mark of the Bloom"],"acts_visited":["Exordium","TheCity","TheBeyond"],"potions_floor_usage":[],"damage_taken":[{"damage":0.0,"enemies":"Jaw Worm","floor":1.0,"turns":4.0},{"damage":0.0,"enemies":"2 Louse","floor":4.0,"turns":2.0},{"damage":0.0,"enemies":"Cultist","floor":7.0,"turns":3.0},{"damage":43.0,"enemies":"Lagavulin","floor":8.0,"turns":8.0},{"damage":5.0,"enemies":"Large Slime","floor":10.0,"turns":5.0},{"damage":0.0,"enemies":"Blue Slaver","floor":13.0,"turns":2.0},{"damage":26.0,"enemies":"The Guardian","floor":16.0,"turns":9.0},{"damage":6.0,"enemies":"Chosen","floor":18.0,"turns":3.0},{"damage":15.0,"enemies":"Gremlin Leader","floor":23.0,"turns":6.0},{"damage":5.0,"enemies":"2 Thieves","floor":27.0,"turns":2.0},{"damage":0.0,"enemies":"Centurion and Healer","floor":30.0,"turns":3.0},{"damage":5.0,"enemies":"Book of Stabbing","floor":31.0,"turns":4.0},{"damage":21.0,"enemies":"Collector","floor":33.0,"turns":8.0},{"damage":4.0,"enemies":"Orb Walker","floor":35.0,"turns":2.0},{"damage":7.0,"enemies":"3 Darklings","floor":37.0,"turns":3.0},{"damage":9.0,"enemies":"Writhing Mass","floor":39.0,"turns":4.0},{"damage":18.0,"enemies":"Giant Head","floor":40.0,"turns":6.0},{"damage":13.0,"enemies":"4 Shapes","floor":42.0,"turns":3.0},{"damage":25.0,"enemies":"Nemesis","floor":44.0,"turns":5.0},{"damage":1.0,"enemies":"Transient","floor":48.0,"turns":5.0},{"damage":23,"enemies":"Donu and Deca","floor":50,"turns":2}],"seed_played":"1249702674812040304","potions_obtained":[{"floor":1.0,"key":"LiquidBronze"},{"floor":10.0,"key":"SkillPotion"},{"floor":13.0,"key":"LiquidMemories"},{"floor":16.0,"key":"SpeedPotion"},{"floor":18.0,"key":"Weak Potion"},{"floor":23.0,"key":"Explosive Potion"},{"floor":31.0,"key":"FairyPotion"},{"floor":37.0,"key":"BlessingOfTheForge"},{"floor":40.0,"key":"Swift Potion"},{"floor":48.0,"key":"Fire Potion"}],"is_trial":false,"path_per_floor":["M","?","?","M","?","$","M","E","T","M","?","$","M","T","R","B",null,"M","?","$","?","$","E","R","?","T","M","?","$","M","E","R","B",null,"M","$","M","$","M","E","R","M","T","E","$","R","?","M","R","B"],"character_chosen":"THE_SILENT","items_purchased":["Swift Strike","Dramatic Entrance","Backstab","PrismaticShard","Calculated Gamble","Slice","Infinite Blades+1","Panache+1"],"campfire_rested":1,"item_purchase_floors":[6,22,22,22,29,29,29,38],"current_hp_per_floor":[63,63,63,63,63,63,63,20,20,15,8,8,8,8,29,13,56,50,37,37,37,37,27,27,27,27,22,22,22,22,22,22,6,58,54,54,47,47,38,20,20,7,7,22,22,22,22,21,21,0,0],"gold":117,"neow_bonus":"BOSS_RELIC","is_daily":false,"chose_seed":false,"campfire_upgraded":4,"win_rate":0.0,"timestamp":1614218834,"path_taken":["M","?","?","M","?","?","?","E","T","M","?","$","M","?","R","BOSS","M","?","$","?","$","E","R","?","T","M","?","$","M","E","R","BOSS","M","$","M","$","M","E","R","M","T","E","$","R","?","M","R","BOSS"],"items_purchased_type":["Card","Card","Card","Relic","Card","Card","Card","Card"],"build_version":"2020-12-22","purchased_purges":2,"victory":false,"max_hp_per_floor":[70,70,70,70,70,70,70,70,70,70,70,70,70,70,70,70,70,70,75,75,75,75,75,75,75,75,75,75,75,75,75,75,75,75,75,75,75,75,75,75,75,75,75,75,75,75,75,75,75,75,75],"card_choices":[{"not_picked":["Leg Sweep","Bane","Prepared"],"picked":"SKIP","floor":1.0},{"not_picked":["Dodge and Roll","Quick Slash","Acrobatics"],"picked":"SKIP","floor":4.0},{"not_picked":["Heel Hook","Sucker Punch","Flying Knee"],"picked":"SKIP","floor":7.0},{"not_picked":["Noxious Fumes","Glass Knife"],"picked":"Blade Dance","floor":8.0},{"not_picked":["Expertise","Quick Slash"],"picked":"Escape Plan","floor":10.0},{"not_picked":["Leg Sweep","Finisher","Backflip"],"picked":"SKIP","floor":13.0},{"not_picked":["Unload","Corpse Explosion"],"picked":"After Image","floor":16.0},{"not_picked":["Deadly Poison","Sucker Punch"],"picked":"Blade Dance","floor":18.0},{"not_picked":["Quick Slash","Stack+1","Shockwave"],"picked":"SKIP","floor":23.0},{"not_picked":["DeceiveReality","White Noise"],"picked":"CrushJoints+1","floor":27.0},{"not_picked":["Sword Boomerang","CutThroughFate","FollowUp"],"picked":"SKIP","floor":30.0},{"not_picked":["Crippling Poison","Sweeping Beam","Shrug It Off"],"picked":"SKIP","floor":31.0},{"not_picked":["Alpha","Transmutation"],"picked":"Demon Form+1","floor":33.0},{"not_picked":["FollowUp+1","SashWhip"],"picked":"Impatience+1","floor":35.0},{"not_picked":["CutThroughFate+1","Stack+1"],"picked":"Clash+1","floor":37.0},{"not_picked":["Iron Wave+1","Clash+1"],"picked":"Purity+1","floor":39.0},{"not_picked":["Dodge and Roll+1","Carnage+1","EmptyFist"],"picked":"SKIP","floor":40.0},{"not_picked":["Bludgeon","Iron Wave","Clash+1"],"picked":"SKIP","floor":42.0},{"not_picked":["SashWhip+1","Amplify"],"picked":"Consecrate+1","floor":44.0},{"not_picked":["Catalyst+1","Sword Boomerang+1"],"picked":"Fasting2+1","floor":48.0}],"player_experience":28973,"relics_obtained":[{"floor":8.0,"key":"Sundial"},{"floor":9.0,"key":"Oddly Smooth Stone"},{"floor":14.0,"key":"Bronze Scales"},{"floor":17.0,"key":"Vajra"},{"floor":17.0,"key":"Ninja Scroll"},{"floor":17.0,"key":"Tough Bandages"},{"floor":23.0,"key":"Frozen Egg 2"},{"floor":26.0,"key":"InkBottle"},{"floor":31.0,"key":"Paper Crane"},{"floor":40.0,"key":"Potion Belt"},{"floor":43.0,"key":"Darkstone Periapt"},{"floor":44.0,"key":"Nunchaku"}],"event_choices":[{"damage_healed":0.0,"max_hp_gain":0.0,"max_hp_loss":0.0,"gold_gain":0.0,"event_name":"Big Fish","player_choice":"Box","floor":2.0,"gold_loss":0.0,"damage_taken":0.0,"relics_obtained":["Toy Ornithopter"],"cards_obtained":["Regret"]},{"damage_healed":0.0,"max_hp_gain":0.0,"max_hp_loss":0.0,"gold_gain":0.0,"cards_transformed":["Strike_G"],"event_name":"Living Wall","player_choice":"Change","floor":3.0,"gold_loss":0.0,"damage_taken":0.0,"cards_obtained":["Predator"]},{"damage_healed":0.0,"max_hp_gain":0.0,"max_hp_loss":0.0,"gold_gain":175.0,"event_name":"Liars Game","player_choice":"AGREE","floor":5.0,"gold_loss":0.0,"damage_taken":0.0,"cards_obtained":["Doubt"]},{"damage_healed":0.0,"max_hp_gain":0.0,"max_hp_loss":0.0,"gold_gain":0.0,"event_name":"Scrap Ooze","player_choice":"Success","floor":11.0,"gold_loss":0.0,"damage_taken":7.0,"relics_obtained":["Juzu Bracelet"]},{"damage_healed":0.0,"max_hp_gain":5.0,"max_hp_loss":0.0,"gold_gain":0.0,"event_name":"Forgotten Altar","player_choice":"Shed Blood","floor":19.0,"gold_loss":0.0,"damage_taken":18.0},{"damage_healed":0.0,"max_hp_gain":0.0,"max_hp_loss":0.0,"gold_gain":0.0,"event_name":"Match and Keep!","player_choice":"2 cards matched","floor":21.0,"gold_loss":0.0,"damage_taken":0.0,"cards_obtained":["Swift Strike","Neutralize"]},{"damage_healed":0.0,"max_hp_gain":0.0,"max_hp_loss":0.0,"gold_gain":0.0,"event_name":"The Mausoleum","player_choice":"Opened","floor":25.0,"gold_loss":0.0,"damage_taken":0.0,"relics_obtained":["Lantern"],"cards_obtained":["Writhe"]},{"damage_healed":0.0,"max_hp_gain":0.0,"max_hp_loss":0.0,"gold_gain":99.0,"event_name":"Nest","player_choice":"Stole From Cult","floor":28.0,"gold_loss":0.0,"damage_taken":0.0},{"damage_healed":0.0,"max_hp_gain":0.0,"max_hp_loss":0.0,"gold_gain":0.0,"event_name":"MindBloom","player_choice":"Upgrade","floor":47.0,"gold_loss":0.0,"damage_taken":0.0,"cards_upgraded":["Strike_G","Strike_G","Strike_G","Strike_G","Defend_G","Defend_G","Defend_G","Defend_G","Defend_G","Survivor","Neutralize","Predator","Swift Strike","Escape Plan","Swift Strike","Neutralize","Backstab","Calculated Gamble","Slice"],"relics_obtained":["Mark of the Bloom"]}],"is_beta":false,"boss_relics":[{"not_picked":["Astrolabe","SlaversCollar"],"picked":"Calling Bell"},{"not_picked":["Busted Crown","Fusion Hammer"],"picked":"Coffee Dripper"}],"items_purged_floors":[12,45],"is_endless":false,"potions_floor_spawned":[1,10,13,16,18,23,30,31,37,40,48],"killed_by":"Donu and Deca","ascension_level":10}}