{"host":"zdx3mk58qfaqn5dx","time":1614294154,"event":{"mods":["BaseMod","Bestiary","Better Third Choice","Colored Map","Colored Powertips","Dark Map","Downfall","Hermit","Highlight Path","Minty Spire (QoL Compilation)","Practice Mode","Quick Restart","Relic Stats","StSLib","SuperFastMode"],"gold_per_floor":[111,36,36,36,56,56,91,114,114,114,154,154,154,193,193,318,318,332,355,380,305,305,305,184,184,211,230,230,126,146,164,164,287,287,301,301,301],"floor_reached":36,"language":"ENG","playtime":2122,"items_purged":["Injury"],"score":478,"play_id":"ff103fd9-673c-4180-a45d-ae619ca34848","local_time":"20210226000234","is_ascension_mode":true,"campfire_choices":[{"data":"Study","floor":6,"key":"SMITH"},{"data":"LikeWater","floor":10,"key":"SMITH"},{"data":"Meditate","floor":12,"key":"SMITH"},{"floor":15,"key":"REST"},{"floor":23,"key":"REST"},{"floor":25,"key":"REST"},{"floor":32,"key":"DIG"}],"circlet_count":0,"master_deck":["Vigilance","PathToVictory","Study+1","Meditate+1","Consecrate","LikeWater+1","Nirvana+1","LessonLearned","Judgement","Wireheading+1","JustLucky","Halt","Nirvana+1","PathToVictory","ThirdEye","CutThroughFate","ThirdEye","JustLucky","ConjureBlade+1","Prostrate+1"],"relics":["PureWater","NeowsBlessing","Golden Idol","Sundial","Ornamental Fan","Shovel","HornCleat","Lizard Tail","Astrolabe","Bag of Marbles","Toxic Egg 2","SlaversCollar"],"acts_visited":["Exordium","TheCity","TheBeyond"],"potions_floor_usage":[11,11,19,33,35],"damage_taken":[{"damage":0,"enemies":"2 Louse","floor":1,"turns":1},{"damage":0,"enemies":"Jaw Worm","floor":5,"turns":1},{"damage":0,"enemies":"Lagavulin","floor":7,"turns":1},{"damage":2,"enemies":"Small Slimes","floor":8,"turns":3},{"damage":26,"enemies":"Gremlin Nob","floor":11,"turns":5},{"damage":13,"enemies":"3 Sentries","floor":14,"turns":12},{"damage":40,"enemies":"Hexaghost","floor":16,"turns":13},{"damage":1,"enemies":"Chosen","floor":18,"turns":8},{"damage":32,"enemies":"2 Thieves","floor":19,"turns":4},{"damage":26,"enemies":"Sentry and Sphere","floor":20,"turns":4},{"damage":0,"enemies":"3 Cultists","floor":27,"turns":5},{"damage":4,"enemies":"Snake Plant","floor":30,"turns":4},{"damage":5,"enemies":"Sentry and Sphere","floor":31,"turns":4},{"damage":0,"enemies":"Champ","floor":33,"turns":11},{"damage":36,"enemies":"3 Shapes","floor":35,"turns":5},{"damage":78,"enemies":"2 Orb Walkers","floor":36,"turns":9}],"seed_played":"2192544915997205558","potions_obtained":[{"floor":1,"key":"Strength Potion"},{"floor":7,"key":"Block Potion"},{"floor":11,"key":"Energy Potion"},{"floor":18,"key":"Fire Potion"},{"floor":20,"key":"Dexterity Potion"},{"floor":27,"key":"SteroidPotion"}],"is_trial":false,"path_per_floor":["M","$","?","?","M","R","E","M","T","R","E","R","T","E","R","B",null,"M","M","M","?","?","R","$","R","T","M","?","$","M","M","R","B",null,"M","?"],"character_chosen":"WATCHER","items_purchased":["Study","PathToVictory","ThirdEye","CutThroughFate"],"campfire_rested":3,"item_purchase_floors":[2,24,29,29],"current_hp_per_floor":[72,72,72,72,72,72,72,70,70,70,44,44,44,31,52,12,72,71,39,13,13,13,34,34,55,55,55,55,55,51,46,46,46,72,36,0,0],"gold":301,"neow_bonus":"THREE_ENEMY_KILL","is_daily":false,"chose_seed":false,"campfire_upgraded":3,"win_rate":0.0,"timestamp":1614294154,"path_taken":["M","$","?","?","M","R","E","M","T","R","E","R","?","E","R","BOSS","M","M","M","?","?","R","$","R","T","M","?","$","?","M","R","BOSS","M","?"],"items_purchased_type":["Card","Card","Card","Card"],"build_version":"2020-12-22","purchased_purges":1,"victory":false,"max_hp_per_floor":[72,72,72,72,72,72,72,72,72,72,72,72,72,72,72,72,72,72,72,72,72,72,72,72,72,72,72,72,72,72,72,72,72,72,72,72,72],"relic_stats":{"Lizard Tail":36,"Shovel":1,"counters":[16,90],"Golden Idol":121,"Sundial":[16],"Ornamental Fan":[32],"Astrolabe":["Tantrum","Wireheading","MentalFortress"],"obtain_stats":[{"SlaversCollar":34,"Lizard Tail":14,"Shovel":11,"HornCleat":13,"NeowsBlessing":0,"Golden Idol":4,"Sundial":7,"Ornamental Fan":9,"Astrolabe":17,"Bag of Marbles":26,"PureWater":0,"Toxic Egg 2":32},{"SlaversCollar":14,"Lizard Tail":6,"Shovel":5,"HornCleat":5,"NeowsBlessing":0,"Golden Idol":1,"Sundial":3,"Ornamental Fan":4,"Astrolabe":7,"Bag of Marbles":10,"PureWater":0,"Toxic Egg 2":13},{"SlaversCollar":76,"Lizard Tail":23,"Shovel":11,"HornCleat":11,"NeowsBlessing":0,"Golden Idol":1,"Sundial":3,"Ornamental Fan":6,"Astrolabe":36,"Bag of Marbles":52,"PureWater":0,"Toxic Egg 2":65}]},"card_choices":[{"not_picked":["CrushJoints","Adaptation"],"picked":"PathToVictory","floor":1},{"not_picked":["BattleHymn","EmptyBody"],"picked":"Meditate","floor":5},{"not_picked":["SashWhip","Crescendo"],"picked":"Consecrate","floor":7},{"not_picked":["SignatureMove","Prostrate"],"picked":"LikeWater","floor":8},{"not_picked":["JustLucky","Evaluate"],"picked":"Nirvana","floor":11},{"not_picked":["CrushJoints","Adaptation"],"picked":"LessonLearned","floor":14},{"not_picked":["Blasphemy","Ragnarok"],"picked":"Judgement","floor":16},{"not_picked":["FlyingSleeves","Crescendo","Evaluate"],"picked":"SKIP","floor":18},{"not_picked":["BattleHymn","WheelKick","EmptyBody+1"],"picked":"SKIP","floor":19},{"not_picked":["BowlingBash","CrushJoints"],"picked":"JustLucky","floor":20},{"not_picked":["WindmillStrike","Collect","WheelKick"],"picked":"SKIP","floor":27},{"not_picked":["FlurryOfBlows","Wallop"],"picked":"ThirdEye","floor":30},{"not_picked":["BowlingBash","Conclude"],"picked":"JustLucky","floor":31},{"not_picked":["Wish+1","Alpha+1"],"picked":"ConjureBlade+1","floor":33},{"not_picked":["CarveReality","SandsOfTime"],"picked":"Prostrate+1","floor":35}],"player_experience":213261,"relics_obtained":[{"floor":7,"key":"Sundial"},{"floor":9,"key":"Ornamental Fan"},{"floor":11,"key":"Shovel"},{"floor":13,"key":"HornCleat"},{"floor":14,"key":"Lizard Tail"},{"floor":26,"key":"Bag of Marbles"},{"floor":32,"key":"Toxic Egg 2"}],"event_choices":[{"damage_healed":0,"gold_gain":0,"player_choice":"Leave","damage_taken":0,"max_hp_gain":0,"max_hp_loss":0,"event_name":"The Cleric","floor":3,"gold_loss":0},{"damage_healed":0,"gold_gain":0,"player_choice":"Take Wound","damage_taken":0,"relics_obtained":["Golden Idol"],"max_hp_gain":0,"max_hp_loss":0,"event_name":"Golden Idol","floor":4,"gold_loss":0,"cards_obtained":["Injury"]},{"cards_removed":["Tantrum"],"damage_healed":0,"gold_gain":0,"player_choice":"Gave Gold","damage_taken":0,"max_hp_gain":0,"max_hp_loss":0,"event_name":"Beggar","floor":21,"gold_loss":75},{"damage_healed":0,"gold_gain":0,"cards_transformed":["MentalFortress","Strike_P"],"player_choice":"Became Test Subject","damage_taken":0,"max_hp_gain":0,"max_hp_loss":0,"event_name":"Drug Dealer","floor":22,"gold_loss":0,"cards_obtained":["Halt","Nirvana"]},{"damage_healed":0,"gold_gain":0,"player_choice":"Materialism","damage_taken":0,"max_hp_gain":0,"max_hp_loss":5,"event_name":"betterThird:BetterWriting","floor":28,"gold_loss":0},{"damage_healed":0,"gold_gain":0,"player_choice":"Fight","damage_taken":0,"max_hp_gain":0,"max_hp_loss":0,"event_name":"Mysterious Sphere","floor":36,"gold_loss":0}],"is_beta":false,"boss_relics":[{"not_picked":["Busted Crown","Snecko Eye"],"picked":"Astrolabe"},{"not_picked":["bronze:MakeshiftBattery","Runic Pyramid"],"picked":"SlaversCollar"}],"items_purged_floors":[24],"is_endless":false,"potions_floor_spawned":[1,7,11,18,20,27],"killed_by":"2 Orb Walkers","ascension_level":1}}