{"host":"c97twqu0op5dg8i4","time":1614286334,"event":{"mods":["AchievementEnabler","BaseMod","Colored Map","Minty Spire (QoL Compilation)","Permanent Neow"],"gold_per_floor":[117,117,117,45,65,65,91,91,161,188,188,199,45,71,71,71,168,168,182,194,9,9,27,27,54,54,54,68,18,46,77,105,117,129,141,141],"floor_reached":35,"language":"ENG","playtime":931,"items_purged":["Strike_B","Dualcast"],"score":501,"play_id":"2241ecf0-9d2b-4aae-9b8f-4ab81eddb93d","local_time":"20210225155214","is_ascension_mode":true,"campfire_choices":[{"data":"Hyperbeam","floor":6.0,"key":"SMITH"},{"floor":8.0,"key":"REST"},{"floor":15.0,"key":"REST"},{"data":"Core Surge","floor":16.0,"key":"SMITH"},{"floor":24.0,"key":"REST"},{"data":"Double Energy","floor":26.0,"key":"SMITH"},{"floor":33,"key":"REST"},{"floor":34,"key":"REST"}],"circlet_count":0,"master_deck":["AscendersBane","Strike_B","Strike_B","Defend_B","Defend_B+1","Defend_B+1","Defend_B+1","Zap","Hyperbeam+1","FTL+1","Meteor Strike","Sweeping Beam","Leap","Rebound","Gash","Core Surge+1","Buffer","Gash","Biased Cognition","Double Energy+1","Double Energy","Gash"],"relics":["Cracked Core","Toy Ornithopter","HornCleat","Strawberry","War Paint","Smiling Mask","Runic Pyramid","Boot","Frozen Egg 2","MawBank"],"acts_visited":["Exordium","TheCity"],"potions_floor_usage":[30],"damage_taken":[{"damage":2.0,"enemies":"Jaw Worm","floor":1.0,"turns":2.0},{"damage":2.0,"enemies":"2 Louse","floor":5.0,"turns":2.0},{"damage":32.0,"enemies":"Gremlin Nob","floor":7.0,"turns":4.0},{"damage":12.0,"enemies":"Lagavulin","floor":10.0,"turns":6.0},{"damage":0.0,"enemies":"Small Slimes","floor":12.0,"turns":2.0},{"damage":4.0,"enemies":"3 Sentries","floor":14.0,"turns":3.0},{"damage":39.0,"enemies":"Hexaghost","floor":17.0,"turns":11.0},{"damage":14.0,"enemies":"2 Thieves","floor":19.0,"turns":4.0},{"damage":6.0,"enemies":"Shell Parasite","floor":20.0,"turns":5.0},{"damage":21.0,"enemies":"Shelled Parasite and Fungi","floor":23.0,"turns":5.0},{"damage":19.0,"enemies":"Slavers","floor":25.0,"turns":4.0},{"damage":8.0,"enemies":"Snake Plant","floor":28.0,"turns":4.0},{"damage":15,"enemies":"Book of Stabbing","floor":30,"turns":5},{"damage":7,"enemies":"Centurion and Healer","floor":31,"turns":3},{"damage":0,"enemies":"Cultist and Chosen","floor":32,"turns":6},{"damage":74,"enemies":"Champ","floor":35,"turns":9}],"seed_played":"-1690345162338654689","potions_obtained":[{"floor":1.0,"key":"Dexterity Potion"},{"floor":10.0,"key":"Regen Potion"},{"floor":23.0,"key":"EssenceOfSteel"},{"floor":28.0,"key":"BlessingOfTheForge"}],"is_trial":false,"path_per_floor":["M","?","?","$","M","R","E","R","T","E","?","M","$","E","R","R","B",null,"M","M","$","?","M","R","E","R","T","M","$","E","M","M","R","R","B"],"character_chosen":"DEFECT","items_purchased":["Meteor Strike","War Paint","Biased Cognition"],"campfire_rested":5,"item_purchase_floors":[4,13,21],"current_hp_per_floor":[66,52,52,52,50,50,18,38,38,33,38,38,38,34,58,58,39,70,56,50,50,50,29,53,44,44,44,36,36,26,19,19,43,67,0,0],"gold":141,"neow_bonus":"THREE_RARE_CARDS","is_daily":false,"chose_seed":false,"campfire_upgraded":3,"win_rate":0.0,"timestamp":1614286334,"path_taken":["M","?","?","$","M","R","E","R","T","E","?","M","?","E","R","R","BOSS","M","M","$","?","?","R","E","R","T","M","$","E","M","M","R","R","BOSS"],"items_purchased_type":["Card","Relic","Card"],"build_version":"2020-12-22","purchased_purges":2,"victory":false,"max_hp_per_floor":[68,68,68,68,68,68,68,68,68,75,80,80,80,80,80,80,80,80,80,80,80,80,80,80,80,80,80,80,80,80,80,80,80,80,80,80],"card_choices":[{"not_picked":["Reboot","Biased Cognition"],"picked":"Hyperbeam","floor":0.0},{"not_picked":["Capacitor","Heatsinks"],"picked":"FTL","floor":1.0},{"not_picked":["Steam","Redo"],"picked":"Sweeping Beam","floor":5.0},{"not_picked":["White Noise","Ball Lightning"],"picked":"Leap","floor":7.0},{"not_picked":["Cold Snap","Compile Driver"],"picked":"Rebound","floor":10.0},{"not_picked":["Rip and Tear","Streamline"],"picked":"Gash","floor":12.0},{"not_picked":["Beam Cell","FTL"],"picked":"Core Surge","floor":14.0},{"not_picked":["Multi-Cast","Fission"],"picked":"Buffer","floor":17.0},{"not_picked":["Ball Lightning","Coolheaded"],"picked":"Gash","floor":19.0},{"not_picked":["Undo+1","Rebound","Coolheaded+1"],"picked":"SKIP","floor":20.0},{"not_picked":["Coolheaded","Creative AI","Steam+1"],"picked":"SKIP","floor":23.0},{"not_picked":["Cold Snap","Streamline"],"picked":"Double Energy","floor":25.0},{"not_picked":["Leap","Reinforced Body","Stack"],"picked":"SKIP","floor":28.0},{"not_picked":["Storm+1","FTL","Ball Lightning"],"picked":"SKIP","floor":30},{"not_picked":["Steam+1","Coolheaded"],"picked":"Double Energy","floor":31},{"not_picked":["Scrape","Fusion"],"picked":"Gash","floor":32}],"player_experience":422197,"relics_obtained":[{"floor":7.0,"key":"Toy Ornithopter"},{"floor":9.0,"key":"HornCleat"},{"floor":10.0,"key":"Strawberry"},{"floor":14.0,"key":"Smiling Mask"},{"floor":25.0,"key":"Boot"},{"floor":27.0,"key":"Frozen Egg 2"},{"floor":30,"key":"MawBank"}],"event_choices":[{"damage_healed":0.0,"max_hp_gain":0.0,"max_hp_loss":0.0,"gold_gain":0.0,"event_name":"Shining Light","player_choice":"Entered Light","floor":2.0,"gold_loss":0.0,"damage_taken":14.0,"cards_upgraded":["FTL","Defend_B"]},{"damage_healed":0.0,"max_hp_gain":0.0,"max_hp_loss":0.0,"gold_gain":0.0,"event_name":"The Cleric","player_choice":"Leave","floor":3.0,"gold_loss":0.0,"damage_taken":0.0},{"damage_healed":0.0,"max_hp_gain":5.0,"max_hp_loss":0.0,"gold_gain":0.0,"event_name":"Big Fish","player_choice":"Donut","floor":11.0,"gold_loss":0.0,"damage_taken":0.0},{"cards_removed":["Strike_B"],"damage_healed":0.0,"max_hp_gain":0.0,"max_hp_loss":0.0,"gold_gain":0.0,"event_name":"Purifier","player_choice":"Purged","floor":22.0,"gold_loss":0.0,"damage_taken":0.0}],"is_beta":false,"boss_relics":[{"not_picked":["Runic Dome","Sozu"],"picked":"Runic Pyramid"}],"items_purged_floors":[21,29],"is_endless":false,"potions_floor_spawned":[1,10,14,23,28],"killed_by":"Champ","ascension_level":12}}