{"host":"rwiy0nr47d6nmxat","time":1614271167,"event":{"mods":["2.2 Compatiblity","AchievementEnabler","Act Like it!","Aspiration","BaseMod","Better Note","Better Sensory Stone","Block Reminder","Challenge The Spire","Clawfect","Colored Map","Colored Powertips","Conspire","Curses Come First","Elementarium","Highlight Path","Hubris","Infinite Spire","Mad Scientist","Minty Spire (QoL Compilation)","Permanent Neow","Quick Restart","Rare Cards Sparkle","Reliquary","Replay The Spire","Ruina","Spire Arcade","StSLib","SuperFastMode","The Cursed","TheFirefly","slay the spire mod where everything is the same but ironclad has a cowboy hat"],"gold_per_floor":[116,116,133,41,54,85,85,111,111,136,156,168,24,24,24,129,129,141,153,153,153,169,169,169],"floor_reached":23,"language":"ENG","playtime":850,"items_purged":[],"score":324,"play_id":"27644906-178d-47a3-9e4f-b9cab48226c2","local_time":"20210225113927","is_ascension_mode":true,"campfire_choices":[{"floor":7,"key":"REST"},{"floor":15,"key":"REST"}],"circlet_count":0,"master_deck":["Gash","Gash+1","Gash","Gash","Gash+1","Defend_B","Defend_B","Defend_B","Defend_B","Defend_B+1","Loop","FTL","Clawfect:Clawrage","Double Energy+1","Clawfect:Clawrage","Gash","Clawfect:Clawrage","FTL","Anger","Clawfect:Clawrage","ReplayRNGCard","Writhe","Zap","Electrodynamics","Enlightenment","infinitespire:Punishment","FTL","Gash","infinitespire:NeuralNetwork","Redo+1"],"relics":["Clawfect:DRClaw","aspiration:Nostalgia","Iron Core","Gremlin Food","aspiration:DSix","hubris:GlazedTorus","Mercury Hourglass","hubris:HerbalPaste","ReplayTheSpireMod:SealedPack","Dream Catcher"],"acts_visited":["Exordium","TheCity"],"potions_floor_usage":[6,10,11,18],"damage_taken":[{"damage":16,"enemies":"2 Louse","floor":1,"turns":3},{"damage":4,"enemies":"Small Slimes","floor":3,"turns":3},{"damage":8,"enemies":"conspire:RoseBush","floor":5,"turns":3},{"damage":11,"enemies":"Gremlin Nob","floor":6,"turns":3},{"damage":20,"enemies":"3 Sentries","floor":8,"turns":6},{"damage":16,"enemies":"Lagavulin","floor":10,"turns":4},{"damage":0,"enemies":"Looter","floor":11,"turns":2},{"damage":4,"enemies":"2 Fungi Beasts","floor":12,"turns":3},{"damage":0,"enemies":"Slime Boss","floor":16,"turns":4},{"damage":38,"enemies":"2 Thieves","floor":18,"turns":4},{"damage":18,"enemies":"Shell Parasite","floor":19,"turns":3},{"damage":30,"enemies":"Snecko","floor":22,"turns":5},{"damage":23,"enemies":"Replay:Snechameleon","floor":23,"turns":4}],"seed_played":"-5087300208859085958","potions_obtained":[{"floor":3,"key":"FocusPotion"},{"floor":6,"key":"infinitespire:BlackPotion"},{"floor":10,"key":"Adrenaline Potion"},{"floor":11,"key":"conspire:TimeTravelPotion"}],"is_trial":false,"path_per_floor":["M","?","M","$","M","E","R","E","T","E","M","M","$","?","R","B",null,"M","M","?","AVR","M","E"],"character_chosen":"DEFECT","items_purchased":["Clawfect:Clawrage","Double Energy","hubris:HerbalPaste"],"campfire_rested":2,"item_purchase_floors":[4,4,13],"current_hp_per_floor":[59,44,40,40,32,21,43,23,23,7,7,3,3,25,47,53,75,52,39,39,39,15,0,0],"gold":169,"neow_bonus":"NOSTALGIA","is_daily":false,"chose_seed":false,"campfire_upgraded":0,"win_rate":0.0,"timestamp":1614271167,"path_taken":["M","?","M","$","M","E","R","E","T","E","M","M","$","?","R","BOSS","M","M","?","AVR","M","E"],"items_purchased_type":["Card","Card","Relic"],"build_version":"2020-12-22","purchased_purges":0,"victory":false,"max_hp_per_floor":[75,75,75,75,75,75,75,75,75,75,75,75,75,75,75,75,75,75,75,75,75,75,75,75],"card_choices":[{"not_picked":["Skim","Reprogram"],"picked":"Loop","floor":1},{"not_picked":["Self Repair","Rebound"],"picked":"FTL","floor":3},{"not_picked":["Tempest","Clash"],"picked":"Clawfect:Clawrage","floor":5},{"not_picked":["Clawfect:ClawAndGloom","Auto Shields"],"picked":"Gash","floor":6},{"not_picked":["ReplayGash","Aggregate"],"picked":"Clawfect:Clawrage","floor":8},{"not_picked":["Conserve Battery","Inflame"],"picked":"FTL","floor":10},{"not_picked":["Clawfect:ClawSnap","Stack"],"picked":"Anger","floor":11},{"not_picked":["Rip and Tear","Recycle"],"picked":"Clawfect:Clawrage","floor":12},{"not_picked":["Barricade","Juggernaut"],"picked":"ReplayRNGCard","floor":16},{"not_picked":["m_Survivalism","TheCursedMod:CursedWand"],"picked":"Zap","floor":17},{"not_picked":["Meteor Strike","hubris:SpecializedCircuitry"],"picked":"Electrodynamics","floor":17},{"not_picked":["Madness","hubris:Ssssneak"],"picked":"Enlightenment","floor":17},{"not_picked":["Replay:Fractal Strike","ReplayTheSpireMod:Echoes of Time"],"picked":"infinitespire:Punishment","floor":17},{"not_picked":["ReplayTheSpireMod:Calculation Training+1","Blizzard"],"picked":"FTL","floor":18},{"not_picked":["Panic Button","Clawfect:ScrapingClaw"],"picked":"Gash","floor":19},{"not_picked":["ReplaySort","ReplaySolidLightProjector"],"picked":"Redo+1","floor":22}],"player_experience":76492,"relics_obtained":[{"floor":6,"key":"Gremlin Food"},{"floor":8,"key":"aspiration:DSix"},{"floor":9,"key":"hubris:GlazedTorus"},{"floor":10,"key":"Mercury Hourglass"}],"event_choices":[{"damage_healed":0,"gold_gain":0,"player_choice":"Entered Light","damage_taken":15,"max_hp_gain":0,"max_hp_loss":0,"event_name":"Shining Light","floor":2,"gold_loss":0,"cards_upgraded":["Gash","Gash"]},{"damage_healed":0,"gold_gain":0,"player_choice":"Leave","damage_taken":0,"max_hp_gain":0,"max_hp_loss":0,"event_name":"conspire:Investor","floor":20,"gold_loss":0}],"is_beta":false,"boss_relics":[{"not_picked":["aspiration:WatcherSkillbook","aspiration:SilentSkillbook"],"picked":"ReplayTheSpireMod:SealedPack"}],"items_purged_floors":[],"is_endless":false,"potions_floor_spawned":[3,6,10,11],"killed_by":"Replay:Snechameleon","ascension_level":1}}