{"host":"4333ugbd3tcpphs5","time":1614293040,"event":{"mods":["Act Like it!","Aspiration","Astrologer","Bard","BaseMod","Beaked The Cultist","Bestiary","BetterRewards","Block Reminder","Bossed Relics","Colored Map","Colored Powertips","Conspire","Curses Come First","Disable Question Mark Monsters","Energized Spire","Glutton Mod","Halation","Hermit","Hubris","Infinite Spire","Keyboard Shortcuts","Marisa????????","Minty Spire (QoL Compilation)","Prisma Mod","Quick Restart","Rare Cards Sparkle","Replay The Spire","Spicy Shops","StSLib","SuperFastMode","Synergy Search","The Cursed","The Necromancer","The Sage","Transform Curses","Treasure Hunter"],"gold_per_floor":[118,135,135,135,146,146,163,163,163,163,6,19,52,72,72,170,170,187,187,187,207,207,207],"floor_reached":22,"language":"ENG","playtime":745,"items_purged":[],"score":186,"play_id":"a5197982-9598-410f-9281-2d9ea9f45b39","local_time":"20210225174400","is_ascension_mode":false,"campfire_choices":[{"data":"astrologer:Quincunx","floor":6,"key":"SMITH"},{"data":"astrologer:NorthStar","floor":8,"key":"SMITH"},{"data":"astrologer:Novile","floor":10,"key":"SMITH"},{"floor":15,"key":"REST"}],"circlet_count":0,"master_deck":["astrologer:Strike","astrologer:Strike","astrologer:Strike","astrologer:Strike","astrologer:Defend","astrologer:Defend","astrologer:Defend","astrologer:Defend","astrologer:NorthStar+1","astrologer:TheFool","astrologer:TheSun+1","astrologer:MeteorShower+1","astrologer:Novile+1","astrologer:Quincunx+1","astrologer:FrozenStar","TH:CopperCoins+1","astrologer:Prismatic","astrologer:FrozenStar","TH:ElvenBoots","astrologer:Opposition","TH:TreasureMap","astrologer:TheChariot","astrologer:StarOfCourage","astrologer:Cataclysm","astrologer:TheSun+1"],"relics":["astrologer:SkyMirror","hubris:BottledRain","Guide Book","Bronze Scales","conspire:RoyalGoblet"],"acts_visited":["Exordium","TheCity"],"potions_floor_usage":[],"damage_taken":[{"damage":2,"enemies":"Jaw Worm","floor":1,"turns":3},{"damage":0,"enemies":"2 Louse","floor":2,"turns":2},{"damage":6,"enemies":"Cultist","floor":5,"turns":3},{"damage":0,"enemies":"Large Slime","floor":7,"turns":4},{"damage":0,"enemies":"Looter","floor":12,"turns":4},{"damage":42,"enemies":"Lagavulin","floor":13,"turns":8},{"damage":0,"enemies":"2 Fungi Beasts","floor":14,"turns":3},{"damage":31,"enemies":"Slime Boss","floor":16,"turns":12},{"damage":50,"enemies":"2 Thieves","floor":18,"turns":5},{"damage":7,"enemies":"3 Byrds","floor":21,"turns":3},{"damage":18,"enemies":"Sentry and Sphere","floor":22,"turns":3}],"seed_played":"5639434217461409968","potions_obtained":[{"floor":1,"key":"Milkshake"},{"floor":7,"key":"CultistPotion"},{"floor":12,"key":"Explosive Potion"},{"floor":16,"key":"LifebloodPotion"}],"is_trial":false,"path_per_floor":["M","M","?","?","M","R","M","R","T","R","$","M","E","M","R","B",null,"M","?","?","M","M"],"character_chosen":"ASTROLOGER","items_purchased":["Guide Book"],"campfire_rested":1,"item_purchase_floors":[11],"current_hp_per_floor":[68,68,68,73,67,67,67,67,67,67,67,67,25,25,47,16,75,25,25,25,18,0,0],"gold":207,"neow_bonus":"ONE_RANDOM_RARE_CARD","is_daily":false,"chose_seed":false,"campfire_upgraded":3,"win_rate":0.0,"timestamp":1614293040,"path_taken":["M","M","?","?","M","R","M","R","T","R","$","M","E","M","R","BOSS","M","?","?","?","M"],"items_purchased_type":["Relic"],"build_version":"2020-12-22","purchased_purges":0,"victory":false,"max_hp_per_floor":[70,70,70,75,75,75,75,75,75,75,75,75,75,75,75,75,75,75,75,75,75,75,75],"card_choices":[{"not_picked":["astrologer:Opposition","astrologer:Stardust"],"picked":"astrologer:MeteorShower","floor":1},{"not_picked":["astrologer:Stardust","astrologer:FrozenStar"],"picked":"astrologer:Novile","floor":2},{"not_picked":["astrologer:FadingStar","astrologer:Stardust"],"picked":"astrologer:Quincunx","floor":5},{"not_picked":["astrologer:SpaceDust","astrologer:TheHermit"],"picked":"astrologer:FrozenStar","floor":7},{"not_picked":["TH:CopperCoins","TH:ArmorSpikes"],"picked":"SKIP","floor":9},{"not_picked":["TH:ArmorSpikes"],"picked":"TH:CopperCoins","floor":9},{"not_picked":["astrologer:Stardust","astrologer:Eclipse"],"picked":"astrologer:Prismatic","floor":12},{"not_picked":["astrologer:CometStrike","astrologer:StarOfMisfortune"],"picked":"astrologer:FrozenStar","floor":13},{"not_picked":["TH:TreasureMap"],"picked":"TH:ElvenBoots","floor":13},{"not_picked":["astrologer:GlassStar","astrologer:ReadTheStars"],"picked":"astrologer:Opposition","floor":14},{"not_picked":["TH:PixieDust"],"picked":"TH:TreasureMap","floor":16},{"not_picked":["astrologer:TheWorld","astrologer:Death"],"picked":"astrologer:TheChariot","floor":16},{"not_picked":["astrologer:Quincunx+1","astrologer:Conjunction"],"picked":"astrologer:StarOfCourage","floor":18},{"not_picked":["astrologer:Radiance","astrologer:Conjunction","astrologer:Stardust"],"picked":"SKIP","floor":21}],"player_experience":263316,"relics_obtained":[{"floor":9,"key":"hubris:BottledRain"},{"floor":13,"key":"Bronze Scales"}],"event_choices":[{"damage_healed":0,"gold_gain":0,"player_choice":"Donut","damage_taken":0,"max_hp_gain":5,"max_hp_loss":0,"event_name":"Big Fish","floor":4,"gold_loss":0},{"damage_healed":0,"gold_gain":0,"player_choice":"Copied","damage_taken":0,"max_hp_gain":0,"max_hp_loss":0,"event_name":"Duplicator","floor":20,"gold_loss":0,"cards_obtained":["astrologer:TheSun"]}],"is_beta":false,"boss_relics":[{"not_picked":["Empty Cage","Cursed Key"],"picked":"conspire:RoyalGoblet"}],"items_purged_floors":[],"is_endless":false,"potions_floor_spawned":[1,7,12,14,16,21],"killed_by":"Sentry and Sphere","ascension_level":0}}