{"host":"irkvb15aeca84r2v","time":1614296917,"event":{"mods":["AchievementEnabler","BaseMod","Better Note","Block Reminder","Minty Spire (QoL Compilation)","Permanent Neow","Quick Restart","StSLib"],"gold_per_floor":[113,132,132,232,248,276,295,295,295,313,313,326,326,337,337,437,437,437,437,437,437,437,437,397,397,397,397,397,397,136,136,136,136,136,136,136,136,136,136,136,136,136,136,136,136,136,136,136],"floor_reached":47,"language":"ENG","playtime":2501,"items_purged":["Strike_R"],"score":487,"play_id":"5ea43f1c-684c-49ae-8dc5-5dcc68d93d90","local_time":"20210225174837","is_ascension_mode":false,"campfire_choices":[{"floor":8,"key":"RECALL"},{"data":"True Grit","floor":11,"key":"SMITH"},{"data":"Armaments","floor":13,"key":"SMITH"},{"data":"1","floor":15,"key":"LIFT"},{"floor":23,"key":"REST"},{"data":"2","floor":27,"key":"LIFT"},{"floor":29,"key":"REST"},{"floor":32,"key":"REST"},{"data":"3","floor":40,"key":"LIFT"},{"floor":42,"key":"REST"},{"floor":45,"key":"REST"}],"circlet_count":0,"master_deck":["Strike_R","Strike_R","Strike_R","Strike_R","Defend_R","Defend_R","Defend_R","Defend_R","Bash","Shrug It Off","Shrug It Off","Fire Breathing","Armaments+1","Reckless Charge","Offering","True Grit+1","Barricade+1","Rampage","Reckless Charge","Shrug It Off","Body Slam+1","Searing Blow","Headbutt+1","Juggernaut","Entrench+1","Feel No Pain","Sentinel"],"relics":["Burning Blood","Lantern","Girya","Ectoplasm","Pantograph","ClockworkSouvenir","Cursed Key"],"acts_visited":["Exordium","TheCity","TheBeyond"],"potions_floor_usage":[14,16,16,22,25,31,31,33,33,39,41,46],"damage_taken":[{"damage":6,"enemies":"Cultist","floor":1,"turns":3},{"damage":5,"enemies":"Jaw Worm","floor":2,"turns":4},{"damage":2,"enemies":"Small Slimes","floor":5,"turns":6},{"damage":8,"enemies":"3 Sentries","floor":6,"turns":7},{"damage":17,"enemies":"Looter","floor":7,"turns":4},{"damage":0,"enemies":"2 Fungi Beasts","floor":10,"turns":3},{"damage":8,"enemies":"Large Slime","floor":12,"turns":7},{"damage":16,"enemies":"Gremlin Gang","floor":14,"turns":6},{"damage":6,"enemies":"Slime Boss","floor":16,"turns":6},{"damage":6,"enemies":"Chosen","floor":18,"turns":5},{"damage":11,"enemies":"Shell Parasite","floor":20,"turns":7},{"damage":38,"enemies":"Snake Plant","floor":21,"turns":5},{"damage":25,"enemies":"Centurion and Healer","floor":22,"turns":5},{"damage":6,"enemies":"Sentry and Sphere","floor":25,"turns":6},{"damage":21,"enemies":"Chosen and Byrds","floor":28,"turns":7},{"damage":0,"enemies":"Snake Plant","floor":31,"turns":4},{"damage":22,"enemies":"Automaton","floor":33,"turns":12},{"damage":30,"enemies":"3 Darklings","floor":35,"turns":8},{"damage":0,"enemies":"3 Shapes","floor":36,"turns":5},{"damage":25,"enemies":"3 Darklings","floor":37,"turns":6},{"damage":4,"enemies":"Sphere and 2 Shapes","floor":39,"turns":5},{"damage":25,"enemies":"Transient","floor":41,"turns":5},{"damage":0,"enemies":"Spire Growth","floor":44,"turns":5},{"damage":36,"enemies":"Jaw Worm Horde","floor":46,"turns":6},{"damage":52,"enemies":"Reptomancer","floor":47,"turns":3}],"seed_played":"-3698402451666575256","potions_obtained":[{"floor":2,"key":"Ancient Potion"},{"floor":5,"key":"CultistPotion"},{"floor":12,"key":"EssenceOfSteel"},{"floor":14,"key":"BlessingOfTheForge"},{"floor":16,"key":"Swift Potion"},{"floor":21,"key":"Dexterity Potion"},{"floor":22,"key":"DistilledChaos"},{"floor":28,"key":"EssenceOfSteel"},{"floor":31,"key":"LiquidMemories"},{"floor":35,"key":"Strength Potion"},{"floor":37,"key":"EssenceOfSteel"},{"floor":44,"key":"DuplicationPotion"}],"is_trial":false,"path_per_floor":["M","M","?","?","M","E","M","R","T","M","R","M","R","M","R","B",null,"M","?","M","M","M","R","?","M","T","R","M","R","$","M","R","B",null,"M","M","M","?","M","R","M","R","T","M","R","M","E"],"character_chosen":"IRONCLAD","items_purchased":["Searing Blow","ClockworkSouvenir"],"campfire_rested":5,"item_purchase_floors":[30,30],"current_hp_per_floor":[80,80,62,62,66,64,53,53,53,59,59,57,57,47,47,47,80,80,80,75,43,24,48,48,48,48,48,33,57,57,63,80,64,80,56,62,43,43,45,45,26,50,50,56,80,50,0,0],"gold":136,"neow_bonus":"THREE_CARDS","is_daily":false,"chose_seed":false,"campfire_upgraded":2,"win_rate":0.0,"timestamp":1614296917,"path_taken":["M","M","?","?","?","E","?","R","T","M","R","M","R","M","R","BOSS","M","?","M","M","M","R","?","M","T","R","M","R","$","M","R","BOSS","M","M","M","?","M","R","M","R","T","M","R","?","E"],"items_purchased_type":["Card","Relic"],"build_version":"2020-12-22","purchased_purges":1,"victory":false,"max_hp_per_floor":[80,80,80,80,80,80,80,80,80,80,80,80,80,80,80,80,80,80,80,80,80,80,80,80,80,80,80,80,80,80,80,80,80,80,80,80,80,80,80,80,80,80,80,80,80,80,80,80],"card_choices":[{"not_picked":["Sword Boomerang","Whirlwind"],"picked":"Shrug It Off","floor":0},{"not_picked":["Anger","Body Slam"],"picked":"Shrug It Off","floor":1},{"not_picked":["Iron Wave","Flex"],"picked":"Fire Breathing","floor":2},{"not_picked":["Headbutt","Shrug It Off"],"picked":"Armaments","floor":5},{"not_picked":["Shrug It Off","Rupture"],"picked":"Reckless Charge","floor":6},{"not_picked":["Flex","Inflame"],"picked":"Offering","floor":7},{"not_picked":["Sword Boomerang","Flex"],"picked":"True Grit","floor":10},{"not_picked":["Burning Pact","Infernal Blade","Uppercut"],"picked":"SKIP","floor":12},{"not_picked":["Rupture","Dark Embrace","Clothesline"],"picked":"SKIP","floor":14},{"not_picked":["Juggernaut","Corruption"],"picked":"Barricade","floor":16},{"not_picked":["Clash","Pommel Strike"],"picked":"Rampage","floor":18},{"not_picked":["Hemokinesis","Anger","Metallicize+1"],"picked":"SKIP","floor":20},{"not_picked":["Warcry","Anger+1"],"picked":"Reckless Charge","floor":21},{"not_picked":["Dual Wield+1","Iron Wave"],"picked":"Shrug It Off","floor":22},{"not_picked":["Whirlwind+1","Sentinel+1","Flex"],"picked":"SKIP","floor":25},{"not_picked":["Rupture","Fiend Fire"],"picked":"Body Slam+1","floor":28},{"not_picked":["Whirlwind+1","Anger"],"picked":"Headbutt+1","floor":31},{"not_picked":["Limit Break","Exhume"],"picked":"Juggernaut","floor":33},{"not_picked":["Flex+1","Heavy Blade"],"picked":"Entrench+1","floor":35},{"not_picked":["Thunderclap+1","Clothesline","Inflame+1"],"picked":"SKIP","floor":36},{"not_picked":["Warcry","Cleave"],"picked":"Feel No Pain","floor":37},{"not_picked":["Dark Embrace","Wild Strike+1"],"picked":"Sentinel","floor":39},{"not_picked":["Thunderclap","Spot Weakness","Intimidate+1"],"picked":"SKIP","floor":41},{"not_picked":["Shrug It Off+1","Second Wind","Dark Embrace"],"picked":"SKIP","floor":44},{"not_picked":["Warcry+1","Infernal Blade","Cleave+1"],"picked":"SKIP","floor":46}],"player_experience":336686,"relics_obtained":[{"floor":6,"key":"Girya"},{"floor":26,"key":"Pantograph"}],"event_choices":[{"damage_healed":0,"gold_gain":0,"player_choice":"Success","damage_taken":18,"relics_obtained":["Lantern"],"max_hp_gain":0,"max_hp_loss":0,"event_name":"Scrap Ooze","floor":3,"gold_loss":0},{"damage_healed":0,"gold_gain":100,"player_choice":"Pray","damage_taken":0,"max_hp_gain":0,"max_hp_loss":0,"event_name":"Golden Shrine","floor":4,"gold_loss":0},{"damage_healed":0,"gold_gain":0,"player_choice":"Bought 0 Potions","damage_taken":0,"max_hp_gain":0,"max_hp_loss":0,"event_name":"The Woman in Blue","floor":19,"gold_loss":0},{"damage_healed":0,"gold_gain":0,"player_choice":"Upgrade","damage_taken":0,"max_hp_gain":0,"max_hp_loss":0,"event_name":"Designer","floor":24,"gold_loss":40,"cards_upgraded":["Barricade"]},{"cards_removed":["Searing Blow"],"damage_healed":0,"gold_gain":0,"player_choice":"Give","damage_taken":0,"max_hp_gain":0,"max_hp_loss":0,"event_name":"betterNote:BetterNote","floor":38,"gold_loss":0,"cards_obtained":["Bash"]}],"is_beta":false,"boss_relics":[{"not_picked":["Tiny House","Runic Dome"],"picked":"Ectoplasm"},{"not_picked":["Fusion Hammer","Black Star"],"picked":"Cursed Key"}],"items_purged_floors":[30],"is_endless":false,"potions_floor_spawned":[2,5,12,14,16,21,22,28,31,35,37,44],"killed_by":"Reptomancer","ascension_level":0}}