{"host":"btkahjvw3wdsn6lk","time":1614262594,"event":{"mods":["ATMod(°¢èªMod)","Act Like it!","Astrologer","BaseMod","CapriCore","Conspire","Dota2Spire","Gensokyo","Highlight Path","Minty Spire (QoL Compilation)","Quick Restart","Replay The Spire","RumiaBox-Â¶Ã×æ«µÄÉñÃØºÐ×Ó","Spicy Shops","StSLib","¡¾ÒÅÎï¿¨ÅÆ¡¿REMEMod"],"gold_per_floor":[110,99548,99548,99563,99563,99563,99582,99582,99582,99611,99611,99629,99629,99649,99649,99749,99749,99769,98894,98911,98926,98944,98944,98973,98985,99297,99323,99369,98019,98019,98114,98114,98211,98211,98221,98425,98074,98094,98144,98175,98193,98222,98249,97032,97065,97065,97162,97175,97175,97255,97255,97255,96224,96258,96258],"floor_reached":56,"language":"ZHS","playtime":5570,"items_purged":["astrologer:Strike","Writhe","Pain","astrologer:Defend","astrologer:Defend","astrologer:Defend","astrologer:Cataclysm+1","REME_WheelOfFate+1"],"score":1852,"play_id":"5308ac99-0bca-4860-a1c1-43a65aa47fe1","local_time":"20210225221634","is_ascension_mode":true,"campfire_choices":[{"data":"Creative AI","floor":6.0,"key":"SMITH"},{"data":"AT_FamilyPortrait","floor":8.0,"key":"SMITH"},{"data":"astrologer:Trine","floor":13.0,"key":"SMITH"},{"data":"astrologer:Starfield","floor":15.0,"key":"SMITH"},{"floor":23.0,"key":"RECALL"},{"data":"astrologer:TheChariot","floor":32.0,"key":"SMITH"},{"data":"astrologer:NorthStar","floor":46,"key":"SMITH"},{"floor":49,"key":"DIG"},{"data":"Purity","floor":52,"key":"SMITH"}],"circlet_count":0,"master_deck":["astrologer:NorthStar+1","astrologer:TheFool","Creative AI+1","AT_FamilyPortrait+1","astrologer:Starfield+1","astrologer:Trine+1","Purity+1","astrologer:TheHierophant+1","Ghostly","Ghostly+1","Ghostly","Ghostly","Ghostly","astrologer:TheChariot+1","astrologer:Wish+1","Dark Shackles+1","astrologer:TheHierophant+1","Finesse+1","REME_BodyOfCthun+1"],"relics":["astrologer:SkyMirror","AT_ATBox","REME_ComplimentaryCards","Bag of Preparation","Bird Faced Urn","ClockworkSouvenir","ZombieArmy","Coffee Dripper","Divine Protection","Oddly Smooth Stone","Toolbox","BargainBundle","MawBank","Old Coin","Replay:Wax Seal","conspire:TreasureMap","FossilizedHelix","Omamori","Frozen Eye","Replay:Bronze Core","Guide Book","AT_Kusabimaru","Pet Ghost","Toxic Egg 2","AT_ArchangelStaff","Potion Belt","Thread and Needle","REME_HandOfSuture","War Paint","SSSystem","Dota2Spire:ArmletOfMordiggian","Medical Kit","Lee\u0027s Waffle","Bag of Marbles","Happy Flower"],"acts_visited":["Exordium","TheCity","TheBeyond","TheEnding"],"potions_floor_usage":[45,45,47,48,55,55,55,55,55],"damage_taken":[{"damage":6.0,"enemies":"Cultist","floor":1.0,"turns":4.0},{"damage":7.0,"enemies":"Jaw Worm","floor":4.0,"turns":4.0},{"damage":16.0,"enemies":"2 Louse","floor":7.0,"turns":4.0},{"damage":28.0,"enemies":"3 Sentries","floor":10.0,"turns":6.0},{"damage":13.0,"enemies":"Lots of Slimes","floor":12.0,"turns":3.0},{"damage":4.0,"enemies":"2 Fungi Beasts","floor":14.0,"turns":4.0},{"damage":29.0,"enemies":"Fading Forest","floor":16.0,"turns":11.0},{"damage":13.0,"enemies":"conspire:FuzzyDice","floor":18.0,"turns":3.0},{"damage":19.0,"enemies":"Shell Parasite","floor":20.0,"turns":4.0},{"damage":0.0,"enemies":"Centurion and Healer","floor":21.0,"turns":7.0},{"damage":0.0,"enemies":"conspire:HollyBat","floor":22.0,"turns":5.0},{"damage":0.0,"enemies":"conspire:Head Lice","floor":24.0,"turns":4.0},{"damage":0.0,"enemies":"Sentry and Sphere","floor":27.0,"turns":4.0},{"damage":0.0,"enemies":"Slavers","floor":28.0,"turns":5.0},{"damage":0.0,"enemies":"Centurion and Healer","floor":31.0,"turns":6.0},{"damage":3.0,"enemies":"Champ","floor":33.0,"turns":14.0},{"damage":0.0,"enemies":"Orb Walker","floor":35.0,"turns":8.0},{"damage":0.0,"enemies":"3 Darklings","floor":38.0,"turns":6.0},{"damage":8.0,"enemies":"2 Orb Walkers","floor":39.0,"turns":7.0},{"damage":0.0,"enemies":"Reptomancer","floor":40.0,"turns":7.0},{"damage":3.0,"enemies":"Jaw Worm Horde","floor":41.0,"turns":5.0},{"damage":0.0,"enemies":"R_Hoarder","floor":42.0,"turns":4.0},{"damage":0,"enemies":"Nemesis","floor":45,"turns":12},{"damage":0,"enemies":"Spire Growth","floor":47,"turns":7},{"damage":0,"enemies":"3 Darklings","floor":48,"turns":6},{"damage":0,"enemies":"Time Eater","floor":50,"turns":13},{"damage":0,"enemies":"Shield and Spear","floor":54,"turns":6},{"damage":0,"enemies":"The Heart","floor":55,"turns":6}],"seed_played":"3742846755204555966","potions_obtained":[{"floor":1.0,"key":"Venom Potion"},{"floor":4.0,"key":"LiquidBronze"},{"floor":7.0,"key":"LifebloodPotion"},{"floor":14.0,"key":"GamblersBrew"},{"floor":22.0,"key":"Dexterity Potion"},{"floor":31.0,"key":"Dota2Spire:HealingSalve"},{"floor":33.0,"key":"PowerPotion"},{"floor":38.0,"key":"Adrenaline Potion"},{"floor":45,"key":"Adrenaline Potion"}],"is_trial":false,"path_per_floor":["M","$","?","M","?","R","M","R","T","E","?","M","R","M","R","B",null,"M","$","M","M","M","R","E","?","T","M","E","$","?","M","R","B",null,"M","?","$","M","?","E","M","E","T","$","E","R","M","M","R","B",null,"R","$","E","B",null],"character_chosen":"ASTROLOGER","items_purchased":["Bag of Preparation","Bird Faced Urn","ClockworkSouvenir","Adrenaline Potion","SkillPotion","Divine Protection","Oddly Smooth Stone","Toolbox","BargainBundle","PowerPotion","SkillPotion","Strength Potion","Purity","conspire:TreasureMap","FossilizedHelix","Omamori","Frozen Eye","Adrenaline Potion","astrologer:TheChariot","Guide Book","REME_WheelOfFate+1","Potion Belt","Adrenaline Potion","Block Potion","Thread and Needle","REME_HandOfSuture","Dark Shackles+1","LifebloodPotion","Finesse+1","Medical Kit","Lee\u0027s Waffle","Bag of Marbles","REME_BodyOfCthun+1"],"campfire_rested":0,"item_purchase_floors":[2,2,2,2,2,19,19,19,19,19,19,19,19,29,29,29,29,29,29,37,44,44,44,44,44,44,44,53,53,53,53,53,53],"current_hp_per_floor":[64,64,64,65,65,65,59,59,59,43,43,36,36,44,44,53,70,61,61,63,71,71,71,71,35,35,35,35,35,31,40,40,40,40,40,30,30,40,40,40,40,40,40,40,40,40,40,40,40,40,40,40,47,47,47],"gold":96258,"neow_bonus":"ONE_RANDOM_RARE_CARD","is_daily":false,"chose_seed":false,"campfire_upgraded":7,"win_rate":0.0,"timestamp":1614262594,"path_taken":["M","?","?","M","?","R","?","R","T","E","?","M","R","M","R","BOSS","M","$","M","?","M","R","E","?","T","M","E","$","?","M","R","BOSS","M","?","$","M","?","E","M","E","T","$","E","R","M","M","R","BOSS","R","$","E","BOSS"],"items_purchased_type":["Relic","Relic","Relic","Potion","Potion","Relic","Relic","Relic","Relic","Potion","Potion","Potion","Card","Relic","Relic","Relic","Relic","Potion","Card","Relic","Card","Relic","Potion","Potion","Relic","Relic","Card","Potion","Card","Relic","Relic","Relic","Card"],"build_version":"2020-12-22","purchased_purges":8,"victory":true,"max_hp_per_floor":[70,70,70,70,70,70,70,70,70,70,70,70,70,70,70,70,70,70,70,70,71,71,71,71,35,35,35,35,35,40,40,40,40,40,40,40,40,40,40,40,40,40,40,40,40,40,40,40,40,40,40,40,47,47,47],"card_choices":[{"not_picked":["astrologer:Premeditation","astrologer:Still","astrologer:ReadTheStars"],"picked":"SKIP","floor":1.0},{"not_picked":["astrologer:MeteorShower","astrologer:GlassStar","astrologer:TheHierophant"],"picked":"SKIP","floor":4.0},{"not_picked":["astrologer:TheHangedMan","astrologer:Divination","astrologer:Moonlight"],"picked":"SKIP","floor":7.0},{"not_picked":["astrologer:SpaceDust","astrologer:TheLovers","astrologer:FrozenStar"],"picked":"SKIP","floor":10.0},{"not_picked":["astrologer:SpaceDust","astrologer:TheLovers","astrologer:FrozenStar"],"picked":"SKIP","floor":10.0},{"not_picked":["astrologer:MeteorShower","astrologer:Still"],"picked":"astrologer:Trine","floor":12.0},{"not_picked":["astrologer:CometStrike","astrologer:Radiance","astrologer:ReadTheStars"],"picked":"SKIP","floor":14.0},{"not_picked":["astrologer:ReadTheStars","astrologer:Prestidigitation","astrologer:CometStrike"],"picked":"SKIP","floor":18.0},{"not_picked":["astrologer:ReadTheStars","astrologer:Radiance","astrologer:Conjunction"],"picked":"SKIP","floor":20.0},{"not_picked":["astrologer:Conjunction+1","astrologer:NeutronStar","astrologer:MeteorShower+1"],"picked":"SKIP","floor":21.0},{"not_picked":["astrologer:ReadTheStars","astrologer:Still"],"picked":"astrologer:TheHierophant","floor":22.0},{"not_picked":["astrologer:ShiningStar","astrologer:MeteorShower+1","astrologer:StarOfRegret"],"picked":"SKIP","floor":24.0},{"not_picked":["astrologer:Moonlight","astrologer:Cataclysm","astrologer:Conjunction+1"],"picked":"SKIP","floor":27.0},{"not_picked":["astrologer:Retelling","astrologer:SolarFlare+1","astrologer:SpaceDust"],"picked":"SKIP","floor":28.0},{"not_picked":["astrologer:CosmicExpanse+1","astrologer:Stardust","astrologer:StarOfCourage"],"picked":"SKIP","floor":31.0},{"not_picked":["astrologer:Premonition","astrologer:Death","astrologer:BlackHole"],"picked":"astrologer:Wish","floor":33.0},{"not_picked":["astrologer:Radiance","astrologer:SpaceDust","astrologer:Observe+1"],"picked":"SKIP","floor":35.0},{"not_picked":["astrologer:Cataclysm","astrologer:Eclipse","astrologer:ReadTheStars"],"picked":"SKIP","floor":38.0},{"not_picked":["astrologer:Radiance+1","astrologer:TheStar+1","astrologer:Prestidigitation"],"picked":"SKIP","floor":40.0},{"not_picked":["astrologer:ReadTheStars+1","astrologer:StarOfRegret","astrologer:Eclipse"],"picked":"SKIP","floor":41.0},{"not_picked":["astrologer:Radiance+1","astrologer:Prismatic","astrologer:Premeditation+1"],"picked":"SKIP","floor":42.0},{"not_picked":["astrologer:SpaceDust+1","astrologer:Still+1","astrologer:Fate+1"],"picked":"SKIP","floor":45},{"not_picked":["astrologer:ReadTheStars+1","astrologer:NeutronStar","astrologer:Stardust+1"],"picked":"SKIP","floor":47},{"not_picked":["astrologer:MeteorShower+1","astrologer:Radiance+1"],"picked":"astrologer:TheHierophant+1","floor":48},{"not_picked":["astrologer:Nova","astrologer:LonelyStar+1","astrologer:Moonlight+1"],"picked":"SKIP","floor":54}],"player_experience":403847,"relics_obtained":[{"floor":10.0,"key":"ZombieArmy"},{"floor":24.0,"key":"MawBank"},{"floor":26.0,"key":"Old Coin"},{"floor":28.0,"key":"Replay:Wax Seal"},{"floor":39.0,"key":"AT_Kusabimaru"},{"floor":40.0,"key":"Pet Ghost"},{"floor":42.0,"key":"Toxic Egg 2"},{"floor":43.0,"key":"AT_ArchangelStaff"},{"floor":45,"key":"War Paint"},{"floor":49,"key":"Dota2Spire:ArmletOfMordiggian"},{"floor":54,"key":"Happy Flower"}],"event_choices":[{"damage_healed":0.0,"max_hp_gain":0.0,"max_hp_loss":0.0,"gold_gain":0.0,"cards_transformed":["astrologer:Strike"],"event_name":"Transmorgrifier","player_choice":"Transformed","floor":5.0,"gold_loss":0.0,"damage_taken":0.0,"cards_obtained":["astrologer:Cataclysm"]},{"damage_healed":0.0,"max_hp_gain":0.0,"max_hp_loss":0.0,"gold_gain":0.0,"event_name":"The Woman in Blue","player_choice":"Bought 0 Potions","floor":11.0,"gold_loss":0.0,"damage_taken":0.0},{"damage_healed":0.0,"max_hp_gain":0.0,"max_hp_loss":36.0,"gold_gain":0.0,"event_name":"Ghosts","player_choice":"Became a Ghost","floor":25.0,"gold_loss":0.0,"damage_taken":0.0,"cards_obtained":["Ghostly","Ghostly","Ghostly","Ghostly","Ghostly"]},{"damage_healed":0.0,"max_hp_gain":5.0,"max_hp_loss":0.0,"gold_gain":0.0,"event_name":"Forgotten Altar","player_choice":"Shed Blood","floor":30.0,"gold_loss":0.0,"damage_taken":9.0},{"damage_healed":0.0,"max_hp_gain":0.0,"max_hp_loss":0.0,"gold_gain":0.0,"event_name":"Mysterious Sphere","player_choice":"Fight","floor":39.0,"gold_loss":0.0,"damage_taken":0.0}],"is_beta":false,"boss_relics":[{"not_picked":["Abe\u0027s Treasure","Sozu"],"picked":"Coffee Dripper"},{"not_picked":["Runic Dome","Busted Crown"],"picked":"Replay:Bronze Core"}],"items_purged_floors":[2,19,19,29,29,37,44,53],"is_endless":false,"potions_floor_spawned":[1,4,7,14,22,31,33,38,40,45,47],"ascension_level":4}}