{"host":"7sni158j623xchr2","time":1614230672,"event":{"mods":["BaseMod","Colored Map","Highlight Path","Minty Spire (QoL Compilation)","Permanent Neow","Potion Indicator Mod","Rare Cards Sparkle","Relic Sorter","Relic Stats","StSLib","everything is the same but u backflip on backflip"],"gold_per_floor":[362,362,378,14,31,64,64,89,101,138,150,194,206,218,230,338,350,373,408,420,452,464,476,45,80,128,160,175,188,215,226,226,328,328,339,339,59,0,0,0,10,20,47,74,74,108,123,134,134,134,134,134,50,83,83],"floor_reached":56,"language":"ENG","playtime":1429,"items_purged":["Defend_G","Masterful Stab","Strike_G"],"score":1469,"play_id":"2e02d4a1-1cfa-4083-88ec-0570d4ce81ec","local_time":"20210224232432","is_ascension_mode":true,"campfire_choices":[{"data":"Die Die Die","floor":7,"key":"SMITH"},{"data":"Bane","floor":15,"key":"SMITH"},{"data":"Deadly Poison","floor":23,"key":"SMITH"},{"data":"Neutralize","floor":32,"key":"SMITH"},{"floor":40,"key":"RECALL"},{"data":"Mayhem","floor":45,"key":"SMITH"},{"data":"Catalyst","floor":49,"key":"SMITH"},{"data":"After Image","floor":52,"key":"SMITH"}],"circlet_count":0,"master_deck":["Strike_G","Strike_G","Strike_G","Defend_G","Defend_G","Defend_G","Defend_G","Survivor","Neutralize+1","Noxious Fumes+1","Flying Knee","Die Die Die+1","Deadly Poison+1","Leg Sweep","Bane+1","Dagger Spray","Catalyst+1","PiercingWail","PiercingWail","Dash","Blur","After Image+1","Dash+1","Mayhem+1","Finesse","Master of Strategy","Catalyst+1","Crippling Poison+1","Footwork","Deadly Poison+1","Catalyst+1","Discovery","Wraith Form v2"],"relics":["Ring of the Snake","Happy Flower","Ninja Scroll","Girya","MawBank","Pantograph","White Beast Statue","StrikeDummy","Question Card","Cursed Key","Orichalcum","TwistedFunnel","Omamori","Paper Crane","Pen Nib","Meat on the Bone","Bag of Preparation","SacredBark","DollysMirror","Red Mask","Bag of Marbles","Shuriken","Ornamental Fan"],"acts_visited":["Exordium","TheCity","TheBeyond","TheEnding"],"potions_floor_usage":[6,8,25,30,33,41,41,46,54,54,55,55],"damage_taken":[{"damage":0,"enemies":"Small Slimes","floor":1,"turns":4},{"damage":0,"enemies":"Cultist","floor":3,"turns":4},{"damage":0,"enemies":"2 Louse","floor":5,"turns":2},{"damage":4,"enemies":"Gremlin Nob","floor":6,"turns":3},{"damage":0,"enemies":"3 Sentries","floor":8,"turns":2},{"damage":20,"enemies":"Lagavulin","floor":10,"turns":4},{"damage":8,"enemies":"Gremlin Nob","floor":12,"turns":3},{"damage":39,"enemies":"The Guardian","floor":16,"turns":8},{"damage":0,"enemies":"Spheric Guardian","floor":18,"turns":1},{"damage":0,"enemies":"3 Byrds","floor":21,"turns":3},{"damage":8,"enemies":"Slavers","floor":25,"turns":4},{"damage":0,"enemies":"Gremlin Leader","floor":27,"turns":4},{"damage":5,"enemies":"Centurion and Healer","floor":28,"turns":4},{"damage":5,"enemies":"Snake Plant","floor":29,"turns":3},{"damage":10,"enemies":"Book of Stabbing","floor":30,"turns":5},{"damage":0,"enemies":"3 Cultists","floor":31,"turns":3},{"damage":18,"enemies":"Champ","floor":33,"turns":11},{"damage":0,"enemies":"Orb Walker","floor":35,"turns":3},{"damage":0,"enemies":"3 Darklings","floor":41,"turns":3},{"damage":1,"enemies":"Jaw Worm Horde","floor":42,"turns":3},{"damage":8,"enemies":"Nemesis","floor":44,"turns":5},{"damage":0,"enemies":"Reptomancer","floor":46,"turns":3},{"damage":0,"enemies":"Spire Growth","floor":47,"turns":5},{"damage":0,"enemies":"Maw","floor":48,"turns":4},{"damage":8,"enemies":"Time Eater","floor":50,"turns":5},{"damage":12,"enemies":"Shield and Spear","floor":54,"turns":4},{"damage":44,"enemies":"The Heart","floor":55,"turns":8}],"seed_played":"7797565737834532411","potions_obtained":[{"floor":3,"key":"AttackPotion"},{"floor":5,"key":"BlessingOfTheForge"},{"floor":12,"key":"FearPotion"},{"floor":16,"key":"Block Potion"},{"floor":18,"key":"Swift Potion"},{"floor":25,"key":"Explosive Potion"},{"floor":28,"key":"CunningPotion"},{"floor":30,"key":"EssenceOfSteel"},{"floor":33,"key":"Fire Potion"},{"floor":41,"key":"PowerPotion"},{"floor":42,"key":"GhostInAJar"},{"floor":46,"key":"ColorlessPotion"},{"floor":54,"key":"PowerPotion"}],"is_trial":false,"path_per_floor":["M","?","M","$","M","E","R","E","T","E","?","E","?","T","R","B",null,"M","T","?","M","?","R","$","E","T","E","M","M","E","M","R","B",null,"M","?","$","?","?","R","M","M","T","E","R","E","M","M","R","B",null,"R","$","E","B",null],"character_chosen":"THE_SILENT","items_purchased":["Ninja Scroll","Flying Knee","TwistedFunnel","PiercingWail","Omamori","DollysMirror","Discovery"],"campfire_rested":0,"item_purchase_floors":[4,4,24,24,24,37,53],"current_hp_per_floor":[49,49,49,49,49,45,45,45,45,25,48,40,40,40,40,26,70,70,70,70,70,70,70,70,62,62,62,57,52,42,42,42,49,70,70,60,60,60,60,60,60,59,59,51,51,51,51,51,51,62,70,70,70,58,38],"gold":83,"neow_bonus":"TWO_FIFTY_GOLD","is_daily":false,"chose_seed":false,"campfire_upgraded":7,"win_rate":0.0,"timestamp":1614230672,"path_taken":["M","?","M","$","?","E","R","E","T","E","?","E","?","?","R","BOSS","M","?","?","?","?","R","?","E","T","E","M","M","E","M","R","BOSS","M","?","$","?","?","R","M","M","T","E","R","E","?","?","R","BOSS","R","$","E","BOSS"],"items_purchased_type":["Relic","Card","Relic","Card","Relic","Relic","Card"],"build_version":"2020-12-22","purchased_purges":3,"victory":true,"max_hp_per_floor":[70,70,70,70,70,70,70,70,70,70,70,70,70,70,70,70,70,70,70,70,70,70,70,70,70,70,70,70,70,70,70,70,70,70,70,70,70,70,70,70,70,70,70,70,70,70,70,70,70,70,70,70,70,70,70],"relic_stats":{"Happy Flower":[35],"counters":[27,111],"Pen Nib":[17],"Bag of Preparation":[0],"Orichalcum":[72],"MawBank":192,"Question Card":21,"Cursed Key":3,"Shuriken":[8],"Ornamental Fan":[8],"Pantograph":81,"obtain_stats":[{"TwistedFunnel":24,"Girya":6,"Happy Flower":2,"SacredBark":34,"Pen Nib":26,"Omamori":24,"Bag of Preparation":30,"Orichalcum":19,"Paper Crane":25,"MawBank":8,"Question Card":14,"Cursed Key":17,"White Beast Statue":10,"Ninja Scroll":4,"DollysMirror":37,"Shuriken":46,"Ornamental Fan":54,"Pantograph":9,"Red Mask":38,"Bag of Marbles":44,"StrikeDummy":12,"Ring of the Snake":0,"Meat on the Bone":27},{"TwistedFunnel":10,"Girya":4,"Happy Flower":1,"SacredBark":17,"Pen Nib":11,"Omamori":10,"Bag of Preparation":15,"Orichalcum":9,"Paper Crane":11,"MawBank":5,"Question Card":7,"Cursed Key":8,"White Beast Statue":6,"Ninja Scroll":2,"DollysMirror":18,"Shuriken":22,"Ornamental Fan":26,"Pantograph":5,"Red Mask":18,"Bag of Marbles":21,"StrikeDummy":7,"Ring of the Snake":0,"Meat on the Bone":12},{"TwistedFunnel":34,"Girya":13,"Happy Flower":4,"SacredBark":68,"Pen Nib":38,"Omamori":34,"Bag of Preparation":54,"Orichalcum":31,"Paper Crane":38,"MawBank":15,"Question Card":22,"Cursed Key":30,"White Beast Statue":19,"Ninja Scroll":8,"DollysMirror":71,"Shuriken":85,"Ornamental Fan":103,"Pantograph":15,"Red Mask":71,"Bag of Marbles":82,"StrikeDummy":22,"Ring of the Snake":0,"Meat on the Bone":42}],"Ring of the Snake":[54],"Meat on the Bone":12},"card_choices":[{"not_picked":["Dodge and Roll","Backflip"],"picked":"Blade Dance","floor":1},{"not_picked":["Prepared","Backflip"],"picked":"Noxious Fumes","floor":3},{"not_picked":["Escape Plan","PiercingWail"],"picked":"Die Die Die","floor":5},{"not_picked":["Flying Knee","Acrobatics"],"picked":"Deadly Poison","floor":6},{"not_picked":["Backflip","Distraction"],"picked":"Masterful Stab","floor":8},{"not_picked":["Deflect","Flechettes"],"picked":"Leg Sweep","floor":10},{"not_picked":["Leg Sweep","Backflip"],"picked":"Bane","floor":12},{"not_picked":["Doppelganger","Envenom","Venomology"],"picked":"Die Die Die","floor":16},{"not_picked":["Backflip","Tactician","Cloak And Dagger"],"picked":"Dagger Spray","floor":18},{"not_picked":["Endless Agony","Bouncing Flask","Dodge and Roll"],"picked":"Catalyst+1","floor":21},{"not_picked":["Backflip","Slice+1","Doppelganger"],"picked":"PiercingWail","floor":25},{"not_picked":["Reflex","Expertise","Slice"],"picked":"Dash","floor":27},{"not_picked":["Underhanded Strike","Bane","Acrobatics","Dagger Spray"],"picked":"SKIP","floor":28},{"not_picked":["Dagger Spray","Blade Dance+1","Bane"],"picked":"Blur","floor":29},{"not_picked":["Backflip","Underhanded Strike+1","Masterful Stab+1","Prepared"],"picked":"SKIP","floor":30},{"not_picked":["Skewer+1","Sucker Punch","Prepared","Heel Hook+1"],"picked":"SKIP","floor":31},{"not_picked":["Phantasmal Killer","Doppelganger","Unload"],"picked":"After Image","floor":33},{"not_picked":["Calculated Gamble","Backstab+1","Dodge and Roll"],"picked":"Dash+1","floor":35},{"not_picked":["Dramatic Entrance","Transmutation","Panacea"],"picked":"Mayhem","floor":36},{"not_picked":["Flash of Steel","Purity","Bandage Up"],"picked":"Finesse","floor":36},{"not_picked":["Impatience","Purity","Panache"],"picked":"Master of Strategy","floor":36},{"not_picked":["Deflect+1","Sucker Punch","Finisher+1"],"picked":"Crippling Poison+1","floor":41},{"not_picked":["Distraction","Slice+1","Flying Knee","Skewer+1"],"picked":"SKIP","floor":42},{"not_picked":["Expertise","Deflect+1","Blade Dance+1","Bane"],"picked":"SKIP","floor":44},{"not_picked":["Escape Plan+1","Caltrops","Prepared"],"picked":"Footwork","floor":46},{"not_picked":["Sucker Punch","Cloak And Dagger","Dagger Throw"],"picked":"Deadly Poison+1","floor":47},{"not_picked":["Glass Knife","Sucker Punch","Caltrops"],"picked":"Catalyst","floor":48},{"not_picked":["Flying Knee+1","Acrobatics","Prepared+1"],"picked":"Wraith Form v2","floor":54}],"player_experience":1847518,"relics_obtained":[{"floor":6,"key":"Girya"},{"floor":8,"key":"MawBank"},{"floor":9,"key":"Pantograph"},{"floor":10,"key":"White Beast Statue"},{"floor":12,"key":"StrikeDummy"},{"floor":14,"key":"Question Card"},{"floor":19,"key":"Orichalcum"},{"floor":25,"key":"Paper Crane"},{"floor":26,"key":"Pen Nib"},{"floor":27,"key":"Meat on the Bone"},{"floor":30,"key":"Bag of Preparation"},{"floor":44,"key":"Bag of Marbles"},{"floor":46,"key":"Shuriken"},{"floor":54,"key":"Ornamental Fan"}],"event_choices":[{"cards_removed":["Blade Dance"],"damage_healed":0,"gold_gain":0,"player_choice":"Gave Card","damage_taken":0,"relics_obtained":["Happy Flower"],"max_hp_gain":0,"max_hp_loss":0,"event_name":"WeMeetAgain","floor":2,"gold_loss":0},{"damage_healed":23,"gold_gain":0,"player_choice":"Banana","damage_taken":0,"max_hp_gain":0,"max_hp_loss":0,"event_name":"Big Fish","floor":11,"gold_loss":0},{"damage_healed":0,"gold_gain":0,"player_choice":"Grow","damage_taken":0,"max_hp_gain":0,"max_hp_loss":0,"event_name":"Living Wall","floor":13,"gold_loss":0,"cards_upgraded":["Noxious Fumes"]},{"cards_removed":["Injury"],"damage_healed":0,"gold_gain":0,"player_choice":"Card Removal","damage_taken":0,"max_hp_gain":0,"max_hp_loss":0,"event_name":"Wheel of Change","floor":20,"gold_loss":0},{"cards_removed":["Strike_G"],"damage_healed":0,"gold_gain":0,"player_choice":"Offered Basic","damage_taken":0,"max_hp_gain":0,"max_hp_loss":0,"event_name":"Bonfire Elementals","floor":22,"gold_loss":0},{"damage_healed":0,"gold_gain":0,"player_choice":"Memory 3","damage_taken":10,"max_hp_gain":0,"max_hp_loss":0,"event_name":"SensoryStone","floor":36,"gold_loss":0},{"damage_healed":0,"gold_gain":0,"player_choice":"Paid","damage_taken":0,"relics_obtained":["Red Mask"],"max_hp_gain":0,"max_hp_loss":0,"event_name":"Tomb of Lord Red Mask","floor":38,"gold_loss":59},{"cards_removed":["Die Die Die"],"damage_healed":0,"gold_gain":0,"player_choice":"Removed Attack","damage_taken":0,"max_hp_gain":0,"max_hp_loss":0,"event_name":"Falling","floor":39,"gold_loss":0}],"is_beta":false,"boss_relics":[{"not_picked":["Busted Crown","Runic Pyramid"],"picked":"Cursed Key"},{"not_picked":["Runic Dome","Ring of the Serpent"],"picked":"SacredBark"}],"items_purged_floors":[4,24,37],"is_endless":false,"potions_floor_spawned":[3,5,12,16,18,21,25,27,28,29,30,31,33,35,41,42,44,46,47,48,54],"ascension_level":1}}