{"host":"d76q0rb9a0s9bgr5","time":1614251599,"event":{"mods":["BaseMod","Downfall","Hubris","Minty Spire (QoL Compilation)","StSLib"],"gold_per_floor":[168,168,168,181,67,92,92,92,92,105,139,139,139,149,149,251,251,265,14,14,14,30,62,62,88,88,88,108,125,125,125],"floor_reached":30,"language":"ENG","playtime":1668,"items_purged":["Strike_G","Defend_G"],"score":317,"play_id":"cf117d8d-4485-4b3d-8271-e4688a4a1a5a","local_time":"20210225121319","is_ascension_mode":true,"campfire_choices":[{"data":"Noxious Fumes","floor":7,"key":"SMITH"},{"floor":15,"key":"REST"},{"floor":24,"key":"REST"}],"circlet_count":0,"master_deck":["Strike_G+1","Strike_G+1","Defend_G+1","Defend_G","Defend_G","Defend_G+1","Survivor","Neutralize+1","Noxious Fumes+1","Accuracy","Footwork","Backflip","Cloak And Dagger","Storm of Steel","Backflip","Blade Dance"],"relics":["Tiny House","hubris:Towel","Gremlin Horn","Incense Burner","Matryoshka","Pantograph","hubris:TerracottaHorce","War Paint","Shuriken","StoneCalendar","Snake Skull","Whetstone"],"acts_visited":["Exordium","TheCity"],"potions_floor_usage":[6,14,16,18,25],"damage_taken":[{"damage":2,"enemies":"Jaw Worm","floor":1,"turns":5},{"damage":4,"enemies":"Small Slimes","floor":4,"turns":4},{"damage":45,"enemies":"Gremlin Nob","floor":6,"turns":5},{"damage":0,"enemies":"2 Louse","floor":10,"turns":2},{"damage":9,"enemies":"3 Sentries","floor":11,"turns":10},{"damage":0,"enemies":"2 Fungi Beasts","floor":14,"turns":4},{"damage":7,"enemies":"The Guardian","floor":16,"turns":12},{"damage":0,"enemies":"3 Byrds","floor":18,"turns":4},{"damage":8,"enemies":"Chosen","floor":22,"turns":5},{"damage":32,"enemies":"Book of Stabbing","floor":23,"turns":9},{"damage":32,"enemies":"Gremlin Leader","floor":25,"turns":5},{"damage":0,"enemies":"Snecko","floor":28,"turns":4},{"damage":11,"enemies":"Snake Plant","floor":29,"turns":6},{"damage":21,"enemies":"Slavers","floor":30,"turns":2}],"seed_played":"-2858932648861660170","potions_obtained":[{"floor":0,"key":"Energy Potion"},{"floor":4,"key":"Slimebound:ThreeZeroPotion"},{"floor":10,"key":"Fire Potion"},{"floor":14,"key":"ColorlessPotion"},{"floor":22,"key":"hexamod:SoulburnPotion"}],"is_trial":false,"path_per_floor":["M","?","T","M","$","E","R","?","T","M","E","?","?","M","R","B",null,"M","$","?","?","M","E","R","E","T","?","M","M","E"],"character_chosen":"THE_SILENT","items_purchased":["Accuracy","War Paint"],"campfire_rested":2,"item_purchase_floors":[5,19],"current_hp_per_floor":[73,73,73,69,69,24,24,24,24,24,15,8,8,8,30,48,68,68,68,68,54,46,14,38,6,6,32,32,21,0,0],"gold":125,"neow_bonus":"BOSS_RELIC","is_daily":false,"chose_seed":false,"campfire_upgraded":1,"win_rate":0.0,"timestamp":1614251599,"path_taken":["M","?","?","M","$","E","R","?","T","M","E","?","?","M","R","BOSS","M","$","?","?","M","E","R","E","T","?","?","M","E"],"items_purchased_type":["Card","Relic"],"build_version":"2020-12-22","purchased_purges":2,"victory":false,"max_hp_per_floor":[75,75,75,75,75,75,75,75,75,75,75,75,75,75,75,75,75,75,75,75,80,80,80,80,80,80,80,80,80,80,80],"card_choices":[{"not_picked":["hubris:SlightOfHand","PiercingWail","Bouncing Flask"],"picked":"SKIP","floor":1},{"not_picked":["PiercingWail","Skewer"],"picked":"Noxious Fumes","floor":4},{"not_picked":["hubris:SlightOfHand","Riddle With Holes","Corpse Explosion"],"picked":"SKIP","floor":6},{"not_picked":["Reflex","Accuracy"],"picked":"Footwork","floor":10},{"not_picked":["Dash","Dagger Throw"],"picked":"Backflip","floor":11},{"not_picked":["Flying Knee","Poisoned Stab"],"picked":"Cloak And Dagger","floor":14},{"not_picked":["Corpse Explosion","Die Die Die"],"picked":"Storm of Steel","floor":16},{"not_picked":["Distraction","hubris:TrickCloak","Quick Slash"],"picked":"SKIP","floor":18},{"not_picked":["Infinite Blades","Deflect","Dagger Spray"],"picked":"SKIP","floor":22},{"not_picked":["Caltrops","A Thousand Cuts"],"picked":"Backflip","floor":23},{"not_picked":["Acrobatics+1","Predator","Endless Agony"],"picked":"SKIP","floor":25},{"not_picked":["Poisoned Stab","Dagger Throw","Flechettes+1"],"picked":"SKIP","floor":28},{"not_picked":["Prepared","Deadly Poison"],"picked":"Blade Dance","floor":29}],"player_experience":164874,"relics_obtained":[{"floor":3,"key":"Gremlin Horn"},{"floor":6,"key":"Incense Burner"},{"floor":9,"key":"Matryoshka"},{"floor":11,"key":"Pantograph"},{"floor":23,"key":"Shuriken"},{"floor":25,"key":"StoneCalendar"},{"floor":26,"key":"Snake Skull"},{"floor":26,"key":"Whetstone"}],"event_choices":[{"cards_removed":["Strike_G"],"damage_healed":0,"gold_gain":0,"player_choice":"Forget","damage_taken":0,"max_hp_gain":0,"max_hp_loss":0,"event_name":"Living Wall","floor":8,"gold_loss":0},{"cards_removed":["Strike_G"],"damage_healed":0,"gold_gain":0,"player_choice":"Card Removal","damage_taken":7,"max_hp_gain":0,"max_hp_loss":0,"event_name":"Golden Wing","floor":12,"gold_loss":0},{"damage_healed":0,"gold_gain":0,"player_choice":"Ignored","damage_taken":0,"max_hp_gain":0,"max_hp_loss":0,"event_name":"Shining Light","floor":13,"gold_loss":0},{"damage_healed":0,"gold_gain":0,"player_choice":"Shed Blood","damage_taken":19,"max_hp_gain":5,"max_hp_loss":0,"event_name":"Forgotten Altar","floor":21,"gold_loss":0},{"damage_healed":26,"gold_gain":0,"player_choice":"Heal","damage_taken":0,"max_hp_gain":0,"max_hp_loss":0,"event_name":"The Library","floor":27,"gold_loss":0}],"is_beta":false,"boss_relics":[{"not_picked":["bronze:MakeshiftBattery","Runic Dome"],"picked":"hubris:TerracottaHorce"}],"items_purged_floors":[5,19],"is_endless":false,"potions_floor_spawned":[4,10,14,22],"killed_by":"Slavers","ascension_level":3}}