{"host":"r9n4bwsh0iioe8bo","time":1614289312,"event":{"mods":["2.2 Compatiblity","BaseMod","Bestiary","Colored Map","Colored Powertips","Curses Come First","Highlight Path","Minty Spire (QoL Compilation)","Relic Stats","StSLib","SuperFastMode"],"gold_per_floor":[109,119,138,148,161,161,172,172,195,206,206,224,224,224,224,329,329,347,176,195,206,220,220,238,238,238,254,98,111,111,36,36,36,36],"floor_reached":33,"language":"ENG","playtime":2591,"items_purged":["Thunderclap+1"],"score":270,"play_id":"b11a02f7-9af7-49ae-aaa7-a75bafe1a713","local_time":"20210225214152","is_ascension_mode":false,"campfire_choices":[{"data":"Armaments","floor":6,"key":"SMITH"},{"data":"Blind","floor":8,"key":"SMITH"},{"data":"Flex","floor":13,"key":"SMITH"},{"data":"Cleave","floor":15,"key":"SMITH"},{"data":"Apotheosis","floor":23,"key":"SMITH"},{"data":"Seeing Red","floor":25,"key":"SMITH"},{"data":"Entrench","floor":30,"key":"SMITH"},{"data":"Shrug It Off","floor":32,"key":"SMITH"}],"circlet_count":0,"master_deck":["Strike_R","Strike_R","Strike_R","Strike_R","Strike_R","Defend_R","Defend_R","Defend_R","Bash","Blind+1","Flex+1","Perfected Strike","Cleave+1","Shrug It Off","Armaments+1","Anger","Shrug It Off+1","Heavy Blade","Feed","Rampage","Apotheosis+1","Ghostly Armor","Twin Strike+1","Seeing Red+1","Entrench+1","Searing Blow"],"relics":["Burning Blood","Centennial Puzzle","Mercury Hourglass","SlaversCollar","Pear","PreservedInsect"],"acts_visited":["Exordium","TheCity"],"potions_floor_usage":[18,20,24,24,27,33],"damage_taken":[{"damage":0,"enemies":"2 Louse","floor":1,"turns":3},{"damage":6,"enemies":"Jaw Worm","floor":2,"turns":4},{"damage":0,"enemies":"Cultist","floor":3,"turns":2},{"damage":5,"enemies":"2 Fungi Beasts","floor":4,"turns":4},{"damage":0,"enemies":"Exordium Wildlife","floor":5,"turns":3},{"damage":1,"enemies":"Exordium Thugs","floor":7,"turns":4},{"damage":2,"enemies":"Blue Slaver","floor":10,"turns":4},{"damage":0,"enemies":"Gremlin Gang","floor":12,"turns":3},{"damage":61,"enemies":"Hexaghost","floor":16,"turns":12},{"damage":7,"enemies":"Spheric Guardian","floor":18,"turns":4},{"damage":10,"enemies":"2 Thieves","floor":20,"turns":3},{"damage":26,"enemies":"3 Cultists","floor":21,"turns":6},{"damage":16,"enemies":"Snake Plant","floor":22,"turns":4},{"damage":32,"enemies":"Sentry and Sphere","floor":24,"turns":7},{"damage":1,"enemies":"Centurion and Healer","floor":27,"turns":4},{"damage":15,"enemies":"Shelled Parasite and Fungi","floor":29,"turns":5},{"damage":71,"enemies":"Champ","floor":33,"turns":15}],"seed_played":"-3389442188350039261","potions_obtained":[{"floor":1,"key":"ElixirPotion"},{"floor":2,"key":"AttackPotion"},{"floor":4,"key":"LiquidMemories"},{"floor":16,"key":"Energy Potion"},{"floor":18,"key":"FairyPotion"},{"floor":22,"key":"Ancient Potion"},{"floor":24,"key":"ColorlessPotion"},{"floor":29,"key":"LiquidBronze"}],"is_trial":false,"path_per_floor":["M","M","M","M","M","R","M","R","T","M","?","M","R","?","R","B",null,"M","$","M","M","M","R","M","R","T","M","$","M","R","$","R","B"],"character_chosen":"IRONCLAD","items_purchased":["Apotheosis","PreservedInsect"],"campfire_rested":0,"item_purchase_floors":[19,28],"current_hp_per_floor":[80,80,80,80,80,80,80,80,80,80,77,80,80,80,80,25,80,79,79,78,58,48,48,22,22,32,37,37,32,32,32,32,0,0],"gold":36,"neow_bonus":"RANDOM_COLORLESS","is_daily":false,"chose_seed":false,"campfire_upgraded":8,"win_rate":0.0,"timestamp":1614289312,"path_taken":["M","M","M","M","M","R","M","R","T","M","?","M","R","?","R","BOSS","M","$","M","M","M","R","M","R","T","M","?","M","R","$","R","BOSS"],"items_purchased_type":["Card","Relic"],"build_version":"2020-12-22","purchased_purges":1,"victory":false,"max_hp_per_floor":[80,80,80,80,80,80,80,80,80,80,80,80,80,80,80,80,80,80,80,83,83,83,83,83,83,93,93,93,97,97,97,97,97,97],"relic_stats":{"Centennial Puzzle":[30],"counters":[17,87],"PreservedInsect":0,"obtain_stats":[{"SlaversCollar":17,"Centennial Puzzle":9,"Pear":26,"PreservedInsect":28,"Burning Blood":0,"Mercury Hourglass":11},{"SlaversCollar":9,"Centennial Puzzle":6,"Pear":14,"PreservedInsect":15,"Burning Blood":0,"Mercury Hourglass":7},{"SlaversCollar":39,"Centennial Puzzle":20,"Pear":63,"PreservedInsect":67,"Burning Blood":0,"Mercury Hourglass":24}],"Burning Blood":65,"Mercury Hourglass":[185]},"card_choices":[{"not_picked":["Trip","Good Instincts"],"picked":"Blind","floor":0},{"not_picked":["Havoc","Battle Trance"],"picked":"Flex","floor":1},{"not_picked":["Sword Boomerang","Twin Strike"],"picked":"Perfected Strike","floor":2},{"not_picked":["Iron Wave","Rupture"],"picked":"Cleave","floor":3},{"not_picked":["Battle Trance","Intimidate"],"picked":"Shrug It Off","floor":4},{"not_picked":["Dual Wield","Clothesline"],"picked":"Armaments","floor":5},{"not_picked":["Searing Blow","Twin Strike"],"picked":"Anger","floor":7},{"not_picked":["Iron Wave","Double Tap"],"picked":"Shrug It Off","floor":10},{"not_picked":["True Grit","Sword Boomerang"],"picked":"Heavy Blade","floor":12},{"not_picked":["Reaper","Barricade"],"picked":"Feed","floor":16},{"not_picked":["Thunderclap","Heavy Blade"],"picked":"Rampage","floor":18},{"not_picked":["Armaments","True Grit"],"picked":"Ghostly Armor","floor":20},{"not_picked":["Burning Pact","Perfected Strike"],"picked":"Twin Strike+1","floor":21},{"not_picked":["Perfected Strike","Battle Trance+1"],"picked":"Seeing Red","floor":22},{"not_picked":["Perfected Strike","Dropkick"],"picked":"Thunderclap+1","floor":24},{"not_picked":["Iron Wave","Sword Boomerang"],"picked":"Entrench","floor":27},{"not_picked":["Warcry","Heavy Blade"],"picked":"Searing Blow","floor":29}],"player_experience":45798,"relics_obtained":[{"floor":9,"key":"Centennial Puzzle"},{"floor":26,"key":"Pear"}],"event_choices":[{"damage_healed":0,"gold_gain":0,"player_choice":"Success","damage_taken":3,"relics_obtained":["Mercury Hourglass"],"max_hp_gain":0,"max_hp_loss":0,"event_name":"Scrap Ooze","floor":11,"gold_loss":0},{"cards_removed":["Defend_R"],"damage_healed":0,"gold_gain":0,"player_choice":"Card Removal","damage_taken":0,"max_hp_gain":0,"max_hp_loss":0,"event_name":"Wheel of Change","floor":14,"gold_loss":0}],"is_beta":false,"boss_relics":[{"not_picked":["Black Star","Tiny House"],"picked":"SlaversCollar"}],"items_purged_floors":[31],"is_endless":false,"potions_floor_spawned":[1,2,4,16,18,22,24,29],"killed_by":"Champ","ascension_level":0}}