{"host":"mijx6czmnk03eucy","time":1614272132,"event":{"mods":["A Penny For Your Troubles","Act Like it!","Aspiration","BaseMod","Better Altar","Better Debug","Better Skull","Better Third Choice","Better-Laid Plans","BetterRewards","Bossed Relics","Colored Map","Colored Powertips","Conspire","Curses Come First","Disable Question Mark Monsters","Displayed Cursed Tome","Dota2Spire","Energized Spire","Evolution","Extra Virgin Snecko Oil","Force Act Four","Fox Events","Gensokyo","GifTheSpireLib","Googly Eyes","Hubris","Infinite Spire","Jedi Mod","Mimic Mod","Minty Spire (QoL Compilation)","Quick Restart","Rare Cards Sparkle","Relic Filter","Relic Stats","Reliquary","Replay The Spire","Ruina","SacredBarkPlus","Smile Girya","Spicy Shops","Spire Arcade","StS++","StSLib","Stuff the Spire","The Blue Laboratory","Uncapped","Wandering Minibosses","Wide Potions","??????REMEMod"],"gold_per_floor":[110,121,46,57,9,9,19,19,19,46,365,39,67,86,86,189,189,204,204,204,219,28,28,54,54,54],"floor_reached":25,"language":"ENG","playtime":3455,"items_purged":["Strike_B","Strike_B"],"score":354,"play_id":"1bd53164-b2e2-4508-af8e-3e5321c3eccc","local_time":"20210225165532","is_ascension_mode":true,"campfire_choices":[{"data":"StuffTheSpire:Synthwave","floor":6,"key":"SMITH"},{"floor":15,"key":"REST"},{"data":"REME_SelfUpgrade","floor":23,"key":"SMITH"}],"circlet_count":0,"master_deck":["Rebound","Strike_B","Defend_B","Defend_B","Defend_B","Zap","Dualcast","Cold Snap","StuffTheSpire:Synthwave+1","Go for the Eyes","Replay:Bag of Tricks+1","StSpp:TargetLocked","Go for the Eyes","Gash","hubris:EnhanceAbility","REME_MagicPocketWatch","REME_EyeOfCthun","Go for the Eyes","Go for the Eyes","jedi:gatheringstorm","Steam+1","Replay:Bag of Tricks+1","REME_Whirling","REME_SelfUpgrade+1","Streamline","Loop+1"],"relics":["Cracked Core","StuffTheSpire:OccultApparatus","REME_ComplimentaryCards","REME_HourglassOfDeath","Centennial Puzzle","jedi:crownofsimplicity","ReplayTheSpireMod:ShopPack","conspire:GlowingRock","aspiration:SecretTechniqueScroll","ruina:Prescript","conspire:IceCreamScoop","Frozen Eye"],"acts_visited":["Exordium","Gensokyo:Gensokyo"],"potions_floor_usage":[2,11,18,21,24,25],"damage_taken":[{"damage":0,"enemies":"Gensokyo:3_Fairies","floor":1,"turns":3},{"damage":13,"enemies":"Gensokyo:Python","floor":2,"turns":6},{"damage":5,"enemies":"Gensokyo:2_Kodama","floor":4,"turns":6},{"damage":0,"enemies":"Gensokyo:LivingMonolith","floor":7,"turns":3},{"damage":0,"enemies":"Gensokyo:Cirno","floor":10,"turns":4},{"damage":32,"enemies":"Gensokyo:VengefulSpirit","floor":11,"turns":6},{"damage":0,"enemies":"Gensokyo:Mamizou","floor":13,"turns":4},{"damage":0,"enemies":"Gensokyo:2_Rabbits","floor":14,"turns":1},{"damage":13,"enemies":"Gensokyo:Reimu","floor":16,"turns":10},{"damage":4,"enemies":"ruina:2_Scarecrows","floor":18,"turns":3},{"damage":6,"enemies":"ruina:3_Bats","floor":21,"turns":3},{"damage":32,"enemies":"ruina:Mountain","floor":24,"turns":7},{"damage":13,"enemies":"ruina:3_Scarecrows","floor":25,"turns":1}],"seed_played":"-5468864417835844516","potions_obtained":[{"floor":1,"key":"REME_GoldPotion"},{"floor":4,"key":"SneckoOil"},{"floor":11,"key":"blueLaboratory:HummingbirdPotion"},{"floor":14,"key":"blueLaboratory:BiasPotion"},{"floor":21,"key":"jedi:coolantleak"},{"floor":24,"key":"blueLaboratory:Moonshine"}],"is_trial":false,"path_per_floor":["M","M","$","M","COS","R","M","?","T","E","M","$","E","M","R","B",null,"M","?","?","M","$","R","E","M"],"character_chosen":"DEFECT","items_purchased":["jedi:crownofsimplicity","ReplayTheSpireMod:ShopPack","Gash","REME_SelfUpgrade","Streamline"],"campfire_rested":1,"item_purchase_floors":[12,12,12,22,22],"current_hp_per_floor":[75,62,62,57,57,57,57,57,57,57,25,25,25,25,47,34,75,71,49,49,43,43,43,11,0,0],"gold":54,"neow_bonus":"TRANSFORM_CARD","is_daily":false,"chose_seed":false,"campfire_upgraded":2,"win_rate":0.0,"timestamp":1614272132,"path_taken":["M","M","$","M","COS","R","M","?","T","E","M","?","E","M","R","BOSS","M","?","?","M","?","R","E","M"],"items_purchased_type":["Relic","Relic","Card","Card","Card"],"build_version":"2020-12-22","purchased_purges":2,"victory":false,"max_hp_per_floor":[75,75,75,75,75,75,75,75,75,75,75,75,75,75,75,75,75,75,75,75,75,75,75,75,75,75],"relic_stats":{"Centennial Puzzle":[15],"counters":[13,57],"obtain_stats":[{"EVO:Axolotl":0,"jedi:crownofsimplicity":12,"aspiration:SecretTechniqueScroll":17,"StuffTheSpire:OccultApparatus":8,"Frozen Eye":18,"Centennial Puzzle":10,"conspire:GlowingRock":13,"REME_HourglassOfDeath":9,"ruina:Prescript":20,"Cracked Core":0,"conspire:IceCreamScoop":24,"REME_ComplimentaryCards":0,"ReplayTheSpireMod:ShopPack":12},{"EVO:Axolotl":0,"jedi:crownofsimplicity":6,"aspiration:SecretTechniqueScroll":9,"StuffTheSpire:OccultApparatus":4,"Frozen Eye":9,"Centennial Puzzle":5,"conspire:GlowingRock":7,"REME_HourglassOfDeath":4,"ruina:Prescript":10,"Cracked Core":0,"conspire:IceCreamScoop":12,"REME_ComplimentaryCards":0,"ReplayTheSpireMod:ShopPack":6},{"EVO:Axolotl":0,"jedi:crownofsimplicity":28,"aspiration:SecretTechniqueScroll":43,"StuffTheSpire:OccultApparatus":18,"Frozen Eye":43,"Centennial Puzzle":22,"conspire:GlowingRock":32,"REME_HourglassOfDeath":18,"ruina:Prescript":46,"Cracked Core":0,"conspire:IceCreamScoop":56,"REME_ComplimentaryCards":0,"ReplayTheSpireMod:ShopPack":28}]},"card_choices":[{"not_picked":["StSpp:Channeliser","Stack","Panic Button"],"picked":"SKIP","floor":1},{"not_picked":["jedi:blockon","Doom and Gloom","BasicCrystalCard"],"picked":"SKIP","floor":2},{"not_picked":["StuffTheSpire:CleanHardDrive","StuffTheSpire:Plugnplay"],"picked":"StuffTheSpire:Synthwave","floor":4},{"not_picked":["Steam","Time Bomb"],"picked":"Go for the Eyes","floor":7},{"not_picked":["Compile Driver","Heatsinks"],"picked":"StSpp:TargetLocked","floor":10},{"not_picked":["jedi:blockon","Panic Button"],"picked":"Go for the Eyes","floor":11},{"not_picked":["ReplayTheSpireMod:Brewmster","Midas Touch"],"picked":"hubris:EnhanceAbility","floor":12},{"not_picked":["jedi:forcepull","REME_BodyOfCthun"],"picked":"REME_MagicPocketWatch","floor":12},{"not_picked":["Crow Ritual","REME_FirmDetermination"],"picked":"REME_EyeOfCthun","floor":12},{"not_picked":["ReplaySort","Conserve Battery"],"picked":"Go for the Eyes","floor":13},{"not_picked":["REME_SelfUpgrade","Barrage"],"picked":"Go for the Eyes","floor":14},{"not_picked":["StuffTheSpire:Purify","hubris:DoWhile"],"picked":"jedi:gatheringstorm","floor":16},{"not_picked":["Stack+1","Ball Lightning"],"picked":"Steam+1","floor":18},{"not_picked":["jedi:blockon+1","REME_Whirling","Darkness"],"picked":"SKIP","floor":21},{"not_picked":["jedi:blockon+1","Darkness"],"picked":"REME_Whirling","floor":21},{"not_picked":["Fusion","ReplaySort","Beam Cell","jedi:BurstFrost+1"],"picked":"Loop+1","floor":24}],"player_experience":788270,"relics_obtained":[{"floor":9,"key":"REME_HourglassOfDeath"},{"floor":10,"key":"Centennial Puzzle"},{"floor":13,"key":"conspire:GlowingRock"},{"floor":24,"key":"conspire:IceCreamScoop"}],"event_choices":[],"is_beta":false,"boss_relics":[{"not_picked":["energizedSpire:UnstableMolecules","reliquary:Craggleroot"],"picked":"aspiration:SecretTechniqueScroll"}],"items_purged_floors":[3,22],"is_endless":false,"potions_floor_spawned":[1,4,11,14,21,24],"killed_by":"ruina:3_Scarecrows","ascension_level":4}}