{"host":"lsq35p0sdkx2xifo","time":1614228309,"event":{"mods":["AchievementEnabler","BaseMod","Highlight Path","Minty Spire (QoL Compilation)","StSLib"],"gold_per_floor":[113,263,50,0,12,12,44,55,107,129,129,147,147,181,181,252,252,271,196,96,96,96],"floor_reached":21,"language":"ENG","playtime":1146,"items_purged":["Doubt","Defend_G"],"score":389,"play_id":"c13c08e4-5857-4c87-a2aa-d07105c06d33","local_time":"20210224204509","is_ascension_mode":true,"campfire_choices":[{"floor":6,"key":"REST"},{"floor":11,"key":"REST"},{"floor":13,"key":"REST"},{"data":"After Image","floor":15,"key":"SMITH"}],"circlet_count":0,"master_deck":["AscendersBane","Strike_G","Strike_G","Strike_G","Defend_G","Defend_G","Defend_G","Survivor","Neutralize","After Image+1","Blade Dance","A Thousand Cuts","Blade Dance","Outmaneuver","Quick Slash","Bullet Time","Leg Sweep","Bullet Time","Adrenaline"],"relics":["Ring of the Snake","PreservedInsect","Juzu Bracelet","Odd Mushroom","Pen Nib","Empty Cage"],"acts_visited":["Exordium","TheCity"],"potions_floor_usage":[7,14,16,21],"damage_taken":[{"damage":14,"enemies":"Jaw Worm","floor":1,"turns":8},{"damage":2,"enemies":"2 Louse","floor":5,"turns":2},{"damage":20,"enemies":"Gremlin Nob","floor":7,"turns":5},{"damage":6,"enemies":"Small Slimes","floor":8,"turns":2},{"damage":11,"enemies":"The Mushroom Lair","floor":10,"turns":3},{"damage":21,"enemies":"Exordium Wildlife","floor":12,"turns":6},{"damage":0,"enemies":"Lagavulin","floor":14,"turns":5},{"damage":18,"enemies":"Hexaghost","floor":16,"turns":13},{"damage":0,"enemies":"Spheric Guardian","floor":18,"turns":4},{"damage":71,"enemies":"Masked Bandits","floor":21,"turns":5}],"seed_played":"-4445166207598442073","potions_obtained":[{"floor":7,"key":"Fruit Juice"},{"floor":10,"key":"Strength Potion"},{"floor":12,"key":"Swift Potion"},{"floor":16,"key":"Explosive Potion"}],"is_trial":false,"path_per_floor":["M","?","$","?","M","R","E","M","T","?","R","M","R","E","R","B",null,"M","?","$","?"],"character_chosen":"THE_SILENT","items_purchased":["A Thousand Cuts","Blade Dance"],"campfire_rested":3,"item_purchase_floors":[3,3],"current_hp_per_floor":[45,45,45,45,43,62,47,41,41,30,51,30,51,51,51,33,62,62,62,62,0,0],"gold":96,"neow_bonus":"ONE_RANDOM_RARE_CARD","is_daily":false,"chose_seed":false,"campfire_upgraded":1,"win_rate":0.0,"timestamp":1614228309,"path_taken":["M","?","$","?","M","R","E","M","T","?","R","M","R","E","R","BOSS","M","?","$","?"],"items_purchased_type":["Card","Card"],"build_version":"2020-12-22","purchased_purges":2,"victory":false,"max_hp_per_floor":[66,66,66,66,66,66,71,71,71,71,71,71,71,71,71,71,71,71,71,71,71,71],"card_choices":[{"not_picked":["Deflect","Backstab"],"picked":"Blade Dance","floor":1},{"not_picked":["Riddle With Holes","Deadly Poison"],"picked":"Outmaneuver","floor":5},{"not_picked":["Malaise","Deadly Poison","Dagger Spray"],"picked":"SKIP","floor":7},{"not_picked":["Poisoned Stab","Dash"],"picked":"Quick Slash","floor":8},{"not_picked":["Bane","Blade Dance"],"picked":"Bullet Time","floor":10},{"not_picked":["Bouncing Flask","Underhanded Strike"],"picked":"Leg Sweep","floor":12},{"not_picked":["Bouncing Flask","Setup"],"picked":"Bullet Time","floor":14},{"not_picked":["Phantasmal Killer","Glass Knife"],"picked":"Adrenaline","floor":16},{"not_picked":["Dodge and Roll","Leg Sweep","Deadly Poison"],"picked":"SKIP","floor":18}],"player_experience":1317554,"relics_obtained":[{"floor":7,"key":"PreservedInsect"},{"floor":9,"key":"Juzu Bracelet"},{"floor":10,"key":"Odd Mushroom"},{"floor":14,"key":"Pen Nib"}],"event_choices":[{"damage_healed":0,"gold_gain":150,"player_choice":"AGREE","damage_taken":0,"max_hp_gain":0,"max_hp_loss":0,"event_name":"Liars Game","floor":2,"gold_loss":0,"cards_obtained":["Doubt"]},{"damage_healed":0,"gold_gain":0,"player_choice":"Left Gold","damage_taken":0,"max_hp_gain":0,"max_hp_loss":0,"event_name":"World of Goop","floor":4,"gold_loss":50},{"damage_healed":0,"gold_gain":0,"player_choice":"Fought Mushrooms","damage_taken":0,"max_hp_gain":0,"max_hp_loss":0,"event_name":"Mushrooms","floor":10,"gold_loss":0},{"cards_removed":["Strike_G"],"damage_healed":0,"gold_gain":0,"player_choice":"Gave Gold","damage_taken":0,"max_hp_gain":0,"max_hp_loss":0,"event_name":"Beggar","floor":19,"gold_loss":75},{"damage_healed":0,"gold_gain":0,"player_choice":"Fought Bandits","damage_taken":0,"max_hp_gain":0,"max_hp_loss":0,"event_name":"Masked Bandits","floor":21,"gold_loss":0}],"is_beta":false,"boss_relics":[{"not_picked":["Black Star","HoveringKite"],"picked":"Empty Cage"}],"items_purged_floors":[3,20],"is_endless":false,"potions_floor_spawned":[7,10,12,16],"killed_by":"Masked Bandits","ascension_level":17}}