{"host":"5lv0icc8l08nkbqt","time":1614253308,"event":{"mods":["Act Like it!","Aspiration","BaseMod","Colored Map","Conspire","Elementarium","Energized Spire","Gensokyo","Hallownest","Hubris","JesterMod","Jorbs\u0027s Wanderer Trilogy","Marisa????????","Menagerie","Minty Spire (QoL Compilation)","Pale of the Ancients","Reliquary","Replay The Spire","Ruina","Shade Mod","Spicy Shops","StSLib","The Blue Laboratory","The Disciple","The Hierophant","The Marked","Wandering Minibosses"],"gold_per_floor":[117,137,154,172,22,53,53,53,76,76,92,92,125,125,125,220,220,232,232,244,244,244],"floor_reached":21,"language":"ENG","playtime":1313,"items_purged":["jesterMod:Defend"],"score":197,"play_id":"ffeb82c0-bd4b-44f9-abcd-4417a2977709","local_time":"20210225154148","is_ascension_mode":true,"campfire_choices":[{"data":"jesterMod:Tinker","floor":8,"key":"SMITH"},{"floor":15,"key":"REST"}],"circlet_count":0,"master_deck":["jesterMod:Strike","jesterMod:Sickle","jesterMod:Dodge","jesterMod:Tinker+1","jesterMod:Pause","jesterMod:BouncingKnife","jesterMod:Inspiration","jesterMod:Placebo","jesterMod:Precipitation","Menagerie:BeastSpirit","Flechettes","hubris:SlightOfHand","Flying Knee","jesterMod:Overthink","jesterMod:Inspiration","jesterMod:LaughingGas","Draining Mist","Dodge and Roll","All Out Attack","jesterMod:BouncingKnife"],"relics":["jesterMod:JesterCap","Pear","Replay:Wax Seal","Sundial","jesterMod:LoadedDice","Frozen Eye"],"acts_visited":["Exordium","Menagerie:Menagerie"],"potions_floor_usage":[16],"damage_taken":[{"damage":3,"enemies":"Menagerie:MonstrousExperiment","floor":1,"turns":5},{"damage":2,"enemies":"Menagerie:WhisperingWraith","floor":2,"turns":4},{"damage":1,"enemies":"Menagerie:2_RABBITS","floor":3,"turns":4},{"damage":1,"enemies":"Menagerie:EntropyWarlock","floor":4,"turns":4},{"damage":27,"enemies":"Menagerie:VoidReaper","floor":6,"turns":7},{"damage":25,"enemies":"Menagerie:STYGIAN_BOAR_AND_WHISPERING_WRAITH","floor":11,"turns":6},{"damage":17,"enemies":"Menagerie:Hydra","floor":13,"turns":4},{"damage":30,"enemies":"Menagerie:Chimera","floor":16,"turns":9},{"damage":25,"enemies":"ruina:Nosferatu","floor":18,"turns":4},{"damage":41,"enemies":"ruina:3_Bats","floor":20,"turns":5},{"damage":10,"enemies":"ruina:3_Scarecrows","floor":21,"turns":1}],"seed_played":"1743016540916118347","potions_obtained":[{"floor":1,"key":"CultistPotion"},{"floor":4,"key":"Fire Potion"},{"floor":16,"key":"LiquidMemories"},{"floor":20,"key":"blueLaboratory:HeartbeatPotion"}],"is_trial":false,"path_per_floor":["M","M","M","M","$","E","?","R","T","?","M","?","E","?","R","B",null,"M","?","M","M"],"character_chosen":"THE_JESTER","items_purchased":["jesterMod:Placebo"],"campfire_rested":1,"item_purchase_floors":[5],"current_hp_per_floor":[60,58,57,56,56,39,39,39,39,39,14,31,14,14,35,5,70,45,45,4,0,0],"gold":244,"neow_bonus":"REMOVE_TWO","is_daily":false,"chose_seed":false,"campfire_upgraded":1,"win_rate":0.0,"timestamp":1614253308,"path_taken":["M","M","?","M","$","E","?","R","T","?","?","?","E","?","R","BOSS","M","?","M","?"],"items_purchased_type":["Card"],"build_version":"2020-12-22","purchased_purges":1,"victory":false,"max_hp_per_floor":[63,63,63,63,63,73,70,70,70,70,70,70,70,70,70,70,70,70,70,70,70,70],"card_choices":[{"not_picked":["jesterMod:Taunt","jesterMod:SelfMockery"],"picked":"jesterMod:Tinker","floor":1},{"not_picked":["jesterMod:Hide","jesterMod:Anticipation"],"picked":"jesterMod:Pause","floor":2},{"not_picked":["jesterMod:OblivionStrike","jesterMod:Precipitation"],"picked":"jesterMod:BouncingKnife","floor":3},{"not_picked":["jesterMod:Tinker","jesterMod:Haste"],"picked":"jesterMod:Inspiration","floor":4},{"not_picked":["jesterMod:SelfMockery","jesterMod:Hide"],"picked":"jesterMod:Precipitation","floor":6},{"not_picked":["jesterMod:LightTheWick","jesterMod:Disposophobia"],"picked":"jesterMod:Overthink","floor":11},{"not_picked":["jesterMod:Unleash","jesterMod:Rebuff"],"picked":"jesterMod:Inspiration","floor":13},{"not_picked":["jesterMod:Squander","jesterMod:Trance"],"picked":"jesterMod:LaughingGas","floor":16},{"not_picked":["jesterMod:Feint","jesterMod:QuickStrike+1","jesterMod:Taunt"],"picked":"SKIP","floor":18},{"not_picked":["jesterMod:Anticipation","jesterMod:Precipitation"],"picked":"jesterMod:BouncingKnife","floor":20}],"player_experience":1771074,"relics_obtained":[{"floor":6,"key":"Pear"},{"floor":9,"key":"Replay:Wax Seal"},{"floor":13,"key":"Sundial"}],"event_choices":[{"damage_healed":0,"gold_gain":0,"player_choice":"Knelt","damage_taken":0,"max_hp_gain":0,"max_hp_loss":3,"event_name":"Menagerie:BeastSpiritShrine","floor":7,"gold_loss":0,"cards_obtained":["Menagerie:BeastSpirit"]},{"damage_healed":17,"gold_gain":0,"player_choice":"Goat","damage_taken":0,"max_hp_gain":0,"max_hp_loss":0,"event_name":"Menagerie:ThreeAnimals","floor":12,"gold_loss":0},{"damage_healed":0,"gold_gain":0,"player_choice":"Leave","damage_taken":0,"max_hp_gain":0,"max_hp_loss":0,"event_name":"conspire:Investor","floor":14,"gold_loss":0}],"is_beta":false,"boss_relics":[{"not_picked":["hubris:RunicObelisk","hubris:BlackHole"],"picked":"jesterMod:LoadedDice"}],"items_purged_floors":[5],"is_endless":false,"potions_floor_spawned":[1,4,16,20],"killed_by":"ruina:3_Scarecrows","ascension_level":1}}