{"host":"3z4ju2qnfrhpg6py","time":1614249508,"event":{"mods":["Act Like it!","Arknights","BaseMod","Colored Powertips","Minty Spire (QoL Compilation)","Spicy Shops","StSLib","UnlockEverythingMod","Wide Potions","noobMod","¡¾ÒÅÎï¿¨ÅÆ¡¿REMEMod"],"gold_per_floor":[117,133,133,148,159,188,188,198,223,223,223,252,313,353,353,457,457,475,475,485,93,105,134,166,192,192,240,266,295,343,370,370,483,483,553,553,181,212,243,289,289,334,376,376,425,450,490,520,520,520,520,520,40,81,81],"floor_reached":56,"language":"ZHS","playtime":3504,"items_purged":[],"score":2190,"play_id":"6f9433a0-2f2b-4c42-91f9-5665d8ab795e","local_time":"20210225183828","is_ascension_mode":true,"campfire_choices":[{"data":"ats:Emotion Absorption","floor":7,"key":"SMITH"},{"data":"ats:Ignite","floor":10,"key":"SMITH"},{"data":"ats:Sunburst","floor":15,"key":"SMITH"},{"data":"ats:Apocalypse","floor":32,"key":"SMITH"},{"floor":41,"key":"DIG"},{"data":"Apotheosis","floor":44,"key":"SMITH"},{"floor":49,"key":"RECALL"},{"floor":52,"key":"DIG"}],"circlet_count":0,"master_deck":["AscendersBane","ats:Strike C","ats:Strike G","ats:Strike S","ats:Strike V","ats:Armor Crushing Shot","ats:Defend","ats:Defend","ats:Defend","ats:Defend","ats:Emotion Absorption+1","REME_BattleFury+1","ats:Explosion Area Strengthen","ats:Burning Ground","ats:Volcano","ats:Ignite+1","ats:Guardian Obelisk+1","ats:Absolute Focus","ats:Assault Order","ats:Sunburst+1","ats:Thorns","ats:Calcification+1","ats:Ignite","ats:Ignite","ats:Guardian Obelisk","ats:Curse Doll+1","ats:Very Hot Blade","ats:Sword Rain+1","ats:Support Order+1","ats:Leaping Hammer","ats:Curse Doll+1","ats:Very Hot Blade+1","ats:Apocalypse+1","ats:Nebulous Foxfire","ats:Sunburst+1","ats:Volcano","Apotheosis+1","ats:Emotion Absorption+1","ats:Flame Of Heaven","ats:Emotion Absorption+1","REME_AllRoundStrike","ats:Hook Shot","ats:Burning Ground","Secret Technique","REME_MagicPocketWatch+1","REME_TwoStrings+1","ats:Sunburst+1","ats:Very Hot Blade+1"],"relics":["ats:Sanity","REME_ComplimentaryCards","ice","ats:Originium","REME_LimitBreaker","REME_PuzzleBoxRelic","ats:Hidden Killer","Akabeko","Calipers","Black Star","Orrery","Question Card","Orichalcum","ats:Gyao","ats:Military Tradition","ats:Spiritual Recovery","Matryoshka","Shuriken","Bird Faced Urn","REME_LowDesire","Bag of Preparation","Dream Catcher","DollysMirror","Omamori","Shovel","Molten Egg 2","ats:Bonebreaker","Incense Burner","Anchor","Oddly Smooth Stone","Regal Pillow","Letter Opener","Happy Flower","ats:Ability Aura","Bottled Lightning","War Paint","InkBottle","Blue Candle","Pear"],"acts_visited":["Exordium","TheCity","TheBeyond","TheEnding"],"potions_floor_usage":[14,55,55,55],"damage_taken":[{"damage":12.0,"enemies":"Jaw Worm","floor":1.0,"turns":2.0},{"damage":3.0,"enemies":"ats:Genji","floor":2.0,"turns":3.0},{"damage":10.0,"enemies":"2 Louse","floor":4.0,"turns":2.0},{"damage":21.0,"enemies":"Lots of Slimes","floor":5.0,"turns":3.0},{"damage":15,"enemies":"Lagavulin","floor":6,"turns":5},{"damage":32,"enemies":"Gremlin Gang","floor":8,"turns":3},{"damage":0,"enemies":"Gremlin Nob","floor":12,"turns":3},{"damage":0,"enemies":"3 Sentries","floor":13,"turns":3},{"damage":11,"enemies":"Looter","floor":14,"turns":2},{"damage":0,"enemies":"The Guardian","floor":16,"turns":5},{"damage":0,"enemies":"Spheric Guardian","floor":18,"turns":1},{"damage":12,"enemies":"Shell Parasite","floor":20,"turns":3},{"damage":7,"enemies":"Centurion and Healer","floor":22,"turns":3},{"damage":23,"enemies":"Gremlin Leader","floor":23,"turns":3},{"damage":0,"enemies":"Cultist and Chosen","floor":24,"turns":3},{"damage":0,"enemies":"Snake Plant","floor":25,"turns":3},{"damage":28,"enemies":"Slavers","floor":27,"turns":2},{"damage":0,"enemies":"Snecko","floor":28,"turns":3},{"damage":0,"enemies":"Cultist and Chosen","floor":29,"turns":2},{"damage":7,"enemies":"Book of Stabbing","floor":30,"turns":3},{"damage":17,"enemies":"Snake Plant","floor":31,"turns":2},{"damage":0,"enemies":"Collector","floor":33,"turns":4},{"damage":0,"enemies":"Orb Walker","floor":35,"turns":1},{"damage":0,"enemies":"3 Darklings","floor":38,"turns":3},{"damage":30,"enemies":"4 Shapes","floor":39,"turns":2},{"damage":2,"enemies":"Giant Head","floor":40,"turns":3},{"damage":9,"enemies":"Nemesis","floor":42,"turns":3},{"damage":0,"enemies":"Reptomancer","floor":45,"turns":2},{"damage":0,"enemies":"Transient","floor":46,"turns":4},{"damage":0,"enemies":"Nemesis","floor":47,"turns":2},{"damage":0,"enemies":"Maw","floor":48,"turns":3},{"damage":25,"enemies":"Awakened One","floor":50,"turns":4},{"damage":28,"enemies":"Shield and Spear","floor":54,"turns":3},{"damage":73,"enemies":"The Heart","floor":55,"turns":4}],"seed_played":"-4041117539616255271","potions_obtained":[{"floor":2.0,"key":"SkillPotion"},{"floor":5.0,"key":"FearPotion"},{"floor":13,"key":"REME_GoldPotion"},{"floor":16,"key":"Regen Potion"},{"floor":35,"key":"DistilledChaos"},{"floor":46,"key":"Block Potion"}],"is_trial":false,"path_per_floor":["M","M","?","M","M","E","R","M","T","R","?","E","?","M","R","B",null,"M","?","M","$","M","E","M","M","T","E","M","M","E","M","R","B",null,"M","?","$","M","M","E","R","E","T","R","E","M","E","M","R","B",null,"R","$","E","B",null],"character_chosen":"DOCTOR_CLASS","items_purchased":["Orrery","Question Card","ats:Flame Of Heaven","DollysMirror","Omamori","War Paint","InkBottle","ats:Sunburst+1"],"campfire_rested":0,"item_purchase_floors":[21,21,37,37,37,53,53,53],"current_hp_per_floor":[53,50,55,45,24,77,77,45,45,45,20,81,81,70,70,70,87,87,69,57,57,53,57,58,58,58,30,30,30,27,17,17,28,105,107,107,107,123,107,110,110,107,107,107,119,134,136,140,140,126,144,144,144,136,77],"gold":81,"neow_bonus":"UPGRADE_CARD","is_daily":false,"chose_seed":false,"campfire_upgraded":5,"win_rate":0.0,"timestamp":1614249508,"path_taken":["M","M","?","M","M","E","R","M","T","R","?","E","?","M","R","BOSS","M","?","M","$","M","E","M","M","T","E","M","M","E","M","R","BOSS","M","?","$","M","M","E","R","E","T","R","E","?","E","M","R","BOSS","R","$","E","BOSS"],"items_purchased_type":["Relic","Relic","Card","Relic","Relic","Relic","Relic","Card"],"build_version":"2020-12-22","purchased_purges":0,"victory":true,"max_hp_per_floor":[72,72,77,77,77,77,77,81,81,81,81,81,82,83,83,92,92,92,97,100,100,103,110,113,116,116,119,120,122,127,130,130,131,131,131,131,131,134,140,141,141,142,142,142,144,147,147,148,148,150,150,150,150,167,228],"card_choices":[{"not_picked":["ats:Revitalization","ats:Cat Scratch"],"picked":"ats:Explosion Area Strengthen","floor":1.0},{"not_picked":["ats:Ignite","ats:Red Shift"],"picked":"ats:Burning Ground","floor":2.0},{"not_picked":["ats:Serious Mode","ats:Flexible Camouflage"],"picked":"ats:Volcano","floor":4.0},{"not_picked":["ats:Assault Order","ats:Serious Mode"],"picked":"ats:Ignite","floor":5.0},{"not_picked":["ats:Soul Absorption","ats:Hammer On"],"picked":"ats:Guardian Obelisk","floor":6},{"not_picked":["ats:Hammer On","ats:Poison Spread"],"picked":"ats:Absolute Focus","floor":8},{"not_picked":["ats:Flexible Camouflage","ats:Rat Pack"],"picked":"ats:Assault Order","floor":12},{"not_picked":["ats:Explosion Area Strengthen","ats:Ignite"],"picked":"ats:Sunburst","floor":13},{"not_picked":["ats:Closed Bolt Burst Fire","ats:Magnetic Hammer"],"picked":"ats:Thorns","floor":14},{"not_picked":["ats:Roar Of Ursus","ats:Ambush"],"picked":"ats:Calcification","floor":16},{"not_picked":["ats:Closed Bolt Burst Fire","ats:Automatic Cover"],"picked":"ats:Ignite","floor":18},{"not_picked":["ats:Hammer On","ats:Beaten Up","ats:Shadow Raid"],"picked":"SKIP","floor":20},{"not_picked":["ats:Revitalization","ats:Chain Hook+1"],"picked":"ats:Ignite","floor":21},{"not_picked":["ats:Soul Absorption","ats:Sashimi Platter"],"picked":"ats:Guardian Obelisk","floor":21},{"not_picked":["ats:Flexible Camouflage","ats:LN2 Cannon"],"picked":"ats:Curse Doll+1","floor":21},{"not_picked":["ats:Sunburst","ats:Curse Doll"],"picked":"ats:Very Hot Blade","floor":21},{"not_picked":["ats:Counter Healing Mode","ats:Closed Bolt Burst Fire","ats:Consecutive Shot Auto"],"picked":"ats:Sword Rain+1","floor":22},{"not_picked":["ats:Apocalypse","ats:True Silver Slash","ats:Guard Mode"],"picked":"ats:Support Order+1","floor":23},{"not_picked":["ats:Blood Oath+1","ats:Flexible Camouflage+1","ats:Shell Defense"],"picked":"ats:Leaping Hammer","floor":24},{"not_picked":["ats:Powerful Strike","ats:Demon Strength","ats:Guard Mode"],"picked":"ats:Curse Doll+1","floor":25},{"not_picked":["ats:True Silver Slash","ats:Shell Defense","ats:Explosion Area Strengthen","ats:Composite Medical Shells+1"],"picked":"SKIP","floor":27},{"not_picked":["ats:Demon Strength","ats:Curse Doll+1","ats:Powerful Strike"],"picked":"ats:Very Hot Blade+1","floor":28},{"not_picked":["ats:LN2 Cannon","ats:Absolute Focus","ats:Poison Spread"],"picked":"ats:Apocalypse","floor":29},{"not_picked":["ats:Consecutive Shot Auto+1","ats:Curse Doll+1","ats:Apocalypse"],"picked":"ats:Nebulous Foxfire","floor":30},{"not_picked":["ats:Serious Mode","ats:Cat Scratch+1","ats:Leaping Hammer"],"picked":"ats:Sunburst+1","floor":31},{"not_picked":["ats:Echo Reverb","ats:True Silver Slash","ats:Ambush"],"picked":"ats:Volcano","floor":33},{"not_picked":["ats:Sashimi Platter","ats:Assault Order+1","ats:Flexible Camouflage","ats:Explosion Area Strengthen+1"],"picked":"Apotheosis","floor":35},{"not_picked":["ats:Defend Order","ats:Powerful Strike+1","ats:Poison Spread","ats:Hammer On"],"picked":"REME_AllRoundStrike","floor":38},{"not_picked":["ats:Consecutive Shot Auto+1","ats:Sword Rain+1","ats:Serious Mode+1","PanicButton+1"],"picked":"ats:Hook Shot","floor":39},{"not_picked":["ats:Chain Hook+1","ats:Shell Defense","ats:Curse Doll","ats:Roar Of Ursus","REME_BuildACard"],"picked":"SKIP","floor":40},{"not_picked":["ats:Guard Mode+1","ats:Blood Oath+1","ats:Apocalypse+1","Apotheosis"],"picked":"ats:Burning Ground","floor":42},{"not_picked":["ats:Absolute Focus","ats:Spore Proliferation+1","ats:Curse Doll+1","ats:Assault Order+1"],"picked":"Secret Technique","floor":45},{"not_picked":["ats:Healing Strengthening","ats:Fractured Body","ats:Apocalypse","ats:Leaping Hammer+1"],"picked":"REME_MagicPocketWatch+1","floor":46},{"not_picked":["ats:True Silver Slash+1","ats:Shell Defense","ats:Hammer On+1","ats:Support Order","Forethought"],"picked":"SKIP","floor":47},{"not_picked":["ats:Assault Order","ats:Shadow Raid","ats:Guardian Obelisk","ats:Apocalypse"],"picked":"REME_TwoStrings+1","floor":48},{"not_picked":["ats:Hammer On+1","ats:Leaping Hammer+1","ats:Closed Bolt Burst Fire+1","Secret Technique"],"picked":"ats:Very Hot Blade+1","floor":54}],"player_experience":43634,"relics_obtained":[{"floor":6,"key":"ats:Originium"},{"floor":6,"key":"REME_LimitBreaker"},{"floor":9,"key":"REME_PuzzleBoxRelic"},{"floor":12,"key":"ats:Originium"},{"floor":12,"key":"Akabeko"},{"floor":13,"key":"Calipers"},{"floor":23,"key":"ats:Originium"},{"floor":23,"key":"Orichalcum"},{"floor":23,"key":"ats:Gyao"},{"floor":26,"key":"ats:Military Tradition"},{"floor":27,"key":"ats:Originium"},{"floor":27,"key":"ats:Spiritual Recovery"},{"floor":27,"key":"Matryoshka"},{"floor":30,"key":"Shuriken"},{"floor":30,"key":"Bird Faced Urn"},{"floor":34,"key":"Bag of Preparation"},{"floor":34,"key":"Dream Catcher"},{"floor":40,"key":"Shovel"},{"floor":40,"key":"Molten Egg 2"},{"floor":41,"key":"ats:Bonebreaker"},{"floor":42,"key":"Incense Burner"},{"floor":42,"key":"Anchor"},{"floor":43,"key":"Oddly Smooth Stone"},{"floor":45,"key":"Regal Pillow"},{"floor":45,"key":"Letter Opener"},{"floor":47,"key":"Happy Flower"},{"floor":47,"key":"ats:Ability Aura"},{"floor":52,"key":"Bottled Lightning"},{"floor":54,"key":"Blue Candle"},{"floor":54,"key":"Pear"}],"event_choices":[{"damage_healed":0.0,"max_hp_gain":5.0,"max_hp_loss":0.0,"gold_gain":0.0,"event_name":"Big Fish","player_choice":"Donut","floor":3.0,"gold_loss":0.0,"damage_taken":0.0},{"damage_healed":0,"gold_gain":0,"player_choice":"Success","damage_taken":25,"relics_obtained":["ats:Hidden Killer"],"max_hp_gain":0,"max_hp_loss":0,"event_name":"Scrap Ooze","floor":11,"gold_loss":0},{"damage_healed":0,"gold_gain":0,"player_choice":"Searched \u00271\u0027 times","damage_taken":0,"max_hp_gain":0,"max_hp_loss":0,"event_name":"Dead Adventurer","floor":13,"gold_loss":0},{"damage_healed":0,"gold_gain":0,"player_choice":"Shed Blood","damage_taken":23,"max_hp_gain":5,"max_hp_loss":0,"event_name":"Forgotten Altar","floor":19,"gold_loss":0},{"damage_healed":0,"gold_gain":0,"player_choice":"Copied","damage_taken":0,"max_hp_gain":0,"max_hp_loss":0,"event_name":"Duplicator","floor":36,"gold_loss":0,"cards_obtained":["ats:Emotion Absorption"]}],"is_beta":false,"boss_relics":[{"not_picked":["REME_ChargedStone","REME_DemonsWealth"],"picked":"Black Star"},{"not_picked":["Snecko Eye","Velvet Choker"],"picked":"REME_LowDesire"}],"items_purged_floors":[],"is_endless":false,"potions_floor_spawned":[2,5,13,16,18,22,24,28,30,35,42,46],"ascension_level":10}}