{"host":"iovigr651ajk16h5","time":1614215417,"event":{"mods":["2.2 Compatiblity","AchievementEnabler","Aspiration","BaseMod","Better Altar","Better Match","Better Note","Better Sensory Stone","Better Skull","Better Third Choice","Block Reminder","CapriCore","Colored Map","Ekko","Energized Spire","GifTheSpireLib","GungeonMod","Halation","Hermit","Highlight Path","Hubris","Infinite Spire","Koishi","Luminous","Marisa????????","Minty Spire (QoL Compilation)","Nova Terra(??·??)","Onozuka Komachi Mod","Permanent Neow","Prisma Mod","Quick Restart","Railgun Mod","Remilia??????","Replay The Spire","StSLib","Stuff the Spire","Td1madao Mod","The Administrix","The Bladedancer","The Bug Knight","The Construct","The Exalted","The Immortal","The Marked","The Problem Sleuth","The Servant 0.9.4","TheFirefly","TheSwordswoman","Trackpad","Waifu the Spire","WarShipGirlsR/????R mod","everything is the same but u backflip on backflip"],"gold_per_floor":[112,112,112,112,132,4,17,17,48,48,75,75,75,75],"floor_reached":12,"language":"ENG","playtime":207,"items_purged":["MokouMod:Strike"],"score":76,"play_id":"f6b274a0-320d-467b-a3dd-1e48b224c64b","local_time":"20210224201017","is_ascension_mode":false,"campfire_choices":[{"data":"MokouMod:IndiscriminateIgnition","floor":8,"key":"SMITH"},{"floor":10,"key":"REST"}],"circlet_count":0,"master_deck":["MokouMod:Strike","MokouMod:Strike","MokouMod:Strike","MokouMod:Strike","MokouMod:Defend","MokouMod:Defend","MokouMod:Defend","MokouMod:Defend","MokouMod:HeatSpark","MokouMod:IndiscriminateIgnition+1","MokouMod:ShiftIgnition","MokouMod:Ember","MokouMod:RoaringFlare","MokouMod:Afterburner"],"relics":["MokouMod:PhoenixFeather","NeowsBlessing","Blue Candle"],"acts_visited":["Exordium"],"potions_floor_usage":[],"damage_taken":[{"damage":0,"enemies":"Small Slimes","floor":1,"turns":1},{"damage":0,"enemies":"Cultist","floor":5,"turns":1},{"damage":0,"enemies":"2 Louse","floor":7,"turns":1},{"damage":17,"enemies":"Gremlin Nob","floor":9,"turns":4},{"damage":0,"enemies":"3 Sentries","floor":12,"turns":1}],"seed_played":"-1853843632972996631","potions_obtained":[{"floor":1,"key":"BlessingOfTheForge"}],"is_trial":false,"path_per_floor":["M","?","PTL","PTL","M","$","M","R","E","R","T","E"],"character_chosen":"MKU","items_purchased":["MokouMod:Ember"],"campfire_rested":1,"item_purchase_floors":[6],"current_hp_per_floor":[75,75,75,75,75,75,75,75,58,75,75,75,75,75],"gold":75,"neow_bonus":"THREE_ENEMY_KILL","is_daily":false,"chose_seed":false,"campfire_upgraded":1,"win_rate":0.0,"timestamp":1614215417,"path_taken":["M","?","PTL","PTL","M","$","M","R","E","R","T","E"],"items_purchased_type":["Card"],"build_version":"2020-12-22","purchased_purges":1,"victory":false,"max_hp_per_floor":[75,75,75,75,75,75,75,75,75,75,75,75,75,75],"card_choices":[{"not_picked":["MokouMod:Sear","MokouMod:HeartofFire"],"picked":"MokouMod:IndiscriminateIgnition","floor":1},{"not_picked":["MokouMod:EternalBurstReactor","MokouMod:Stoke"],"picked":"MokouMod:ShiftIgnition","floor":5},{"not_picked":["MokouMod:FlickeringFlame","MokouMod:IllusoryBattlefield"],"picked":"MokouMod:RoaringFlare","floor":7},{"not_picked":["MokouMod:FlickeringFlame","MokouMod:Singe"],"picked":"MokouMod:Afterburner","floor":9}],"player_experience":418803,"relics_obtained":[{"floor":9,"key":"Blue Candle"}],"event_choices":[],"is_beta":false,"boss_relics":[],"items_purged_floors":[6],"is_endless":false,"potions_floor_spawned":[1],"killed_by":"3 Sentries","ascension_level":0}}