{"host":"o3b7ow6d1xe49css","time":1614297269,"event":{"mods":["Act Like it!","Aspiration","BaseMod","Bestiary","Better Altar","Better Match","Better Note","Better Sensory Stone","Better Skull","Better Third Choice","Colored Powertips","Conspire","Energized Spire","Force Act Four","GifTheSpireLib","Halation","Hermit","Hubris","Infinite Spire","Lobotomy","Minty Spire (QoL Compilation)","Quick Restart","Rare Cards Sparkle","Relic Filter Mod","Reliquary","Replay The Spire","Spicy Shops","Spikes Relics","StSLib","Stuff the Spire","The Blue Laboratory","The Jungle","Wandering Minibosses"],"gold_per_floor":[110,122,133,133,0,29,29,40,40,53,82,113,113,145,145,240,240,257,268,268,24,24,55,55,55,55,89,89,114,114,140,140,243,243,263,275,24,24,24,55,89,124,198,233,233,259,259,259,259,362,362,362,5,39,138],"floor_reached":56,"language":"ENG","playtime":2397,"items_purged":["Pain","Strike_R","Strike_R"],"score":2004,"play_id":"41ebc237-c0db-4f86-94e8-040ca2e620d7","local_time":"20210225145429","daily_mods":["Heirloom","Flight"],"is_ascension_mode":true,"campfire_choices":[{"data":"Sword Boomerang","floor":7,"key":"SMITH"},{"floor":13,"key":"RECALL"},{"data":"Double Tap","floor":15,"key":"SMITH"},{"data":"ReplayTheSpireMod:Stacked","floor":24,"key":"SMITH"},{"data":"Burning Pact","floor":28,"key":"SMITH"},{"data":"StuffTheSpire:Slingshot","floor":30,"key":"SMITH"},{"data":"Burning Pact","floor":32,"key":"SMITH"},{"data":"conspire:HitWhereItHurts","floor":47,"key":"SMITH"},{"data":"infinitespire:UltimateForm","floor":49,"key":"SMITH"},{"data":"Spot Weakness","floor":52,"key":"SMITH"}],"circlet_count":0,"master_deck":["Strike_R","Defend_R","Defend_R","Defend_R","Defend_R","Bash","Sword Boomerang+1","UniverseFragment","Replay:Undeath\u0027s Touch+1","StuffTheSpire:Slingshot+1","ReplayTheSpireMod:Stacked+1","Double Tap+1","Burning Pact+1","Thunderclap","Reaper","Metallicize+1","Burning Pact+1","conspire:HitWhereItHurts+1","Spot Weakness+1","Dropkick","infinitespire:UltimateForm+1","Shrug It Off","Barricade"],"relics":["Burning Blood","Ring of Chaos","CrustySpines","CogitoBucket","PreservedInsect","LugNut","Garlic","SkinProphecy","infinitespire:Golems Mask","Replay:Bottled Snecko","infinitespire:Joker Card","Sandwich","hubris:PeanutButter","Anchor","BrokenLever","Juzu Bracelet","StuffTheSpire:Gunfinga","ChewingGum","ResearcherNote","Anchor","conspire:GiftBox","hubris:IronBody","Mercury Hourglass","Bottled Flame","hubris:SlimyHat","Nunchaku","Ring of Chaos","halation:PromiseList","Replay:WaspNest"],"acts_visited":["Exordium","Exordium","TheBeyond","Exordium","TheEnding"],"potions_floor_usage":[6,12,14,14,31,33,41,41,50,55],"damage_taken":[{"damage":0,"enemies":"Small Slimes","floor":1,"turns":3},{"damage":1,"enemies":"Cultist","floor":2,"turns":3},{"damage":0,"enemies":"2 Louse","floor":3,"turns":2},{"damage":5,"enemies":"3 Sentries","floor":6,"turns":3},{"damage":15,"enemies":"Looter","floor":8,"turns":6},{"damage":11,"enemies":"Exordium Wildlife","floor":10,"turns":4},{"damage":3,"enemies":"Replay:BlueRogue","floor":11,"turns":3},{"damage":0,"enemies":"Gremlin Nob","floor":12,"turns":2},{"damage":8,"enemies":"3 Sentries","floor":14,"turns":5},{"damage":21,"enemies":"The Guardian","floor":16,"turns":5},{"damage":0,"enemies":"Shell Parasite","floor":18,"turns":6},{"damage":0,"enemies":"theJungle:GiantWrat","floor":19,"turns":2},{"damage":0,"enemies":"theJungle:2_Phrogs","floor":23,"turns":3},{"damage":0,"enemies":"theJungle:MamaSnecko","floor":27,"turns":3},{"damage":0,"enemies":"theJungle:Cassacara","floor":29,"turns":3},{"damage":0,"enemies":"Nightmare","floor":31,"turns":3},{"damage":6,"enemies":"theJungle:TotemBoss","floor":33,"turns":6},{"damage":10,"enemies":"3 Shapes","floor":35,"turns":8},{"damage":0,"enemies":"3 Darklings","floor":36,"turns":2},{"damage":2,"enemies":"R_Hoarder","floor":40,"turns":3},{"damage":0,"enemies":"Nightmare","floor":41,"turns":2},{"damage":0,"enemies":"R_Hoarder","floor":42,"turns":5},{"damage":0,"enemies":"Giant Head","floor":44,"turns":3},{"damage":0,"enemies":"conspire:MimicChest","floor":46,"turns":2},{"damage":30,"enemies":"infinitespire:MassOfShapes","floor":50,"turns":4},{"damage":2,"enemies":"Shield and Spear","floor":54,"turns":3},{"damage":30,"enemies":"The Heart","floor":55,"turns":6}],"seed_played":"-2166256640654470076","potions_obtained":[{"floor":1,"key":"ColorlessPotion"},{"floor":10,"key":"ColorlessPotion"},{"floor":11,"key":"AttackPotion"},{"floor":12,"key":"blueLaboratory:BottleOfRum"},{"floor":16,"key":"CultistPotion"},{"floor":27,"key":"FearPotion"},{"floor":29,"key":"AttackPotion"},{"floor":31,"key":"PowerPotion"},{"floor":40,"key":"blueLaboratory:HeartbeatPotion"},{"floor":41,"key":"SmokeBomb"},{"floor":42,"key":"Adrenaline Potion"}],"is_trial":true,"path_per_floor":["M","M","M","?","$","E","R","M","T","M","E","E","R","E","R","B",null,"M","M","$","$","?","E","R","AVR","T","E","R","E","R","NM","R","B",null,"M","M","$","?","?","E","NM","E","T","E","?","?","R","?","R","B",null,"R","$","E","B",null],"character_chosen":"IRONCLAD","items_purchased":["PreservedInsect","hubris:PeanutButter","Anchor","halation:PromiseList","Shrug It Off","blueLaboratory:HeartbeatPotion"],"campfire_rested":0,"item_purchase_floors":[5,21,37,53,53,53],"current_hp_per_floor":[80,80,80,80,80,80,80,71,71,66,65,67,67,61,61,42,77,75,77,77,77,77,96,96,96,96,98,98,100,100,102,102,98,103,106,108,108,108,108,108,110,112,112,114,114,120,120,91,91,105,121,121,121,121,109],"gold":138,"neow_bonus":"","is_daily":false,"chose_seed":false,"campfire_upgraded":9,"win_rate":0.0,"timestamp":1614297269,"path_taken":["M","M","M","?","?","E","R","M","T","M","E","E","R","E","R","BOSS","M","M","$","$","?","E","R","AVR","T","E","R","E","R","NM","R","BOSS","M","M","$","?","?","E","NM","E","T","E","?","?","R","?","R","BOSS","R","$","E","BOSS"],"items_purchased_type":["Relic","Relic","Relic","Relic","Card","Potion"],"build_version":"2020-12-22","purchased_purges":3,"victory":true,"max_hp_per_floor":[80,80,80,80,80,80,80,80,80,80,82,84,84,86,86,88,88,92,94,94,94,94,96,96,96,96,98,98,100,100,102,102,104,104,108,110,110,110,110,112,114,116,116,118,118,120,120,120,120,122,122,122,122,124,126],"card_choices":[{"not_picked":["Clash","ReplayTheSpireMod:Stacked"],"picked":"Sword Boomerang","floor":1},{"not_picked":["ShyLook","VoidDream"],"picked":"UniverseFragment","floor":1},{"not_picked":["conspire:ExplosiveBarrier","Headbutt"],"picked":"Replay:Undeath\u0027s Touch","floor":2},{"not_picked":["hubris:ReadiedAction","Run Through"],"picked":"StuffTheSpire:Slingshot","floor":3},{"not_picked":["Bludgeon","Clothesline","Clash"],"picked":"SKIP","floor":6},{"not_picked":["Cleave","hubris:SharpeningStone","Seeing Red"],"picked":"SKIP","floor":8},{"not_picked":["StuffTheSpire:Resist","Armaments"],"picked":"ReplayTheSpireMod:Stacked","floor":10},{"not_picked":["Body Slam","Thunderclap"],"picked":"Double Tap","floor":11},{"not_picked":["ReplayReversal","Cleave"],"picked":"Burning Pact","floor":12},{"not_picked":["Rupture","Havoc"],"picked":"Thunderclap","floor":14},{"not_picked":["Eclipse","Double Tap"],"picked":"Reaper","floor":16},{"not_picked":["Flex","infinitespire:OneForAll+1","StuffTheSpire:Pyroclast+1"],"picked":"SKIP","floor":18},{"not_picked":["Sentinel+1","Iron Wave+1","Reckless Charge"],"picked":"SKIP","floor":19},{"not_picked":["ReplayTheSpireMod:Corrosion Curse","Run Through","conspire:Purge"],"picked":"SKIP","floor":23},{"not_picked":["Demonic Infusion","Reckless Charge"],"picked":"Metallicize+1","floor":27},{"not_picked":["Havoc","Evolve","Clothesline"],"picked":"SKIP","floor":29},{"not_picked":["StuffTheSpire:RockThrow","hubris:ReadiedAction"],"picked":"Burning Pact","floor":31},{"not_picked":["Perfected Strike+1","Disarm","Pommel Strike"],"picked":"SKIP","floor":35},{"not_picked":["Feed","Clothesline","Headbutt+1"],"picked":"SKIP","floor":36},{"not_picked":["hubris:StunningStrike","Immolate"],"picked":"conspire:HitWhereItHurts","floor":40},{"not_picked":["Evolve+1","Exhume","StuffTheSpire:Pyroclast+1"],"picked":"SKIP","floor":40},{"not_picked":["ReplayTheSpireMod:Corrosion Curse+1","hubris:ReadiedAction+1","Sentinel"],"picked":"SKIP","floor":41},{"not_picked":["hubris:ReadiedAction+1","Body Slam+1"],"picked":"Spot Weakness","floor":42},{"not_picked":["Massacre+1","Intimidate","Twin Strike"],"picked":"SKIP","floor":44},{"not_picked":["hubris:Fate","infinitespire:Starlight"],"picked":"infinitespire:UltimateForm","floor":48},{"not_picked":["Anger+1","Combust"],"picked":"Barricade","floor":54}],"player_experience":1494529,"relics_obtained":[{"floor":6,"key":"LugNut"},{"floor":9,"key":"Garlic"},{"floor":11,"key":"infinitespire:Golems Mask"},{"floor":12,"key":"Replay:Bottled Snecko"},{"floor":14,"key":"infinitespire:Joker Card"},{"floor":23,"key":"reliquary:FerryPass"},{"floor":27,"key":"BrokenLever"},{"floor":29,"key":"Juzu Bracelet"},{"floor":31,"key":"StuffTheSpire:Gunfinga"},{"floor":40,"key":"conspire:GiftBox"},{"floor":41,"key":"hubris:IronBody"},{"floor":42,"key":"Mercury Hourglass"},{"floor":43,"key":"Bottled Flame"},{"floor":44,"key":"hubris:SlimyHat"},{"floor":46,"key":"Nunchaku"},{"floor":54,"key":"Replay:WaspNest"}],"event_choices":[{"damage_healed":0,"gold_gain":0,"player_choice":"Upgraded","damage_taken":0,"max_hp_gain":0,"max_hp_loss":0,"event_name":"Upgrade Shrine","floor":4,"gold_loss":0,"cards_upgraded":["Replay:Undeath\u0027s Touch"]},{"cards_removed":["Strike_R"],"damage_healed":0,"gold_gain":0,"player_choice":"Purged","damage_taken":0,"max_hp_gain":0,"max_hp_loss":0,"event_name":"Purifier","floor":22,"gold_loss":0},{"damage_healed":0,"gold_gain":3,"player_choice":"1","damage_taken":0,"max_hp_gain":0,"max_hp_loss":0,"event_name":"betterStone:BetterStone","floor":38,"gold_loss":0},{"damage_healed":0,"gold_gain":0,"player_choice":"Leave","damage_taken":0,"max_hp_gain":0,"max_hp_loss":0,"event_name":"conspire:Investor","floor":39,"gold_loss":0},{"damage_healed":0,"gold_gain":0,"cards_transformed":["Strike_R"],"player_choice":"Transformed","damage_taken":0,"max_hp_gain":0,"max_hp_loss":0,"event_name":"Transmorgrifier","floor":45,"gold_loss":0,"cards_obtained":["Dropkick"]}],"is_beta":false,"boss_relics":[{"not_picked":["hubris:VirtuousBlindfold","aspiration:PoetsPen_weak"],"picked":"Sandwich"},{"not_picked":["halation:LoveArrow","energizedSpire:OgreHead"],"picked":"ChewingGum"},{"not_picked":["halation:ForbiddenBikini","aspiration:FutureDiary","StuffTheSpire:ModemDavis"]}],"items_purged_floors":[5,25,37],"is_endless":true,"potions_floor_spawned":[1,10,11,12,16,27,29,31,40,41,42],"ascension_level":5}}