{"host":"7am2it9afgpzdoy6","time":1614248546,"event":{"mods":["2.2 Compatiblity","ATMod(阿瑾Mod)","Act Like it!","Aspiration","BaseMod","Become a monster 百变怪","Colored Powertips","Conspire","Downfall","Friendly Minions","Gensokyo","Hubris","Infinite Spire","Koishi","LagranYue(拉格朗・月)","Library of Ruina","Library of Ruina Extra","Lobotomy","LobotomyExtend","Mimic Mod","Minty Spire (QoL Compilation)","Quick Restart","Reimu（博丽灵梦）","Remilia（蕾米莉亚）","Replay The Spire","RumiaBox-露米娅的神秘盒子","Shop Mod","StSLib","The Jungle","Waifu the Spire","Wandering Minibosses","Yuyuko","[IsaacMod]以撒尖塔","【遗物卡牌】REMEMod"],"gold_per_floor":[118,128,128,167,186,186,186,186,223,242,257,273,323,323,323,423,423,440,455,71,71,71,71,102,102,126,126,126,126,126,159,159,257,257,269,269,0,0,14,40,51,51,51,65,65,65,91,122,122,122,122],"floor_reached":52,"language":"ZHS","playtime":2931,"items_purged":[],"score":1114,"play_id":"484f9bea-6c3d-4a53-8bb8-491fa1def037","local_time":"20210225182226","is_ascension_mode":false,"campfire_choices":[{"data":"LeRegole","floor":6,"key":"SMITH"},{"data":"TendonChords","floor":8,"key":"SMITH"},{"data":"Observe","floor":15,"key":"SMITH"},{"data":"conspire:Banana","floor":23,"key":"SMITH"},{"data":"StrikeDown","floor":27,"key":"SMITH"},{"data":"GreatSerpentsImpact","floor":32,"key":"SMITH"},{"data":"TieShanKao","floor":42,"key":"SMITH"},{"data":"infinitespire:FutureSight","floor":45,"key":"SMITH"},{"data":"RepressedFlesh","floor":49,"key":"SMITH"}],"circlet_count":0,"master_deck":["Dodge","LightDefense","LightAttack","LightAttack","LightAttack","LightDefense","LightDefense","LightDefense","ChargeAndCover","FocusedStrikes","AT_FamilyPortrait+1","Koishi:GeneticsOfTheUnconscious","TendonChords+1","LeRegole+1","GreatSerpentsImpact+1","FervidEmotions","Observe+1","BattleCommand","conspire:Banana+1","StrikeDown+1","QuickAttack","infinitespire:FutureSight+1","theJungle:PetSnecko","StrikeDown","TieShanKao+1","BiXi+1","BiAn+1","HeavyPeaks+1","TheRedNotes+1","SweepTheBackstreets+1","RepressedFlesh+1"],"relics":["FlyPower:ReiMu","HushsDoor","AT_ATBox","REME_ComplimentaryCards","LagranYue:RandomDrawCardRelic","DeathBook","aspiration:Nostalgia","Slimebound:AbsorbEndCombat","LetterFromLob","Juzu Bracelet","Vajra","Replay:Baseball","AT_BellowingDragoncrestRing","Boot","infinitespire:Cubic Diamond","AT_TrinityForce","PageOfNothingThere","REME_CardOfGreed","theJungle:BirthdayCakeSlice","Bag of Preparation","hubris:SlimyHat","AT_BellDemon","hubris:EvacipatedBox","Chaos","Ornamental Fan","Prayer Wheel","sneckomod:BlankCard","Red Mask","CaptainsWheel","Chemical X","Replay:Kaleidoscope","LagranYue:MagicReflectiveArmorRelic","HonorFeather","DeadEye","LagranYue:RareGoldArmorRelic","EdensBlessing","Medical Kit"],"acts_visited":["Exordium","Exordium","TheBeyond"],"potions_floor_usage":[13,46,46,50,50],"damage_taken":[{"damage":0,"enemies":"Jaw Worm","floor":1,"turns":3},{"damage":3,"enemies":"Small Slimes","floor":2,"turns":2},{"damage":7,"enemies":"Cultist","floor":4,"turns":12},{"damage":0,"enemies":"Cultist","floor":5,"turns":3},{"damage":1,"enemies":"Large Slime","floor":9,"turns":5},{"damage":0,"enemies":"Large Slime","floor":10,"turns":3},{"damage":0,"enemies":"Lots of Slimes","floor":11,"turns":3},{"damage":0,"enemies":"Exordium Wildlife","floor":12,"turns":2},{"damage":14,"enemies":"Hiden Room Battle","floor":13,"turns":5},{"damage":0,"enemies":"Fading Forest","floor":16,"turns":11},{"damage":0,"enemies":"theJungle:GiantWrat","floor":18,"turns":3},{"damage":0,"enemies":"Shell Parasite","floor":19,"turns":2},{"damage":0,"enemies":"theJungle:Cassacara","floor":24,"turns":3},{"damage":0,"enemies":"theJungle:2_Flameangoes","floor":31,"turns":3},{"damage":0,"enemies":"theJungle:QueenSpyder","floor":33,"turns":3},{"damage":0,"enemies":"3 Darklings","floor":35,"turns":1},{"damage":0,"enemies":"3 Shapes","floor":39,"turns":3},{"damage":0,"enemies":"R_Hoarder","floor":40,"turns":3},{"damage":0,"enemies":"3 Darklings","floor":41,"turns":2},{"damage":0,"enemies":"Spire Growth","floor":44,"turns":2},{"damage":0,"enemies":"Writhing Mass","floor":46,"turns":2},{"damage":0,"enemies":"conspire:MimicChest","floor":47,"turns":2},{"damage":0,"enemies":"Nemesis","floor":48,"turns":1},{"damage":0,"enemies":"hubris:GrandSnecko","floor":50,"turns":4},{"damage":0,"enemies":"hubris:GrandSnecko","floor":51,"turns":4}],"seed_played":"3449090509256574902","potions_obtained":[{"floor":1,"key":"ZuzhouPotion:ReiMu"},{"floor":10,"key":"ColorlessPotion"},{"floor":12,"key":"Fire Potion"},{"floor":18,"key":"champ:CounterPotion"},{"floor":39,"key":"infinitespire:BlackPotion"},{"floor":41,"key":"EntropicBrew"},{"floor":48,"key":"Energy Potion"}],"is_trial":false,"path_per_floor":["M","M","?","MIM","M","R","?","R","MIM","M","M","M","?","?","R","B",null,"M","M","$","?","?","R","E","?","T","R","$","?","?","MIM","R","B",null,"M","?","?","?","M","E","M","R","T","M","R","M","?","E","R","B",null,null],"character_chosen":"Librarian","items_purchased":["conspire:Banana","PageOfNothingThere","REME_CardOfGreed","AT_BellDemon","hubris:EvacipatedBox","Chaos"],"campfire_rested":0,"item_purchase_floors":[17,20,20,28,28,28],"current_hp_per_floor":[60,60,48,71,79,79,79,79,79,79,79,81,55,55,55,72,79,80,82,82,87,67,67,72,72,72,72,33,18,18,20,20,25,93,95,95,95,95,97,99,99,99,99,101,101,103,103,103,103,105,107],"gold":122,"neow_bonus":"NOSTALGIA","is_daily":false,"chose_seed":false,"campfire_upgraded":9,"win_rate":0.0,"timestamp":1614248546,"path_taken":["M","M","?","?","M","R","?","R","MIM","M","M","M","?","?","R","BOSS","M","M","$","?","?","R","E","?","T","R","?","?","?","?","R","BOSS","M","?","?","?","M","E","M","R","T","M","R","M","?","E","R","BOSS"],"items_purchased_type":["Card","Relic","Relic","Relic","Relic","Card"],"build_version":"2020-12-22","purchased_purges":0,"victory":true,"max_hp_per_floor":[84,76,76,79,79,79,79,79,79,79,81,81,81,81,81,81,79,80,82,82,87,87,87,89,89,89,89,89,89,89,91,91,93,93,95,95,95,95,97,99,99,99,99,101,101,103,103,103,103,105,107],"card_choices":[{"not_picked":["Quickness","ViolentFlame","BlazingStrike","IdentifyWeakpoint","HeavyPeaks","Leap_lor","StrongStrike","GuidanceOfTheGears"],"picked":"TendonChords","floor":1},{"not_picked":["UnavoidableGaze","Parry2","FlashOfSunup","Faith","Rewind","FrontalAssault","Quickness","Retaliate"],"picked":"LeRegole","floor":2},{"not_picked":["SerpentSwordTechnique","DesperateStruggle","ScatteringSlash","InhaleSmoke","CookingPrep","Rampage_lor","IronWall","PreemptiveStrike"],"picked":"GreatSerpentsImpact","floor":4},{"not_picked":["ToOvercomeCrisis","Endure","LoosenUp","DestructiveImpact","Bomb","SetFire","Gamble","ProselytesBlade"],"picked":"FervidEmotions","floor":5},{"not_picked":["FierceOnslaught","DesperateStruggle","Slice_lor","Multislash","QuickSuppression","DarkCloud","UpbeatPerformance","Marionette"],"picked":"Observe","floor":9},{"not_picked":["CoordinatedAssault","ToOvercomeCrisis","GuardingStance","Creak","YoureTooSlow","AsThePrescriptOrders","TendonChords","MultiHit","Pound"],"picked":"SKIP","floor":10},{"not_picked":["ToOvercomeCrisis","SmokingPipe","NightInTheBackstreets","SnakesPrey","DefenseOrder","LawAndOrder","SkitterAway","IngredientHunt","AutonomousRush"],"picked":"SKIP","floor":11},{"not_picked":["ExtractFuel","Rewind","Multislash","StructuralAnalysis","FleetEdge","Wallop_lor","TendonChords","SerpentSwordTechnique","Overcharge"],"picked":"SKIP","floor":12},{"not_picked":["ExtractFuel","Rewind","Multislash","StructuralAnalysis","FleetEdge","Wallop_lor","TendonChords","SerpentSwordTechnique","Overcharge"],"picked":"SKIP","floor":12},{"not_picked":["FleetFootsteps","UnavoidableGaze","TendonChords","RapidGashes","DevastatingThrash","FierceCharge","CoordinatedAssault","SnakesPrey"],"picked":"BattleCommand","floor":13},{"not_picked":["ToOvercomeCrisis+1","UnavoidableGaze"],"picked":"StrikeDown","floor":18},{"not_picked":["GrazeTheGrass+1","GuidanceOfTheGears"],"picked":"QuickAttack","floor":19},{"not_picked":["infinitespire:NeuralNetwork","infinitespire:Oblivion"],"picked":"infinitespire:FutureSight","floor":22},{"not_picked":["KeepItFresh","DefenseOrder","BurningFlash"],"picked":"SKIP","floor":24},{"not_picked":["Reload","MultiBlock"],"picked":"StrikeDown","floor":31},{"not_picked":["ChargeUp","WillProduceFineSilk"],"picked":"TieShanKao","floor":33},{"not_picked":["UnavoidableGaze","DesperateStruggle"],"picked":"BiXi+1","floor":35},{"not_picked":["SpearedSweep","SharpSwipe+1"],"picked":"BiAn+1","floor":35},{"not_picked":["TendonChords+1","Overcharge+1"],"picked":"HeavyPeaks+1","floor":39},{"not_picked":["UpbeatPerformance","Quickness","BayonetCombat"],"picked":"SKIP","floor":39},{"not_picked":["Cruelty","SuppressingShot","NightInTheBackstreets+1"],"picked":"SKIP","floor":40},{"not_picked":["BiteOff","Deflect_lor"],"picked":"TheRedNotes+1","floor":41},{"not_picked":["MultiHit+1","UpbeatPerformance+1","TasteMyFlamingBat+1"],"picked":"SKIP","floor":41},{"not_picked":["MultiHit+1","UpbeatPerformance+1","TasteMyFlamingBat+1"],"picked":"SKIP","floor":41},{"not_picked":["StrikeDown+1","EnergyShield+1"],"picked":"SweepTheBackstreets+1","floor":44},{"not_picked":["SerpentSwordTechnique","FierceCharge","EnergyConversion+1"],"picked":"SKIP","floor":44},{"not_picked":["DefenseOrder+1","HandleRequest+1"],"picked":"RepressedFlesh","floor":48},{"not_picked":["AutomatedMovement","Diversion","SinglePointStab"],"picked":"SKIP","floor":48}],"player_experience":242857,"relics_obtained":[{"floor":1,"key":"LetterFromLob"},{"floor":4,"key":"Vajra"},{"floor":9,"key":"Replay:Baseball"},{"floor":13,"key":"AT_BellowingDragoncrestRing"},{"floor":13,"key":"Boot"},{"floor":24,"key":"Bag of Preparation"},{"floor":26,"key":"hubris:SlimyHat"},{"floor":31,"key":"Ornamental Fan"},{"floor":40,"key":"CaptainsWheel"},{"floor":40,"key":"Chemical X"},{"floor":41,"key":"Replay:Kaleidoscope"},{"floor":43,"key":"LagranYue:MagicReflectiveArmorRelic"},{"floor":47,"key":"DeadEye"},{"floor":47,"key":"LagranYue:RareGoldArmorRelic"},{"floor":48,"key":"EdensBlessing"},{"floor":48,"key":"Medical Kit"}],"event_choices":[{"damage_healed":0,"gold_gain":0,"player_choice":"Success","damage_taken":12,"relics_obtained":["Juzu Bracelet"],"max_hp_gain":0,"max_hp_loss":0,"event_name":"Scrap Ooze","floor":3,"gold_loss":0},{"damage_healed":0,"gold_gain":0,"player_choice":"Fight","damage_taken":0,"max_hp_gain":0,"max_hp_loss":0,"event_name":"HidenRoomEvent","floor":13,"gold_loss":0},{"damage_healed":0,"gold_gain":0,"player_choice":"Leave","damage_taken":0,"max_hp_gain":0,"max_hp_loss":0,"event_name":"conspire:Investor","floor":30,"gold_loss":0},{"damage_healed":0,"gold_gain":0,"player_choice":"Paid","damage_taken":0,"relics_obtained":["Red Mask"],"max_hp_gain":0,"max_hp_loss":0,"event_name":"Tomb of Lord Red Mask","floor":37,"gold_loss":269},{"damage_healed":0,"gold_gain":0,"player_choice":"Full Heal","damage_taken":0,"max_hp_gain":0,"max_hp_loss":0,"event_name":"Wheel of Change","floor":38,"gold_loss":0}],"is_beta":false,"boss_relics":[{"not_picked":["aspiration:RitualDagger","conspire:SeveredTorchhead"],"picked":"AT_TrinityForce"},{"not_picked":[]},{"not_picked":["Tiny House","Chameleon Ring","DollysMirror"],"picked":"sneckomod:BlankCard"},{"not_picked":[]}],"items_purged_floors":[],"is_endless":false,"potions_floor_spawned":[1,10,12,18,33,35,39,41,46,48],"ascension_level":0}}