{"host":"cbu6enf2xtq4r7r3","time":1614272923,"event":{"mods":["2.2 Compatiblity","AlwaysNeverKeys","BaseMod","Better Match","Better Note","Better Sensory Stone","Better Skull","Better Third Choice","Colored Map","Colored Powertips","Defuse TimeMaze Blight","Emptier Cage","Minty Spire (QoL Compilation)","Permanent Neow","Quick Restart","Random Character Button","Relic Sorter","Reorder Act Four","Shop Mod","StSLib"],"gold_per_floor":[111,124,124,137,40,66,66,97,176,195,195,225,237,35,35,35,35],"floor_reached":16,"language":"ENG","playtime":505,"items_purged":["Strike_G","Strike_G"],"score":152,"play_id":"25d435a4-1b46-4f17-9980-b39ceba011b5","local_time":"20210225180843","is_ascension_mode":true,"campfire_choices":[{"data":"Dagger Spray","floor":7,"key":"SMITH"},{"data":"Caltrops","floor":11,"key":"SMITH"},{"data":"Dodge and Roll","floor":15,"key":"SMITH"}],"circlet_count":0,"master_deck":["Strike_G","Strike_G","Strike_G","Defend_G","Defend_G","Defend_G","Defend_G","Defend_G","Survivor","Neutralize","Finisher","Dagger Throw","Poisoned Stab","Dagger Spray+1","Caltrops+1","Dagger Throw","Dodge and Roll+1","Deflect"],"relics":["Ring of the Snake","Lantern","Du-Vu Doll","Strawberry","Darkstone Periapt","The Courier","TwistedFunnel"],"acts_visited":["Exordium"],"potions_floor_usage":[8,12,16],"damage_taken":[{"damage":0,"enemies":"Jaw Worm","floor":1,"turns":2},{"damage":0,"enemies":"Cultist","floor":2,"turns":3},{"damage":0,"enemies":"2 Louse","floor":4,"turns":3},{"damage":18,"enemies":"Gremlin Nob","floor":6,"turns":4},{"damage":12,"enemies":"3 Sentries","floor":8,"turns":8},{"damage":2,"enemies":"Blue Slaver","floor":10,"turns":4},{"damage":13,"enemies":"Lagavulin","floor":12,"turns":4},{"damage":2,"enemies":"Exordium Thugs","floor":13,"turns":5},{"damage":11,"enemies":"Hexaghost","floor":16,"turns":4}],"seed_played":"911704310134014898","potions_obtained":[{"floor":1,"key":"PowerPotion"},{"floor":6,"key":"SkillPotion"},{"floor":8,"key":"Dexterity Potion"},{"floor":13,"key":"Strength Potion"}],"is_trial":false,"path_per_floor":["M","M","?","M","$","E","R","E","T","M","R","E","M","$","R","B"],"character_chosen":"THE_SILENT","items_purchased":["Dagger Spray","TwistedFunnel"],"campfire_rested":0,"item_purchase_floors":[5,14],"current_hp_per_floor":[70,70,70,70,70,52,52,47,47,45,45,32,30,30,30,19,19],"gold":35,"neow_bonus":"RANDOM_COMMON_RELIC","is_daily":false,"chose_seed":false,"campfire_upgraded":3,"win_rate":0.0,"timestamp":1614272923,"path_taken":["M","M","?","M","$","E","R","E","T","M","R","E","M","$","R","BOSS"],"items_purchased_type":["Card","Relic"],"build_version":"2020-12-22","purchased_purges":2,"victory":false,"max_hp_per_floor":[70,70,70,70,70,70,70,77,77,77,77,77,77,77,77,77,77],"card_choices":[{"not_picked":["Bane","Deflect"],"picked":"Finisher","floor":1},{"not_picked":["Well Laid Plans","Expertise"],"picked":"Dagger Throw","floor":2},{"not_picked":["Dash","PiercingWail"],"picked":"Poisoned Stab","floor":4},{"not_picked":["Reflex","Tactician","Terror"],"picked":"SKIP","floor":6},{"not_picked":["Poisoned Stab","Quick Slash"],"picked":"Caltrops","floor":8},{"not_picked":["Calculated Gamble","Riddle With Holes"],"picked":"Dagger Throw","floor":10},{"not_picked":["Outmaneuver","Finisher"],"picked":"Dodge and Roll","floor":12},{"not_picked":["A Thousand Cuts","Reflex"],"picked":"Deflect","floor":13}],"player_experience":167540,"relics_obtained":[{"floor":6,"key":"Du-Vu Doll"},{"floor":8,"key":"Strawberry"},{"floor":9,"key":"Darkstone Periapt"},{"floor":12,"key":"The Courier"}],"event_choices":[{"damage_healed":0,"gold_gain":0,"player_choice":"Bought 0 Potions","damage_taken":0,"max_hp_gain":0,"max_hp_loss":0,"event_name":"The Woman in Blue","floor":3,"gold_loss":0}],"is_beta":false,"boss_relics":[],"items_purged_floors":[5,14],"is_endless":false,"potions_floor_spawned":[1,6,8,13],"killed_by":"Hexaghost","ascension_level":1}}