{"host":"ap8nepptd6icxyz7","time":1614281407,"event":{"mods":["2.2 Compatiblity","AchievementEnabler","BaseMod","Bestiary","Better Altar","Better Match","Better Note","Better Sensory Stone","Better Skull","Better Third Choice","Better Vampires","Challenge The Spire","Colored Map","Colored Powertips","Colorless Booster Pack","Custom Start","Displayed Cursed Tome","Energized Spire","Faster Ascension Climbing","Hermit","Highlight Path","Jorbs\u0027s Wanderer Trilogy","Marked Mod","Mimic Mod","Minty Spire (QoL Compilation)","Permanent Neow","Quick Restart","Random Character Button","Rare Cards Sparkle","Relic Sorter","Relic Stats","Reliquary","SCP261 Mod","SacredBarkPlus","StSLib","Uncapped"],"gold_per_floor":[112,36,36,36,36,76,116,141,141,184,184,13,13,32,32,152,152,152,0,0,0,19,59,72,72,99,99,130,173,173,198,198,198,198],"floor_reached":33,"language":"ENG","playtime":1111,"items_purged":["Strike_R"],"score":443,"play_id":"93b2b057-b329-4636-a833-b460b7a6a078","local_time":"20210225133007","is_ascension_mode":true,"campfire_choices":[{"data":"Dual Wield","floor":11.0,"key":"SMITH"},{"data":"Demon Form","floor":13.0,"key":"SMITH"},{"data":"Second Wind","floor":15.0,"key":"SMITH"},{"floor":25.0,"key":"REST"},{"floor":27.0,"key":"REST"},{"data":"Flex","floor":30.0,"key":"SMITH"},{"floor":32,"key":"REST"}],"circlet_count":0,"master_deck":["Strike_R","Strike_R","Strike_R","Defend_R","Defend_R","Defend_R","Defend_R","Bash+1","Clash+1","Evolve","Second Wind+1","Demon Form+1","Dual Wield+1","Flex+1","Flash of Steel","Headbutt","Offering+1","Blood for Blood","Clash","True Grit+1","Battle Trance","Rage"],"relics":["Burning Blood","NeowsBlessing","Golden Idol","WingedGreaves","Ancient Tea Set","TungstenRod","reliquary:PorcupineQuills","Philosopher\u0027s Stone","reliquary:RoseTintedGlasses","Happy Flower","Blood Vial","Bag of Preparation","Toy Ornithopter"],"acts_visited":["Exordium","TheCity"],"potions_floor_usage":[33],"damage_taken":[{"damage":0.0,"enemies":"Small Slimes","floor":1.0,"turns":1.0},{"damage":0.0,"enemies":"Lagavulin","floor":6.0,"turns":1.0},{"damage":0.0,"enemies":"3 Sentries","floor":7.0,"turns":1.0},{"damage":2.0,"enemies":"Jaw Worm","floor":8.0,"turns":3.0},{"damage":12.0,"enemies":"Gremlin Nob","floor":10.0,"turns":4.0},{"damage":5.0,"enemies":"2 Louse","floor":14.0,"turns":3.0},{"damage":25.0,"enemies":"Hexaghost","floor":16.0,"turns":6.0},{"damage":0.0,"enemies":"2 Thieves","floor":18.0,"turns":1.0},{"damage":7.0,"enemies":"Shell Parasite","floor":22.0,"turns":3.0},{"damage":42.0,"enemies":"Slavers","floor":23.0,"turns":4.0},{"damage":35.0,"enemies":"Snake Plant","floor":24.0,"turns":4.0},{"damage":23.0,"enemies":"Gremlin Leader","floor":28.0,"turns":4.0},{"damage":13.0,"enemies":"Book of Stabbing","floor":29.0,"turns":4.0},{"damage":22,"enemies":"Shelled Parasite and Fungi","floor":31,"turns":4},{"damage":75,"enemies":"Champ","floor":33,"turns":7}],"seed_played":"7563666998571345411","potions_obtained":[{"floor":6.0,"key":"Dexterity Potion"},{"floor":7.0,"key":"GamblersBrew"},{"floor":8.0,"key":"CultistPotion"},{"floor":10.0,"key":"Explosive Potion"},{"floor":16.0,"key":"SmokeBomb"},{"floor":24.0,"key":"Strength Potion"},{"floor":28.0,"key":"Weak Potion"},{"floor":31,"key":"LiquidMemories"}],"is_trial":false,"path_per_floor":["M","$","?","?","$","E","E","M","T","E","R","$","R","M","R","B",null,"M","$","?","?","M","E","M","R","T","R","E","E","R","M","R","B"],"character_chosen":"IRONCLAD","items_purchased":["Evolve","Flash of Steel","reliquary:RoseTintedGlasses"],"campfire_rested":3,"item_purchase_floors":[2,12,19],"current_hp_per_floor":[80,80,60,44,44,50,56,60,60,54,54,54,54,55,55,36,80,80,80,80,80,79,43,14,38,38,62,47,42,42,28,52,0,0],"gold":198,"neow_bonus":"THREE_ENEMY_KILL","is_daily":false,"chose_seed":false,"campfire_upgraded":4,"win_rate":0.0,"timestamp":1614281407,"path_taken":["M","$","?","?","?","E","E","?","T","E","R","$","R","M","R","BOSS","M","$","?","?","M","E","M","R","T","R","E","E","R","M","R","BOSS"],"items_purchased_type":["Card","Card","Relic"],"build_version":"2020-12-22","purchased_purges":1,"victory":false,"max_hp_per_floor":[80,80,80,80,80,80,80,80,80,80,80,80,80,80,80,80,80,80,80,80,80,80,80,80,80,80,80,80,80,80,80,80,80,80],"relic_stats":{"Blood Vial":8,"Happy Flower":[7],"counters":[15,50],"Golden Idol":98,"Bag of Preparation":[6],"obtain_stats":[{"NeowsBlessing":0,"Happy Flower":23,"Golden Idol":3,"Bag of Preparation":28,"Ancient Tea Set":7,"Burning Blood":0,"Blood Vial":26,"reliquary:PorcupineQuills":10,"Philosopher\u0027s Stone":17,"WingedGreaves":6,"reliquary:RoseTintedGlasses":19,"TungstenRod":9,"Toy Ornithopter":29},{"NeowsBlessing":0,"Happy Flower":10,"Golden Idol":1,"Bag of Preparation":12,"Ancient Tea Set":3,"Burning Blood":0,"Blood Vial":11,"reliquary:PorcupineQuills":5,"Philosopher\u0027s Stone":7,"WingedGreaves":2,"reliquary:RoseTintedGlasses":8,"TungstenRod":4,"Toy Ornithopter":13},{"NeowsBlessing":0,"Happy Flower":27,"Golden Idol":1,"Bag of Preparation":35,"Ancient Tea Set":3,"Burning Blood":0,"Blood Vial":31,"reliquary:PorcupineQuills":10,"Philosopher\u0027s Stone":19,"WingedGreaves":2,"reliquary:RoseTintedGlasses":20,"TungstenRod":6,"Toy Ornithopter":39}],"Burning Blood":72,"TungstenRod":38,"Toy Ornithopter":5},"card_choices":[{"not_picked":["Clothesline","True Grit"],"picked":"Clash","floor":1.0},{"not_picked":["Pummel","Metallicize"],"picked":"Second Wind","floor":6.0},{"not_picked":["Wild Strike","Intimidate"],"picked":"Demon Form","floor":7.0},{"not_picked":["Thunderclap","Combust"],"picked":"Dual Wield","floor":8.0},{"not_picked":["Disarm","Metallicize"],"picked":"Flex","floor":10.0},{"not_picked":["Iron Wave","Flame Barrier"],"picked":"Headbutt","floor":14.0},{"not_picked":["Double Tap","Juggernaut"],"picked":"Offering","floor":16.0},{"not_picked":["Shockwave","Anger","Blood for Blood"],"picked":"SKIP","floor":22.0},{"not_picked":["Shockwave","Anger"],"picked":"Blood for Blood","floor":22.0},{"not_picked":["Cleave+1","Twin Strike"],"picked":"Clash","floor":23.0},{"not_picked":["Perfected Strike+1","Iron Wave"],"picked":"True Grit+1","floor":24.0},{"not_picked":["Infernal Blade","Anger"],"picked":"Battle Trance","floor":28.0},{"not_picked":["Sword Boomerang","Impervious","Perfected Strike"],"picked":"SKIP","floor":29.0},{"not_picked":["Body Slam","Reckless Charge"],"picked":"Rage","floor":31}],"player_experience":32197,"relics_obtained":[{"floor":6.0,"key":"WingedGreaves"},{"floor":7.0,"key":"Ancient Tea Set"},{"floor":9.0,"key":"TungstenRod"},{"floor":10.0,"key":"reliquary:PorcupineQuills"},{"floor":23.0,"key":"Happy Flower"},{"floor":26.0,"key":"Blood Vial"},{"floor":28.0,"key":"Bag of Preparation"},{"floor":29.0,"key":"Toy Ornithopter"}],"event_choices":[{"damage_healed":0.0,"max_hp_gain":0.0,"max_hp_loss":0.0,"gold_gain":0.0,"event_name":"Golden Idol","player_choice":"Take Damage","floor":3.0,"gold_loss":0.0,"damage_taken":20.0,"relics_obtained":["Golden Idol"]},{"damage_healed":60.0,"max_hp_gain":0.0,"max_hp_loss":80.0,"gold_gain":0.0,"event_name":"betterThird:BetterShining","player_choice":"Upgrade","floor":4.0,"gold_loss":0.0,"damage_taken":16.0,"cards_upgraded":["Bash","Clash"]},{"cards_removed":["Strike_R"],"damage_healed":0.0,"max_hp_gain":0.0,"max_hp_loss":0.0,"gold_gain":0.0,"event_name":"Bonfire Elementals","player_choice":"Offered Basic","floor":20.0,"gold_loss":0.0,"damage_taken":0.0},{"damage_healed":0.0,"max_hp_gain":0.0,"max_hp_loss":0.0,"gold_gain":0.0,"event_name":"Upgrade Shrine","player_choice":"Upgraded","floor":21.0,"gold_loss":0.0,"damage_taken":0.0,"cards_upgraded":["Offering"]}],"is_beta":false,"boss_relics":[{"not_picked":["energizedSpire:EnergizedDie","Black Blood"],"picked":"Philosopher\u0027s Stone"}],"items_purged_floors":[12],"is_endless":false,"potions_floor_spawned":[6,7,8,10,16,18,24,28,31],"killed_by":"Champ","ascension_level":4}}