{"host":"mp4nw1ahnxiisuiw","time":1614212690,"event":{"mods":["AchievementEnabler","BaseMod","Better Note","Block Reminder","Colored Map","Colored Powertips","Curses Come First","DeckTracker","Dio Mod","Downfall","Hero for Fun","Highlight Path","HololiveMod","Koishi","Marisa????????","Minty Spire (QoL Compilation)","Permanent Neow","Quick Restart","Rare Cards Sparkle","Relic Sorter","Relic Stats","Remilia??????","Small Relic Pack","Spikes Relics","StSLib","Td1madao Mod","The Animator","The Bug Knight","Waifu the Spire"],"gold_per_floor":[116,127,127,127,127,127,158,179,179,203,219,219,70,83,83,83,83],"floor_reached":16,"language":"ENG","playtime":638,"items_purged":["Strike_R"],"score":117,"play_id":"93365c1e-b7e1-4f1c-87ed-85a9ab5533c2","local_time":"20210225012450","is_ascension_mode":true,"campfire_choices":[{"data":"Iron Wave","floor":6.0,"key":"SMITH"},{"floor":15,"key":"REST"}],"circlet_count":0,"master_deck":["Strike_R","Strike_R","Strike_R","Defend_R","Defend_R","Defend_R","Defend_R","Bash","Pommel Strike","Iron Wave+1","Reckless Charge","Heavy Blade","Shrug It Off","Impervious"],"relics":["Black Star","Golden Idol","Toy Ornithopter","Sundial","Meat on the Bone"],"acts_visited":["Exordium"],"potions_floor_usage":[],"damage_taken":[{"damage":10.0,"enemies":"Cultist","floor":1.0,"turns":5.0},{"damage":0.0,"enemies":"Small Slimes","floor":2.0,"turns":4.0},{"damage":24.0,"enemies":"3 Sentries","floor":7.0,"turns":12.0},{"damage":2.0,"enemies":"Jaw Worm","floor":8.0,"turns":3.0},{"damage":1.0,"enemies":"Looter","floor":10.0,"turns":2.0},{"damage":13.0,"enemies":"3 Louse","floor":11.0,"turns":5.0},{"damage":14,"enemies":"Red Slaver","floor":14,"turns":5},{"damage":68,"enemies":"Hexaghost","floor":16,"turns":14}],"seed_played":"129611082598312913","potions_obtained":[{"floor":2.0,"key":"HeartOfIron"},{"floor":8.0,"key":"Fire Potion"}],"is_trial":false,"path_per_floor":["M","M","?","?","?","R","E","M","T","M","M","?","$","M","R","B"],"character_chosen":"IRONCLAD","items_purchased":["Impervious"],"campfire_rested":1,"item_purchase_floors":[13],"current_hp_per_floor":[70,70,50,50,50,50,26,24,24,40,39,39,39,37,61,0,0],"gold":83,"neow_bonus":"BOSS_RELIC","is_daily":false,"chose_seed":false,"campfire_upgraded":1,"win_rate":0.0,"timestamp":1614212690,"path_taken":["M","?","?","?","?","R","E","M","T","M","M","?","$","?","R","BOSS"],"items_purchased_type":["Card"],"build_version":"2020-12-22","purchased_purges":1,"victory":false,"max_hp_per_floor":[80,80,80,80,80,80,80,80,80,80,80,80,80,80,80,80,80],"relic_stats":{"counters":[8,50],"Golden Idol":21,"Sundial":[6],"Black Star":1,"obtain_stats":[{"Golden Idol":3,"Sundial":7,"Black Star":0,"Burning Blood":0,"Toy Ornithopter":7,"Meat on the Bone":9},{"Golden Idol":2,"Sundial":3,"Black Star":0,"Burning Blood":0,"Toy Ornithopter":3,"Meat on the Bone":4},{"Golden Idol":9,"Sundial":21,"Black Star":0,"Burning Blood":0,"Toy Ornithopter":21,"Meat on the Bone":24}],"Toy Ornithopter":5,"Meat on the Bone":36},"card_choices":[{"not_picked":["Warcry","Flex"],"picked":"Pommel Strike","floor":1.0},{"not_picked":["Cleave","Flex"],"picked":"Iron Wave","floor":2.0},{"not_picked":["Clothesline","Burning Pact","Clash"],"picked":"SKIP","floor":7.0},{"not_picked":["Bloodletting","Exhume"],"picked":"Heavy Blade","floor":8.0},{"not_picked":["Iron Wave","Sword Boomerang"],"picked":"Shrug It Off","floor":10.0},{"not_picked":["True Grit","Pommel Strike","Shrug It Off"],"picked":"SKIP","floor":11.0},{"not_picked":["Perfected Strike","Warcry","Infernal Blade"],"picked":"SKIP","floor":14}],"player_experience":132805,"relics_obtained":[{"floor":7.0,"key":"Toy Ornithopter"},{"floor":7.0,"key":"Sundial"},{"floor":9.0,"key":"Meat on the Bone"}],"event_choices":[{"damage_healed":0.0,"max_hp_gain":0.0,"max_hp_loss":0.0,"gold_gain":0.0,"event_name":"Golden Idol","player_choice":"Take Damage","floor":3.0,"gold_loss":0.0,"damage_taken":20.0,"relics_obtained":["Golden Idol"]},{"damage_healed":0.0,"max_hp_gain":0.0,"max_hp_loss":0.0,"gold_gain":0.0,"event_name":"Golden Wing","player_choice":"Ignored","floor":4.0,"gold_loss":0.0,"damage_taken":0.0},{"damage_healed":0.0,"max_hp_gain":0.0,"max_hp_loss":0.0,"gold_gain":0.0,"cards_transformed":["Strike_R"],"event_name":"Living Wall","player_choice":"Change","floor":5.0,"gold_loss":0.0,"damage_taken":0.0,"cards_obtained":["Reckless Charge"]},{"damage_healed":0.0,"max_hp_gain":0.0,"max_hp_loss":0.0,"gold_gain":0.0,"event_name":"The Woman in Blue","player_choice":"Bought 0 Potions","floor":12.0,"gold_loss":0.0,"damage_taken":0.0}],"is_beta":false,"boss_relics":[],"items_purged_floors":[13],"is_endless":false,"potions_floor_spawned":[2,8],"killed_by":"Hexaghost","ascension_level":3}}