{"host":"fab1bnyovcy159o1","time":1614291539,"event":{"mods":["AchievementEnabler","BaseMod","Colored Powertips","Minty Spire (QoL Compilation)"],"gold_per_floor":[113,130,144,108,120,146,157,157,157,157,157,157,157,157,157,252,252,270,117,117,117],"floor_reached":20,"language":"ITA","playtime":542,"items_purged":[],"score":172,"play_id":"2a4bbdaa-4a01-4441-ab2d-bb170c78b5fb","local_time":"20210225231859","is_ascension_mode":false,"campfire_choices":[{"floor":8,"key":"REST"},{"floor":10,"key":"RECALL"},{"data":"Strike_B","floor":12,"key":"PURGE"},{"data":"Parasite","floor":15,"key":"PURGE"}],"circlet_count":0,"master_deck":["Zap","Dualcast","Conserve Battery","Tempest","Doom and Gloom","Loop","Gash","Creative AI","Melter","All For One","Genetic Algorithm","Auto Shields","Rebound","Cold Snap","Consume","Sunder","White Noise+1"],"relics":["Cracked Core","Regal Pillow","Smiling Mask","Peace Pipe","NlothsMask","Pandora\u0027s Box","Strange Spoon"],"acts_visited":["Exordium","TheCity"],"potions_floor_usage":[16,16],"damage_taken":[{"damage":3,"enemies":"Jaw Worm","floor":1,"turns":4},{"damage":0,"enemies":"2 Louse","floor":2,"turns":4},{"damage":9,"enemies":"Cultist","floor":3,"turns":4},{"damage":0,"enemies":"Exordium Wildlife","floor":5,"turns":3},{"damage":16,"enemies":"Gremlin Nob","floor":6,"turns":4},{"damage":32,"enemies":"Exordium Thugs","floor":7,"turns":5},{"damage":46,"enemies":"The Guardian","floor":16,"turns":9},{"damage":33,"enemies":"Shell Parasite","floor":18,"turns":9},{"damage":40,"enemies":"3 Byrds","floor":20,"turns":3}],"seed_played":"3667717275342074097","potions_obtained":[{"floor":3,"key":"EssenceOfSteel"},{"floor":5,"key":"ColorlessPotion"},{"floor":7,"key":"LiquidBronze"},{"floor":18,"key":"BlessingOfTheForge"}],"is_trial":false,"path_per_floor":["M","M","M","$","M","E","M","R","T","R","?","R","?","?","R","B",null,"M","$","M"],"character_chosen":"DEFECT","items_purchased":["Loop","Strange Spoon"],"campfire_rested":1,"item_purchase_floors":[4,19],"current_hp_per_floor":[72,72,63,63,63,47,15,52,52,52,45,45,63,63,63,17,72,39,39,0,0],"gold":117,"neow_bonus":"RANDOM_COMMON_RELIC","is_daily":false,"chose_seed":false,"campfire_upgraded":0,"win_rate":0.0,"timestamp":1614291539,"path_taken":["M","M","M","$","M","E","M","R","T","R","?","R","?","?","R","BOSS","M","$","M"],"items_purchased_type":["Card","Relic"],"build_version":"2020-12-22","purchased_purges":0,"victory":false,"max_hp_per_floor":[75,75,75,75,75,75,75,75,75,75,75,75,75,75,72,72,72,72,72,72,72],"card_choices":[{"not_picked":["Fusion","Go for the Eyes"],"picked":"Conserve Battery","floor":1},{"not_picked":["Steam","Leap"],"picked":"Tempest","floor":2},{"not_picked":["Steam","Go for the Eyes"],"picked":"Doom and Gloom","floor":3},{"not_picked":["Aggregate","Leap"],"picked":"Gash","floor":5},{"not_picked":["Compile Driver","Skim"],"picked":"Creative AI","floor":6},{"not_picked":["BootSequence","Lockon"],"picked":"Melter","floor":7},{"not_picked":["Seek","Amplify"],"picked":"All For One","floor":16},{"not_picked":["Steam Power","Genetic Algorithm+1"],"picked":"White Noise+1","floor":18}],"player_experience":149765,"relics_obtained":[{"floor":6,"key":"Smiling Mask"},{"floor":9,"key":"Peace Pipe"}],"event_choices":[{"cards_removed":["Strike_B"],"damage_healed":0,"gold_gain":0,"player_choice":"Card Removal","damage_taken":7,"max_hp_gain":0,"max_hp_loss":0,"event_name":"Golden Wing","floor":11,"gold_loss":0},{"damage_healed":18,"gold_gain":0,"player_choice":"Healed and dodged fight","damage_taken":0,"max_hp_gain":0,"max_hp_loss":0,"event_name":"Mushrooms","floor":13,"gold_loss":0,"cards_obtained":["Parasite"]},{"damage_healed":0,"gold_gain":0,"player_choice":"Trade","damage_taken":0,"relics_obtained":["NlothsMask"],"max_hp_gain":0,"max_hp_loss":0,"event_name":"FaceTrader","floor":14,"gold_loss":0}],"is_beta":false,"boss_relics":[{"not_picked":["SacredBark","Fusion Hammer"],"picked":"Pandora\u0027s Box"}],"items_purged_floors":[],"is_endless":false,"potions_floor_spawned":[3,5,7,18],"killed_by":"3 Byrds","ascension_level":0}}