{"host":"3kvzrqphghcx5kvo","time":1614214924,"event":{"mods":["AchievementEnabler","BaseMod","Colored Map","Colored Powertips","Downfall","GifTheSpireLib","Minty Spire (QoL Compilation)","Quick Restart","Rare Cards Sparkle","Relic Stats","StSLib","Unceasing Turn Reminder","everything is the same but u backflip on backflip"],"gold_per_floor":[112,128,147,147,166,166,201,201,256,274,285,298,298,312,312,312,312],"floor_reached":16,"language":"ENG","playtime":764,"items_purged":[],"score":212,"play_id":"a24b41a6-a572-4f28-becc-3b761e8a3004","local_time":"20210224170204","is_ascension_mode":true,"campfire_choices":[{"data":"Immolate","floor":6.0,"key":"SMITH"},{"floor":8.0,"key":"REST"},{"floor":15.0,"key":"REST"}],"circlet_count":0,"master_deck":["AscendersBane","Strike_R","Strike_R","Strike_R+1","Strike_R","Defend_R","Defend_R","Defend_R","Defend_R","Bash+1","Cleave","Immolate+1","Thunderclap"],"relics":["Burning Blood","Mummified Hand","Blood Vial"],"acts_visited":["Exordium"],"potions_floor_usage":[16],"damage_taken":[{"damage":11.0,"enemies":"Cultist","floor":1.0,"turns":4.0},{"damage":4.0,"enemies":"Small Slimes","floor":2.0,"turns":3.0},{"damage":12.0,"enemies":"Jaw Worm","floor":3.0,"turns":3.0},{"damage":12.0,"enemies":"Looter","floor":5.0,"turns":3.0},{"damage":42.0,"enemies":"Lagavulin","floor":7.0,"turns":6.0},{"damage":8.0,"enemies":"Lots of Slimes","floor":10.0,"turns":2.0},{"damage":0.0,"enemies":"Gremlin Gang","floor":11.0,"turns":1.0},{"damage":2.0,"enemies":"2 Fungi Beasts","floor":12.0,"turns":2.0},{"damage":13.0,"enemies":"Red Slaver","floor":14.0,"turns":3.0},{"damage":53,"enemies":"The Guardian","floor":16,"turns":6}],"seed_played":"-3078702095167272310","potions_obtained":[{"floor":1.0,"key":"LiquidBronze"},{"floor":3.0,"key":"SmokeBomb"},{"floor":14.0,"key":"DuplicationPotion"}],"is_trial":false,"path_per_floor":["M","M","M","?","M","R","E","R","T","M","M","M","?","M","R","B"],"character_chosen":"IRONCLAD","items_purchased":[],"campfire_rested":2,"item_purchase_floors":[],"current_hp_per_floor":[63,65,59,59,53,53,17,39,39,39,47,53,30,25,47,0,0],"gold":312,"neow_bonus":"REMOVE_CARD","is_daily":false,"chose_seed":false,"campfire_upgraded":1,"win_rate":0.0,"timestamp":1614214924,"path_taken":["M","M","?","?","M","R","E","R","T","M","M","?","?","M","R","BOSS"],"items_purchased_type":[],"build_version":"2020-12-22","purchased_purges":0,"victory":false,"max_hp_per_floor":[75,75,75,75,75,75,75,75,75,75,75,75,75,75,75,75,75],"relic_stats":{"Blood Vial":10,"counters":[10,33],"Mummified Hand":[0],"obtain_stats":[{"Blood Vial":9,"Mummified Hand":7,"Burning Blood":0},{"Blood Vial":5,"Mummified Hand":5,"Burning Blood":0},{"Blood Vial":19,"Mummified Hand":19,"Burning Blood":0}],"Burning Blood":54},"card_choices":[{"not_picked":["Pummel","Armaments"],"picked":"Cleave","floor":1.0},{"not_picked":["Flex","Heavy Blade","Twin Strike"],"picked":"SKIP","floor":2.0},{"not_picked":["Clash","Heavy Blade","Iron Wave"],"picked":"SKIP","floor":3.0},{"not_picked":["Iron Wave","Rampage"],"picked":"Thunderclap","floor":5.0},{"not_picked":["Body Slam","Havoc","Hemokinesis"],"picked":"SKIP","floor":7.0},{"not_picked":["Feel No Pain","Rampage","Perfected Strike"],"picked":"SKIP","floor":10.0},{"not_picked":["Twin Strike","Clothesline","Immolate"],"picked":"SKIP","floor":11.0},{"not_picked":["Thunderclap","Power Through","Headbutt"],"picked":"SKIP","floor":12.0},{"not_picked":["Evolve","Heavy Blade","Sword Boomerang"],"picked":"SKIP","floor":14.0}],"player_experience":1284971,"relics_obtained":[{"floor":7.0,"key":"Mummified Hand"},{"floor":9.0,"key":"Blood Vial"}],"event_choices":[{"damage_healed":0.0,"max_hp_gain":0.0,"max_hp_loss":0.0,"gold_gain":0.0,"event_name":"Match and Keep!","player_choice":"1 cards matched","floor":4.0,"gold_loss":0.0,"damage_taken":0.0,"cards_obtained":["Immolate"]},{"damage_healed":0.0,"max_hp_gain":0.0,"max_hp_loss":0.0,"gold_gain":0.0,"event_name":"Shining Light","player_choice":"Entered Light","floor":13.0,"gold_loss":0.0,"damage_taken":23.0,"cards_upgraded":["Bash","Strike_R"]}],"is_beta":false,"boss_relics":[],"items_purged_floors":[],"is_endless":false,"potions_floor_spawned":[1,3,14],"killed_by":"The Guardian","ascension_level":20}}