{"host":"2l5k2wp87eek7qja","time":1614258690,"event":{"mods":["BaseMod","Colored Map","Minty Spire (QoL Compilation)","Relic Stats"],"gold_per_floor":[20,20,35,35,55,72,107,118,166,166,166],"floor_reached":10,"language":"ENG","playtime":287,"items_purged":[],"score":140,"play_id":"34c87858-89fc-4790-8252-031d243bc13f","local_time":"20210225151130","is_ascension_mode":true,"campfire_choices":[],"circlet_count":0,"master_deck":["AscendersBane","Strike_G","Strike_G","Strike_G","Strike_G","Strike_G","Defend_G","Defend_G","Defend_G","Defend_G","Defend_G","Survivor","Neutralize","Terror","Dagger Spray","Dagger Spray","Caltrops"],"relics":["Ring of the Snake","TungstenRod","Vajra","Darkstone Periapt","Smiling Mask"],"acts_visited":["Exordium"],"potions_floor_usage":[7,10],"damage_taken":[{"damage":1,"enemies":"2 Louse","floor":1,"turns":3},{"damage":0,"enemies":"Cultist","floor":3,"turns":3},{"damage":3,"enemies":"Jaw Worm","floor":5,"turns":4},{"damage":2,"enemies":"Blue Slaver","floor":6,"turns":4},{"damage":16,"enemies":"Lagavulin","floor":7,"turns":6},{"damage":5,"enemies":"3 Louse","floor":8,"turns":4},{"damage":34,"enemies":"Gremlin Nob","floor":10,"turns":3}],"seed_played":"-2035175219905096896","potions_obtained":[{"floor":1,"key":"Weak Potion"},{"floor":5,"key":"Block Potion"},{"floor":6,"key":"LiquidBronze"}],"is_trial":false,"path_per_floor":["M","?","M","?","M","M","E","M","T","E"],"character_chosen":"THE_SILENT","items_purchased":[],"campfire_rested":0,"item_purchase_floors":[],"current_hp_per_floor":[58,58,58,58,55,53,37,32,32,0,0],"gold":166,"neow_bonus":"ONE_RARE_RELIC","is_daily":false,"chose_seed":false,"campfire_upgraded":0,"win_rate":0.0,"timestamp":1614258690,"path_taken":["M","?","?","?","M","M","E","M","T","E"],"items_purchased_type":[],"build_version":"2020-12-22","purchased_purges":0,"victory":false,"max_hp_per_floor":[66,66,66,66,66,66,66,66,66,66,66],"relic_stats":{"Darkstone Periapt":0,"counters":[7,27],"Smiling Mask":0,"obtain_stats":[{"Darkstone Periapt":7,"Vajra":2,"Smiling Mask":9,"TungstenRod":0,"Ring of the Snake":0},{"Darkstone Periapt":5,"Vajra":1,"Smiling Mask":6,"TungstenRod":0,"Ring of the Snake":0},{"Darkstone Periapt":20,"Vajra":3,"Smiling Mask":24,"TungstenRod":0,"Ring of the Snake":0}],"TungstenRod":12,"Ring of the Snake":[14]},"card_choices":[{"not_picked":["Deflect","Calculated Gamble"],"picked":"Terror","floor":1},{"not_picked":["Bane","Outmaneuver"],"picked":"Dagger Spray","floor":3},{"not_picked":["Expertise","Caltrops","Dodge and Roll"],"picked":"SKIP","floor":5},{"not_picked":["Expertise","Sucker Punch"],"picked":"Dagger Spray","floor":6},{"not_picked":["Dodge and Roll","Terror"],"picked":"Caltrops","floor":7},{"not_picked":["Prepared","Dodge and Roll","Bane"],"picked":"SKIP","floor":8}],"player_experience":889112,"relics_obtained":[{"floor":7,"key":"Darkstone Periapt"},{"floor":9,"key":"Smiling Mask"}],"event_choices":[{"damage_healed":0,"gold_gain":0,"player_choice":"Gave Potion","damage_taken":0,"relics_obtained":["Vajra"],"max_hp_gain":0,"max_hp_loss":0,"event_name":"WeMeetAgain","floor":2,"gold_loss":0},{"damage_healed":0,"gold_gain":0,"player_choice":"Leave","damage_taken":0,"max_hp_gain":0,"max_hp_loss":0,"event_name":"The Cleric","floor":4,"gold_loss":0}],"is_beta":false,"boss_relics":[],"items_purged_floors":[],"is_endless":false,"potions_floor_spawned":[1,5,6],"killed_by":"Gremlin Nob","ascension_level":20}}