{"host":"dn6kke80v5f7isus","time":1614286560,"event":{"mods":["AchievementEnabler","Act Like it!","Bard","BaseMod","Colored Powertips","Custom Start","Defuse TimeMaze Blight","Energized Spire","Gremlin Skip","Highlight Path","Hubris","Infinite Spire","Marisa????????","Marked Mod","Minty Spire (QoL Compilation)","Quick Restart","Rare Cards Sparkle","Reliquary","Replay The Spire","StSLib","The Administrix","The Servant 0.9.4","Uncapped","Unceasing Turn Reminder"],"gold_per_floor":[112,132,152,152,152,193,193,228,228,251,251,9251,9269,9302,9302,9421,9421,9437,9437,8814,8828,8841,8841,8875,8331,8385,8385,8310,8310,8348,8368,8368,8489,8489,8514,8533,8093,8114,8139,8177,8477,8495,8495,8495,8574,8665,8029,8052,8052,8175,8175,8186,8193,7640,7663,7671,7671,7689,7707,7784,7803,7803,7803,7831,7831,7831,7946,7946,7955,7870,7870,7870,7351,7372,7372,7372,7372,7383,7403,7411,6956,6968,6968,7077,7077,7070,7152,7152,7203,6640,6640,6491,6498,6522,6548,6548,6537,6637,6637,6637,6731,6731,6744,6744,6754,5729,5755,5755,5855,5880,5907,5971,5971,5971,5674,5974,5974],"floor_reached":116,"language":"ENG","playtime":4315,"items_purged":[],"score":2747,"play_id":"c5916f8f-3c58-40a0-a78a-670c0847c0a9","local_time":"20210225155600","is_ascension_mode":true,"campfire_choices":[{"floor":7.0,"key":"REST"},{"data":"bard:SixFourTime","floor":11.0,"key":"SMITH"},{"floor":15.0,"key":"REST"},{"data":"bard:Focused","floor":23.0,"key":"SMITH"},{"data":"bard:LifeDrain","floor":27.0,"key":"SMITH"},{"data":"bard:MantleOfInspiration","floor":29.0,"key":"SMITH"},{"floor":32.0,"key":"DIG"},{"data":"bard:Invisibility","floor":41.0,"key":"SMITH"},{"data":"hubris:EnhanceAbility","floor":49.0,"key":"SMITH"},{"data":"bard:Focused","floor":57.0,"key":"SMITH"},{"floor":63.0,"key":"RECALL"},{"floor":66.0,"key":"REST"},{"data":"bard:MantleOfInspiration","floor":75.0,"key":"SMITH"},{"data":"bard:SixFourTime","floor":83.0,"key":"SMITH"},{"floor":91.0,"key":"REST"},{"floor":96,"key":"REST"},{"floor":100,"key":"REST"},{"data":"hubris:EnhanceAbility","floor":108,"key":"SMITH"}],"circlet_count":0,"master_deck":["bard:Strike+1","bard:Defend+1","bard:Riposte+1","bard:Inspire+1","bard:FeastOnFear+1","bard:HideousLaughter+1","bard:Sonata+1","bard:SixFourTime+1","bard:LifeDrain+1","bard:Focused+1","bard:MantleOfInspiration+1","bard:BestowCurse+1","bard:Invisibility+1","bard:Focused+1","hubris:EnhanceAbility+1","bard:Heroism+1","bard:Focused+1","bard:Improv+1","bard:MantleOfInspiration+1","bard:SixFourTime+1","bard:Rhapsody+1","bard:ReverseGravity+1","bard:SplendidForm","hubris:EnhanceAbility+1"],"relics":["bard:SelfPlayingFlute","bard:BagPipes","NeowsBlessing","Golden Idol","infinitespire:Golems Mask","Lantern","bard:EchoChamber","hubris:EvacipatedBox","hubris:FruitBowl","Juzu Bracelet","Shuriken","Frozen Eye","Chemical X","reliquary:RoseTintedGlasses","Replay:Rubber Ducky","Singing Bowl","hubris:MobiusCoin","Bronze Scales","hubris:BottledRain","Vajra","infinitespire:Lucky Rock","Replay:WaspNest","HandDrill","Anchor","InkBottle","Medical Kit","Tiny Chest","hubris:TenFootPole","reliquary:Spinner","SlaversCollar","reliquary:Boomerang","reliquary:OuijaBoard","Replay:Baseball","infinitespire:Broken Mirror","DollysMirror","Blood Vial","reliquary:Knoch","Philosopher\u0027s Stone","infinitespire:ShieldingShard","reliquary:CitrusReamer","reliquary:RosewoodLute","Boot","reliquary:FeatherDuster","Blue Candle","Happy Flower","Mercury Hourglass","ReplayTheSpireMod:Shallot","hubris:Icosahedron","Replay:Mystery Machine","Sling","infinitespire:PuzzleCube","Lizard Tail","Ginger","reliquary:Buckler","Bag of Preparation","Bag of Marbles","Strange Spoon","Ring of Chaos","Replay:Accelerometer","Incense Burner","CeramicFish","reliquary:Bookmark","hubris:Reverence","reliquary:FingerTrap","reliquary:PorcupineQuills","hubris:CuriousFeather","Replay:Wanted Poster","Unceasing Top","hubris:ScarierMask","Torii","Toolbox","Replay:Bottled Steam","MealTicket","hubris:CrystalStatue","reliquary:FerryPass","Regal Pillow","reliquary:Sod","Whetstone","Pen Nib"],"acts_visited":["Exordium","TheCity","TheBeyond","Exordium","TheCity","TheBeyond","Exordium"],"potions_floor_usage":[95,95,95,101],"damage_taken":[{"damage":0.0,"enemies":"Cultist","floor":1.0,"turns":1.0},{"damage":0.0,"enemies":"Small Slimes","floor":2.0,"turns":1.0},{"damage":0.0,"enemies":"2 Louse","floor":3.0,"turns":1.0},{"damage":9.0,"enemies":"Lagavulin","floor":6.0,"turns":7.0},{"damage":22.0,"enemies":"3 Sentries","floor":8.0,"turns":9.0},{"damage":7.0,"enemies":"Blue Slaver","floor":10.0,"turns":4.0},{"damage":0.0,"enemies":"Lots of Slimes","floor":13.0,"turns":4.0},{"damage":0.0,"enemies":"Gremlin Nob","floor":14.0,"turns":4.0},{"damage":0.0,"enemies":"Slime Boss","floor":16.0,"turns":6.0},{"damage":0.0,"enemies":"3 Byrds","floor":18.0,"turns":2.0},{"damage":4.0,"enemies":"Shell Parasite","floor":21.0,"turns":3.0},{"damage":3.0,"enemies":"Sentry and Sphere","floor":22.0,"turns":4.0},{"damage":0.0,"enemies":"Slavers","floor":24.0,"turns":4.0},{"damage":0.0,"enemies":"Nightmare","floor":30.0,"turns":3.0},{"damage":0.0,"enemies":"Snecko","floor":31.0,"turns":3.0},{"damage":0.0,"enemies":"Collector","floor":33.0,"turns":5.0},{"damage":0.0,"enemies":"Orb Walker","floor":35.0,"turns":2.0},{"damage":17.0,"enemies":"3 Shapes","floor":36.0,"turns":3.0},{"damage":0.0,"enemies":"Transient","floor":38.0,"turns":5.0},{"damage":0.0,"enemies":"Maw","floor":39.0,"turns":5.0},{"damage":0.0,"enemies":"R_Hoarder","floor":40.0,"turns":4.0},{"damage":0.0,"enemies":"3 Darklings","floor":42.0,"turns":7.0},{"damage":0.0,"enemies":"Nemesis","floor":46.0,"turns":4.0},{"damage":3.0,"enemies":"4 Shapes","floor":48.0,"turns":5.0},{"damage":0.0,"enemies":"infinitespire:MassOfShapes","floor":50.0,"turns":5.0},{"damage":0.0,"enemies":"Jaw Worm","floor":52.0,"turns":3.0},{"damage":0.0,"enemies":"Small Slimes","floor":53.0,"turns":2.0},{"damage":0.0,"enemies":"Cultist","floor":56.0,"turns":2.0},{"damage":0.0,"enemies":"Gremlin Nob","floor":58.0,"turns":4.0},{"damage":0.0,"enemies":"Blue Slaver","floor":59.0,"turns":2.0},{"damage":0.0,"enemies":"Lagavulin","floor":61.0,"turns":4.0},{"damage":0.0,"enemies":"3 Sentries","floor":64.0,"turns":4.0},{"damage":0.0,"enemies":"The Guardian","floor":67.0,"turns":4.0},{"damage":0.0,"enemies":"Shell Parasite","floor":69.0,"turns":2.0},{"damage":0.0,"enemies":"Book of Stabbing","floor":74.0,"turns":2.0},{"damage":0.0,"enemies":"2 Thieves","floor":78.0,"turns":3.0},{"damage":8.0,"enemies":"Gremlin Leader","floor":79.0,"turns":4.0},{"damage":0.0,"enemies":"Centurion and Healer","floor":80.0,"turns":3.0},{"damage":0.0,"enemies":"Snecko","floor":82.0,"turns":2.0},{"damage":0.0,"enemies":"Collector","floor":84.0,"turns":4.0},{"damage":32.0,"enemies":"3 Darklings","floor":86.0,"turns":3.0},{"damage":0.0,"enemies":"Mind Bloom Boss Battle","floor":89.0,"turns":3.0},{"damage":0,"enemies":"Orb Walker","floor":93,"turns":2},{"damage":0,"enemies":"Nightmare","floor":95,"turns":4},{"damage":0,"enemies":"3 Darklings","floor":97,"turns":7},{"damage":0,"enemies":"hubris:GrandSnecko","floor":101,"turns":5},{"damage":0,"enemies":"Jaw Worm","floor":103,"turns":2},{"damage":0,"enemies":"Small Slimes","floor":105,"turns":1},{"damage":0,"enemies":"3 Sentries","floor":110,"turns":2},{"damage":0,"enemies":"Gremlin Nob","floor":112,"turns":1},{"damage":0,"enemies":"Cultist","floor":116,"turns":1}],"seed_played":"2864388848592418743","potions_obtained":[{"floor":2.0,"key":"Dexterity Potion"},{"floor":3.0,"key":"bard:InspiredBrew"},{"floor":14.0,"key":"Weak Potion"},{"floor":18.0,"key":"Dexterity Potion"},{"floor":21.0,"key":"bard:InspiredBrew"},{"floor":30.0,"key":"Elixir"},{"floor":38.0,"key":"SteroidPotion"},{"floor":44.0,"key":"Flashbang"},{"floor":44.0,"key":"Fire Potion"},{"floor":45.0,"key":"FairyPotion"},{"floor":46.0,"key":"Dexterity Potion"},{"floor":50.0,"key":"Doom Potion"},{"floor":52.0,"key":"SkillPotion"},{"floor":56.0,"key":"Explosive Potion"},{"floor":58.0,"key":"Weak Potion"},{"floor":59.0,"key":"bard:InspiredBrew"},{"floor":69.0,"key":"ColorlessPotion"},{"floor":80.0,"key":"LiquidBronze"},{"floor":82.0,"key":"SteroidPotion"},{"floor":84.0,"key":"Fruit Juice"},{"floor":86.0,"key":"FearPotion"},{"floor":89.0,"key":"EssenceOfSteel"},{"floor":97,"key":"SkillPotion"},{"floor":110,"key":"SpeedPotion"}],"is_trial":false,"path_per_floor":["M","M","M","?","?","E","R","E","T","M","R","$","M","E","R","B",null,"M","?","$","M","M","R","E","$","T","R","?","R","NM","M","R","B",null,"M","M","$","M","M","E","R","M","T","?","?","E","$","M","R","B",null,"M","M","$","T","M","R","E","M","T","E","?","R","E","?","R","B",null,"M","?","T","?","$","E","R","?","T","M","E","M","$","M","R","B",null,"M","T","T","?","$","R","$","M","T","NM","R","M","AVR","?","R","B",null,"M","?","M","$","T","R","?","E","T","?","?","T","$","M"],"character_chosen":"BARD","items_purchased":["hubris:EvacipatedBox","hubris:FruitBowl","Juzu Bracelet","Shuriken","Frozen Eye","Chemical X","reliquary:RoseTintedGlasses","Replay:Rubber Ducky","Singing Bowl","hubris:MobiusCoin","Bronze Scales","infinitespire:Lucky Rock","Replay:WaspNest","HandDrill","bard:MantleOfInspiration","Anchor","InkBottle","Medical Kit","reliquary:Boomerang","reliquary:OuijaBoard","DollysMirror","Blood Vial","reliquary:Knoch","hubris:EnhanceAbility","infinitespire:ShieldingShard","reliquary:CitrusReamer","reliquary:RosewoodLute","Replay:Mystery Machine","bard:MantleOfInspiration","Sling","infinitespire:PuzzleCube","Bag of Preparation","Bag of Marbles","Strange Spoon","CeramicFish","reliquary:Bookmark","hubris:Reverence","reliquary:FingerTrap","Torii","Toolbox","bard:SplendidForm","Replay:Bottled Steam","hubris:EnhanceAbility","Whetstone","Pen Nib"],"campfire_rested":6,"item_purchase_floors":[12,12,12,12,12,12,12,12,12,12,12,20,20,20,20,25,25,25,37,37,47,47,47,47,54,54,54,73,73,73,73,81,81,81,90,90,90,92,106,106,106,106,106,115,115],"current_hp_per_floor":[70,70,70,53,53,44,65,43,43,36,36,27,30,30,81,81,173,176,176,176,175,172,172,172,172,172,172,172,172,175,178,178,178,185,188,174,174,177,180,183,183,186,186,186,164,167,167,166,166,168,209,212,215,215,215,218,218,221,224,224,227,227,227,230,230,230,230,230,233,233,233,233,233,236,236,236,236,239,234,239,239,241,241,243,252,223,223,223,228,228,258,258,261,261,264,264,267,267,267,267,267,267,270,270,273,273,273,273,273,276,276,279,279,279,279,282,282],"gold":5974,"neow_bonus":"THREE_ENEMY_KILL","is_daily":false,"chose_seed":false,"campfire_upgraded":10,"win_rate":0.0,"timestamp":1614286560,"path_taken":["M","?","M","?","?","E","R","E","T","M","R","?","M","E","R","BOSS","M","?","$","M","M","R","E","$","T","R","?","R","NM","M","R","BOSS","M","M","$","M","M","E","R","M","T","?","?","E","$","M","R","BOSS","M","M","$","?","M","R","E","M","T","E","?","R","E","?","R","BOSS","M","?","?","?","$","E","R","?","T","M","E","M","$","M","R","BOSS","M","?","?","?","$","R","$","M","T","NM","R","M","AVR","?","R","BOSS","M","?","M","$","?","R","?","E","T","?","?","?","?","M"],"items_purchased_type":["Relic","Relic","Relic","Relic","Relic","Relic","Relic","Relic","Relic","Relic","Relic","Relic","Relic","Relic","Card","Relic","Relic","Relic","Relic","Relic","Relic","Relic","Relic","Card","Relic","Relic","Relic","Relic","Card","Relic","Relic","Relic","Relic","Relic","Relic","Relic","Relic","Relic","Relic","Relic","Card","Relic","Card","Relic","Relic"],"build_version":"2020-12-22","purchased_purges":0,"victory":false,"max_hp_per_floor":[70,70,70,70,70,70,70,70,70,70,70,170,173,173,173,173,173,176,176,176,179,179,179,179,179,179,179,179,179,182,185,185,185,185,188,191,191,194,197,200,200,203,203,203,206,209,209,209,209,209,209,212,215,215,215,218,218,221,224,224,227,227,227,230,230,230,230,230,233,233,233,233,233,236,236,236,236,239,242,245,245,245,245,245,252,255,255,255,258,258,258,258,261,261,264,264,267,267,267,267,267,267,270,270,273,273,273,273,273,276,276,279,279,279,279,282,282],"card_choices":[{"not_picked":["bard:QuickSong","bard:StudiedStrike"],"picked":"bard:FeastOnFear","floor":1.0},{"not_picked":["bard:DervishDance","bard:QuickSong"],"picked":"bard:GreaterMagicWeapon","floor":2.0},{"not_picked":["bard:Balestra","bard:SongBolt"],"picked":"bard:HideousLaughter","floor":3.0},{"not_picked":["bard:GuardPoint","bard:PhantasmalForce"],"picked":"bard:Sonata","floor":6.0},{"not_picked":["bard:Gamble","bard:SongBolt","bard:StudiedStrike"],"picked":"SKIP","floor":8.0},{"not_picked":["bard:Balestra","bard:CuttingWords"],"picked":"bard:SixFourTime","floor":10.0},{"not_picked":["bard:LocateObject","bard:DiscordantVoice","bard:EchoEcho"],"picked":"Singing Bowl","floor":13.0},{"not_picked":["bard:SongBolt","bard:GreaterMagicWeapon"],"picked":"bard:LifeDrain","floor":14.0},{"not_picked":["bard:Shifting","bard:MnemonicVestments"],"picked":"bard:Focused","floor":16.0},{"not_picked":["bard:Blink","bard:OffKey+1","bard:BucklerBash"],"picked":"Singing Bowl","floor":18.0},{"not_picked":["bard:BucklerBash","bard:Gamble","bard:Thunderwave+1"],"picked":"Singing Bowl","floor":21.0},{"not_picked":["bard:DervishDance","bard:CuttingWords"],"picked":"bard:BestowCurse+1","floor":22.0},{"not_picked":["bard:Fermata","bard:Gamble"],"picked":"bard:LifeDrain+1","floor":24.0},{"not_picked":["bard:EchoEcho","bard:LingeringEcho+1","bard:Gamble"],"picked":"Singing Bowl","floor":30.0},{"not_picked":["bard:SongBolt","bard:Sift+1","bard:BucklerBash+1"],"picked":"Singing Bowl","floor":31.0},{"not_picked":["bard:FingerOfDeath","bard:MnemonicVestments"],"picked":"bard:Invisibility","floor":33.0},{"not_picked":["bard:QuickSong+1","bard:SongBolt+1","bard:InspiringSong"],"picked":"Singing Bowl","floor":35.0},{"not_picked":["bard:Doot","bard:BucklerBash+1","bard:BottledSong"],"picked":"Singing Bowl","floor":36.0},{"not_picked":["bard:Parry","bard:Thunderwave+1","bard:InspiringSong"],"picked":"Singing Bowl","floor":38.0},{"not_picked":["bard:PhantasmalForce+1","bard:FalseLife+1","bard:EchoEcho"],"picked":"Singing Bowl","floor":39.0},{"not_picked":["bard:EchoEcho","bard:BestowCurse+1","bard:ViciousMockery+1"],"picked":"Singing Bowl","floor":40.0},{"not_picked":["bard:Parry","bard:Rest+1","bard:QuickSong+1"],"picked":"Singing Bowl","floor":42.0},{"not_picked":["bard:PrismaticSpray","bard:Shout","bard:Sonata"],"picked":"Singing Bowl","floor":45.0},{"not_picked":["bard:TinyHut","bard:PrismaticSpray","bard:EchoEcho+1"],"picked":"Singing Bowl","floor":46.0},{"not_picked":["bard:Greatness","bard:LingeringEcho+1"],"picked":"bard:Heroism+1","floor":48.0},{"not_picked":["bard:Shifting","bard:BottledSong"],"picked":"bard:Focused","floor":50.0},{"not_picked":["bard:Thunderwave","bard:SongBolt","bard:InspiringSong"],"picked":"Singing Bowl","floor":52.0},{"not_picked":["bard:StudiedStrike","bard:BucklerBash","bard:FirstStrike"],"picked":"Singing Bowl","floor":53.0},{"not_picked":["bard:Aphasia","bard:LingeringPerformance","bard:StudiedStrike"],"picked":"Singing Bowl","floor":56.0},{"not_picked":["bard:ViciousMockery","bard:Silence","bard:DeathMetal"],"picked":"Singing Bowl","floor":58.0},{"not_picked":["bard:Greatness","bard:ViciousMockery","bard:LingeringEcho"],"picked":"Singing Bowl","floor":59.0},{"not_picked":["bard:Flourish","bard:ReverseGravity","bard:Fermata"],"picked":"Singing Bowl","floor":61.0},{"not_picked":["bard:StudiedStrike","bard:Heroism","bard:FeastOnFear"],"picked":"Singing Bowl","floor":64.0},{"not_picked":["bard:Encore","bard:Sonata"],"picked":"bard:Improv","floor":67.0},{"not_picked":["bard:OffKey","bard:Fermata","bard:FirstStrike+1"],"picked":"Singing Bowl","floor":69.0},{"not_picked":["bard:StudiedStrike","bard:CuttingWords","bard:Sift"],"picked":"Singing Bowl","floor":74.0},{"not_picked":["bard:InspiringSong","bard:CuttingWords","bard:Solo"],"picked":"Singing Bowl","floor":78.0},{"not_picked":["bard:LingeringEcho","bard:Doot","bard:CuttingWords"],"picked":"Singing Bowl","floor":79.0},{"not_picked":["bard:InspiringSong","bard:Invisibility","bard:BucklerBash+1"],"picked":"Singing Bowl","floor":80.0},{"not_picked":["bard:Thunderwave","bard:Rest"],"picked":"bard:SixFourTime","floor":82.0},{"not_picked":["bard:MnemonicVestments","bard:BottledSong"],"picked":"bard:Rhapsody","floor":84.0},{"not_picked":["bard:PhantasmalForce","bard:FeastOnFear","bard:Gamble"],"picked":"Singing Bowl","floor":86.0},{"not_picked":["bard:ViciousMockery+1","bard:PhantasmalForce+1","bard:Parry+1"],"picked":"Singing Bowl","floor":89.0},{"not_picked":["bard:TinyHut","bard:InspiringSong+1","bard:LingeringEcho"],"picked":"Singing Bowl","floor":93},{"not_picked":["bard:BestowCurse","bard:InspiringSong","bard:EchoEcho"],"picked":"Singing Bowl","floor":95},{"not_picked":["bard:Improv","bard:FalseLife","bard:GuardPoint"],"picked":"Singing Bowl","floor":97},{"not_picked":["bard:Invisibility","bard:Haste"],"picked":"bard:ReverseGravity","floor":101},{"not_picked":["bard:EchoEcho","bard:FaerieFire","bard:HideousLaughter"],"picked":"Singing Bowl","floor":103},{"not_picked":["bard:Sift","bard:QuickSong","bard:GreaterMagicWeapon"],"picked":"Singing Bowl","floor":105},{"not_picked":["bard:Gamble","bard:HideousLaughter","bard:InspiringSong"],"picked":"Singing Bowl","floor":110},{"not_picked":["bard:GuardPoint","bard:PhantasmalForce","bard:ViciousMockery"],"picked":"Singing Bowl","floor":112},{"not_picked":["ReplayTheSpireMod:Chaos Vortex","infinitespire:SevenWalls","infinitespire:Fortify"],"picked":"Singing Bowl","floor":116}],"player_experience":521113,"relics_obtained":[{"floor":6.0,"key":"infinitespire:Golems Mask"},{"floor":8.0,"key":"Lantern"},{"floor":9.0,"key":"bard:EchoChamber"},{"floor":14.0,"key":"hubris:BottledRain"},{"floor":26.0,"key":"Tiny Chest"},{"floor":30.0,"key":"hubris:TenFootPole"},{"floor":32.0,"key":"reliquary:Spinner"},{"floor":40.0,"key":"Replay:Baseball"},{"floor":43.0,"key":"infinitespire:Broken Mirror"},{"floor":55.0,"key":"Boot"},{"floor":58.0,"key":"reliquary:FeatherDuster"},{"floor":60.0,"key":"Blue Candle"},{"floor":64.0,"key":"Happy Flower"},{"floor":71.0,"key":"ReplayTheSpireMod:Shallot"},{"floor":74.0,"key":"Lizard Tail"},{"floor":77.0,"key":"Ginger"},{"floor":79.0,"key":"reliquary:Buckler"},{"floor":87.0,"key":"Replay:Accelerometer"},{"floor":89.0,"key":"Incense Burner"},{"floor":94,"key":"reliquary:PorcupineQuills"},{"floor":95,"key":"hubris:CuriousFeather"},{"floor":107,"key":"MealTicket"},{"floor":110,"key":"hubris:CrystalStatue"},{"floor":111,"key":"reliquary:FerryPass"},{"floor":112,"key":"Regal Pillow"},{"floor":114,"key":"reliquary:Sod"}],"event_choices":[{"damage_healed":0.0,"max_hp_gain":0.0,"max_hp_loss":0.0,"gold_gain":0.0,"event_name":"Golden Idol","player_choice":"Take Damage","floor":4.0,"gold_loss":0.0,"damage_taken":17.0,"relics_obtained":["Golden Idol"]},{"cards_removed":["bard:Strike"],"damage_healed":0.0,"max_hp_gain":0.0,"max_hp_loss":0.0,"gold_gain":0.0,"event_name":"Living Wall","player_choice":"Forget","floor":5.0,"gold_loss":0.0,"damage_taken":0.0},{"cards_removed":["bard:LifeDrain"],"damage_healed":0.0,"max_hp_gain":0.0,"max_hp_loss":0.0,"gold_gain":0.0,"event_name":"Beggar","player_choice":"Gave Gold","floor":28.0,"gold_loss":75.0,"damage_taken":0.0},{"damage_healed":0.0,"max_hp_gain":0.0,"max_hp_loss":0.0,"gold_gain":0.0,"event_name":"Lab","player_choice":"Got Potions","floor":44.0,"gold_loss":0.0,"damage_taken":0.0},{"cards_removed":["bard:GreaterMagicWeapon"],"damage_healed":0.0,"max_hp_gain":0.0,"max_hp_loss":0.0,"gold_gain":0.0,"event_name":"Bonfire Elementals","player_choice":"Offered Uncommon","floor":62.0,"gold_loss":0.0,"damage_taken":0.0},{"damage_healed":0.0,"max_hp_gain":0.0,"max_hp_loss":0.0,"gold_gain":0.0,"event_name":"Lab","player_choice":"Got Potions","floor":65.0,"gold_loss":0.0,"damage_taken":0.0},{"damage_healed":0.0,"max_hp_gain":0.0,"max_hp_loss":0.0,"gold_gain":0.0,"event_name":"Addict","player_choice":"Obtained Relic","floor":70.0,"gold_loss":85.0,"damage_taken":0.0,"relics_obtained":["Mercury Hourglass"]},{"damage_healed":0.0,"max_hp_gain":0.0,"max_hp_loss":0.0,"gold_gain":0.0,"event_name":"The Mausoleum","player_choice":"Ignored","floor":76.0,"gold_loss":0.0,"damage_taken":0.0},{"damage_healed":0.0,"max_hp_gain":0.0,"max_hp_loss":0.0,"gold_gain":0.0,"event_name":"MindBloom","player_choice":"Fight","floor":89.0,"gold_loss":0.0,"damage_taken":0.0},{"damage_healed":0,"gold_gain":0,"player_choice":"Leave","damage_taken":0,"max_hp_gain":0,"max_hp_loss":0,"event_name":"The Cleric","floor":104,"gold_loss":0},{"damage_healed":0,"gold_gain":100,"player_choice":"Pray","damage_taken":0,"max_hp_gain":0,"max_hp_loss":0,"event_name":"Golden Shrine","floor":109,"gold_loss":0},{"damage_healed":0,"gold_gain":30,"player_choice":"Searched \u00273\u0027 times","damage_taken":0,"max_hp_gain":0,"max_hp_loss":0,"event_name":"Dead Adventurer","floor":112,"gold_loss":0},{"damage_healed":0,"gold_gain":0,"player_choice":"Ignored","damage_taken":0,"max_hp_gain":0,"max_hp_loss":0,"event_name":"Purifier","floor":113,"gold_loss":0}],"is_beta":false,"boss_relics":[{"not_picked":["Runic Pyramid","energizedSpire:SpiderWeb","Replay:Bronze Core"],"picked":"bard:SelfPlayingFlute"},{"not_picked":["Busted Crown","Calling Bell","hubris:Stopwatch"],"picked":"SlaversCollar"},{"not_picked":["Pandora\u0027s Box","Astrolabe","hubris:CrackedHourglass"],"picked":"Philosopher\u0027s Stone"},{"not_picked":["bard:DeepVero","hubris:Stopwatch","hubris:VirtuousBlindfold","Snecko Eye"]},{"not_picked":["Runic Dome","ChewingGum","ReplayTheSpireMod:SealedPack"],"picked":"Ring of Chaos"},{"not_picked":["hubris:TerracottaHorce","hubris:GrandSneckoEye","reliquary:KinkedSpring"],"picked":"hubris:ScarierMask"}],"items_purged_floors":[],"is_endless":true,"potions_floor_spawned":[2,3,14,18,21,24,30,38,39,46,50,52,56,58,59,64,69,80,82,84,86,89,97,110],"killed_by":"Cultist","ascension_level":1}}