{"host":"emzatosnsokm6754","time":1614240971,"event":{"mods":["Act Like it!","BaseMod","Bossed Relics","Colored Powertips","Dota2Spire","Energized Spire","Minty Spire (QoL Compilation)","Rare Cards Sparkle","Replay The Spire","Ruina","Small Relic Pack","StSLib","The Hierophant","The Servant 0.9.4"],"gold_per_floor":[119,44,56,72,72,72,88,116,116,116,139,173,173,184,184,284,284,299,48,67,80,80,80,80,114,114,129,129,166,186,186,186,186,186],"floor_reached":33,"language":"ENG","playtime":1439,"items_purged":["Strike_B","Dualcast+1"],"score":301,"play_id":"ab1494bc-6cbf-4c6a-a9d8-9333dfac2249","local_time":"20210225211611","is_ascension_mode":true,"campfire_choices":[{"data":"Go for the Eyes","floor":6,"key":"SMITH"},{"data":"Zap","floor":10,"key":"SMITH"},{"data":"Dualcast","floor":13,"key":"SMITH"},{"data":"Reprogram","floor":15,"key":"SMITH"},{"floor":23,"key":"REST"},{"floor":28,"key":"REST"},{"floor":32,"key":"REST"}],"circlet_count":0,"master_deck":["Strike_B","Strike_B","Strike_B","Defend_B+1","Defend_B+1","Defend_B+1","Zap+1","Go for the Eyes+1","Reprogram+1","Reinforced Body","Beam Cell","Gash","ReplayTheSpireMod:Splinters","Panic Button+1","Hologram+1","Doubt"],"relics":["Cracked Core","NeowsBlessing","Orichalcum","Juzu Bracelet","Replay:Baseball","Replay:Bottled Eggs","Nunchaku","Dota2Spire:EchoSabre","Dota2Spire:BlackKingBar","Mango","Dota2Spire:LotusOrb"],"acts_visited":["Exordium","ruina:Briah"],"potions_floor_usage":[8,12,12,14,25,25],"damage_taken":[{"damage":0,"enemies":"2 Louse","floor":1,"turns":1},{"damage":0,"enemies":"Cultist","floor":3,"turns":1},{"damage":0,"enemies":"Jaw Worm","floor":4,"turns":1},{"damage":5,"enemies":"Blue Slaver","floor":7,"turns":4},{"damage":34,"enemies":"3 Sentries","floor":8,"turns":7},{"damage":14,"enemies":"Gremlin Nob","floor":12,"turns":4},{"damage":0,"enemies":"2 Fungi Beasts","floor":14,"turns":3},{"damage":14,"enemies":"Slime Boss","floor":16,"turns":12},{"damage":9,"enemies":"ruina:Nosferatu","floor":18,"turns":6},{"damage":13,"enemies":"ruina:2_Scarecrows","floor":20,"turns":8},{"damage":39,"enemies":"ruina:KingOfGreed","floor":21,"turns":8},{"damage":24,"enemies":"ruina:Mountain","floor":25,"turns":8},{"damage":10,"enemies":"ruina:Nos_and_Bat","floor":27,"turns":6},{"damage":19,"enemies":"ruina:3_Scarecrows","floor":30,"turns":10},{"damage":46,"enemies":"ruina:JesterOfNihil","floor":33,"turns":9}],"seed_played":"-6548727401369987851","potions_obtained":[{"floor":3,"key":"Regen Potion"},{"floor":7,"key":"Reflective Coating"},{"floor":8,"key":"Explosive Potion"},{"floor":12,"key":"LifebloodPotion"},{"floor":20,"key":"Toxic Potion"},{"floor":21,"key":"LiquidMemories"},{"floor":25,"key":"Weak Potion"}],"is_trial":false,"path_per_floor":["M","$","M","M","?","R","M","E","T","R","T","E","R","M","R","B",null,"M","$","M","M","?","R","?","E","T","M","R","?","M","?","R","B"],"character_chosen":"DEFECT","items_purchased":["Nunchaku"],"campfire_rested":3,"item_purchase_floors":[19],"current_hp_per_floor":[75,75,75,75,75,75,70,51,51,51,51,37,37,37,37,23,75,66,66,53,14,14,36,36,12,12,2,24,38,19,19,45,0,0],"gold":186,"neow_bonus":"THREE_ENEMY_KILL","is_daily":false,"chose_seed":false,"campfire_upgraded":4,"win_rate":0.0,"timestamp":1614240971,"path_taken":["M","$","M","M","?","R","?","E","T","R","?","E","R","M","R","BOSS","M","$","M","M","?","R","?","E","T","M","R","?","M","?","R","BOSS"],"items_purchased_type":["Relic"],"build_version":"2020-12-22","purchased_purges":2,"victory":false,"max_hp_per_floor":[75,75,75,75,75,75,75,75,75,75,75,75,75,75,75,75,75,75,75,75,75,75,75,75,75,75,75,75,89,89,89,89,89,89],"card_choices":[{"not_picked":["Streamline","Conserve Battery"],"picked":"Go for the Eyes","floor":1},{"not_picked":["Static Discharge","Barrage","Coolheaded"],"picked":"SKIP","floor":3},{"not_picked":["Hologram","Conserve Battery","Compile Driver"],"picked":"SKIP","floor":4},{"not_picked":["Lockon","Leap","Ball Lightning"],"picked":"SKIP","floor":7},{"not_picked":["Rip and Tear","Barrage","Stack"],"picked":"SKIP","floor":8},{"not_picked":["Undo","ReplayTheSpireMod:Calculation Training","ReplaySolidLightProjector"],"picked":"SKIP","floor":12},{"not_picked":["Turbo","Heatsinks"],"picked":"Reprogram","floor":14},{"not_picked":["Barrage","Glacier"],"picked":"Reinforced Body","floor":18},{"not_picked":["Streamline","Auto Shields","Stack"],"picked":"SKIP","floor":20},{"not_picked":["ReplayTheSpireMod:GoodbyeWorld+1","Sweeping Beam"],"picked":"Beam Cell","floor":21},{"not_picked":["Aggregate","Barrage+1","Compile Driver"],"picked":"SKIP","floor":25},{"not_picked":["Leap+1","BasicCrystalCard"],"picked":"Gash","floor":27},{"not_picked":["Compile Driver","Rebound"],"picked":"Panic Button+1","floor":29},{"not_picked":["Chaos","Steam"],"picked":"Hologram+1","floor":30}],"player_experience":225813,"relics_obtained":[{"floor":8,"key":"Orichalcum"},{"floor":9,"key":"Juzu Bracelet"},{"floor":11,"key":"Replay:Baseball"},{"floor":12,"key":"Replay:Bottled Eggs"},{"floor":25,"key":"Dota2Spire:EchoSabre"},{"floor":26,"key":"Dota2Spire:BlackKingBar"},{"floor":29,"key":"Mango"}],"event_choices":[{"cards_removed":["Defend_B"],"damage_healed":0,"gold_gain":0,"player_choice":"Purged","damage_taken":0,"max_hp_gain":0,"max_hp_loss":0,"event_name":"Purifier","floor":5,"gold_loss":0}],"is_beta":false,"boss_relics":[{"not_picked":["Replay:Wanted Poster","SacredBark","Snecko Eye"]}],"items_purged_floors":[2,19],"is_endless":false,"potions_floor_spawned":[3,7,8,12,20,21,25],"killed_by":"ruina:JesterOfNihil","ascension_level":2}}