{"host":"7tvb1em0d2fx72q7","time":1614226963,"event":{"mods":["BaseMod","Challenge The Spire","Minty Spire (QoL Compilation)","StSLib","everything is the same but u backflip on backflip"],"gold_per_floor":[114,128,145,163,163,193,193,2,2,14,14,41,97,108,108,108,108],"floor_reached":16,"language":"ENG","playtime":1102,"items_purged":[],"score":260,"play_id":"e08e2648-f6c0-4465-af23-e35d253b4687","local_time":"20210224232243","is_ascension_mode":true,"campfire_choices":[{"data":"CutThroughFate","floor":7,"key":"SMITH"},{"data":"CutThroughFate","floor":11,"key":"SMITH"},{"data":"WheelKick","floor":15,"key":"SMITH"}],"circlet_count":0,"master_deck":["AscendersBane","Strike_P","Strike_P","Strike_P","Defend_P","Defend_P","Defend_P","Defend_P","Eruption","Vigilance","CutThroughFate+1","JustLucky","CutThroughFate+1","Meditate","WheelKick+1","Adaptation","ClearTheMind","EmptyMind","Perseverance","EmptyFist","Weave"],"relics":["PureWater","FossilizedHelix","MealTicket","Pen Nib","Ancient Tea Set","Letter Opener","Centennial Puzzle"],"acts_visited":["Exordium"],"potions_floor_usage":[10,14,16,16],"damage_taken":[{"damage":0,"enemies":"Small Slimes","floor":1,"turns":2},{"damage":0,"enemies":"Jaw Worm","floor":2,"turns":2},{"damage":0,"enemies":"Cultist","floor":3,"turns":2},{"damage":0,"enemies":"Large Slime","floor":4,"turns":4},{"damage":0,"enemies":"Lagavulin","floor":6,"turns":4},{"damage":0,"enemies":"Exordium Wildlife","floor":10,"turns":3},{"damage":5,"enemies":"3 Sentries","floor":12,"turns":6},{"damage":0,"enemies":"3 Sentries","floor":13,"turns":5},{"damage":0,"enemies":"Exordium Thugs","floor":14,"turns":1},{"damage":55,"enemies":"Hexaghost","floor":16,"turns":9}],"seed_played":"-3061623209398559335","potions_obtained":[{"floor":3,"key":"Swift Potion"},{"floor":4,"key":"AttackPotion"},{"floor":13,"key":"BlessingOfTheForge"},{"floor":14,"key":"AttackPotion"}],"is_trial":false,"path_per_floor":["M","M","M","M","?","E","R","$","T","M","R","E","?","M","R","B"],"character_chosen":"WATCHER","items_purchased":["Pen Nib","ClearTheMind"],"campfire_rested":0,"item_purchase_floors":[8,8],"current_hp_per_floor":[43,43,43,43,43,43,43,58,58,58,58,53,53,53,53,0,0],"gold":108,"neow_bonus":"ONE_RARE_RELIC","is_daily":false,"chose_seed":false,"campfire_upgraded":3,"win_rate":0.0,"timestamp":1614226963,"path_taken":["M","M","M","M","?","E","R","$","T","M","R","E","?","M","R","BOSS"],"items_purchased_type":["Relic","Card"],"build_version":"2020-12-22","purchased_purges":0,"victory":false,"max_hp_per_floor":[68,68,68,68,68,68,68,68,68,68,68,68,68,68,68,68,68],"card_choices":[{"not_picked":["EmptyFist","Weave"],"picked":"CutThroughFate","floor":1},{"not_picked":["FollowUp","Consecrate"],"picked":"JustLucky","floor":2},{"not_picked":["EmptyFist","SandsOfTime"],"picked":"CutThroughFate","floor":3},{"not_picked":["Wireheading","Prostrate"],"picked":"Meditate","floor":4},{"not_picked":["Omniscience","FollowUp"],"picked":"Adaptation","floor":6},{"not_picked":["SashWhip","ClearTheMind"],"picked":"EmptyMind","floor":10},{"not_picked":["SandsOfTime","Sanctity"],"picked":"Perseverance","floor":12},{"not_picked":["SandsOfTime","Meditate"],"picked":"EmptyFist","floor":13},{"not_picked":["JustLucky","Consecrate"],"picked":"Weave","floor":14}],"player_experience":2063403,"relics_obtained":[{"floor":6,"key":"MealTicket"},{"floor":9,"key":"Ancient Tea Set"},{"floor":12,"key":"Letter Opener"},{"floor":13,"key":"Centennial Puzzle"}],"event_choices":[{"damage_healed":0,"gold_gain":0,"cards_transformed":["Strike_P"],"player_choice":"Change","damage_taken":0,"max_hp_gain":0,"max_hp_loss":0,"event_name":"Living Wall","floor":5,"gold_loss":0,"cards_obtained":["WheelKick"]},{"damage_healed":0,"gold_gain":30,"player_choice":"Searched \u00273\u0027 times","damage_taken":0,"max_hp_gain":0,"max_hp_loss":0,"event_name":"Dead Adventurer","floor":13,"gold_loss":0}],"is_beta":false,"boss_relics":[],"items_purged_floors":[],"is_endless":false,"potions_floor_spawned":[3,4,13,14],"killed_by":"Hexaghost","ascension_level":18}}