{"host":"Ovy","time":1614226350,"event":{"mods":["AchievementEnabler","BaseMod","Minty Spire (QoL Compilation)","Relic Stats"],"gold_per_floor":[114,130,140,105,105,105,130,144,170,220,220,233,233,272,272,355,382,407,416,22,22,47,47,83,83,135,135,135],"floor_reached":27,"language":"ENG","playtime":1329,"items_purged":["Strike_G"],"score":478,"play_id":"92db97e4-2bc7-4d68-bb7a-802b12b487e4","local_time":"20210224231230","is_ascension_mode":true,"campfire_choices":[{"floor":6,"key":"REST"},{"data":"Dagger Spray","floor":11,"key":"SMITH"},{"data":"Bouncing Flask","floor":15,"key":"SMITH"},{"floor":23,"key":"REST"},{"floor":25,"key":"REST"}],"circlet_count":0,"master_deck":["AscendersBane","Strike_G+1","Defend_G","Defend_G+1","Defend_G","Defend_G","Defend_G","Survivor","Neutralize","Die Die Die","Acrobatics","Dagger Spray+1","Terror","Bouncing Flask+1","Escape Plan","Backflip","Catalyst","Malaise","Burst+1","Expertise+1","Slice+1","Cloak And Dagger+1","Footwork","Noxious Fumes","Dagger Throw+1","Adrenaline"],"relics":["Ring of the Snake","Juzu Bracelet","Ancient Tea Set","CeramicFish","Potion Belt","Astrolabe","White Beast Statue","Singing Bowl","Happy Flower"],"acts_visited":["Exordium","TheCity"],"potions_floor_usage":[3,7,7,14,22,24,27],"damage_taken":[{"damage":8,"enemies":"Jaw Worm","floor":1,"turns":5},{"damage":0,"enemies":"Small Slimes","floor":2,"turns":2},{"damage":4,"enemies":"Cultist","floor":3,"turns":5},{"damage":8,"enemies":"Gremlin Nob","floor":7,"turns":3},{"damage":0,"enemies":"Exordium Wildlife","floor":8,"turns":3},{"damage":0,"enemies":"3 Louse","floor":12,"turns":2},{"damage":19,"enemies":"Lagavulin","floor":14,"turns":5},{"damage":9,"enemies":"Hexaghost","floor":16,"turns":8},{"damage":10,"enemies":"Chosen","floor":18,"turns":5},{"damage":20,"enemies":"2 Thieves","floor":22,"turns":5},{"damage":27,"enemies":"Book of Stabbing","floor":24,"turns":7},{"damage":46,"enemies":"Slavers","floor":27,"turns":5}],"seed_played":"-1334888211115836810","potions_obtained":[{"floor":1,"key":"FearPotion"},{"floor":2,"key":"Poison Potion"},{"floor":3,"key":"SteroidPotion"},{"floor":8,"key":"Poison Potion"},{"floor":18,"key":"Dexterity Potion"},{"floor":22,"key":"Swift Potion"},{"floor":24,"key":"Block Potion"}],"is_trial":false,"path_per_floor":["M","M","M","?","?","R","E","M","T","?","R","M","?","E","R","B",null,"M","?","$","?","M","R","E","R","T","E"],"character_chosen":"THE_SILENT","items_purchased":["White Beast Statue","Noxious Fumes"],"campfire_rested":3,"item_purchase_floors":[20,20],"current_hp_per_floor":[36,36,32,48,28,47,39,39,39,39,39,39,39,20,20,11,52,42,42,42,42,22,41,14,33,33,0,0],"gold":135,"neow_bonus":"THREE_RARE_CARDS","is_daily":false,"chose_seed":false,"campfire_upgraded":2,"win_rate":0.0,"timestamp":1614226350,"path_taken":["M","M","M","?","?","R","E","M","T","?","R","M","?","E","R","BOSS","M","?","$","?","M","R","E","R","T","E"],"items_purchased_type":["Relic","Card"],"build_version":"2020-12-18","purchased_purges":1,"victory":false,"max_hp_per_floor":[66,66,66,66,66,66,66,66,66,66,66,66,66,66,66,66,66,66,66,66,66,66,66,66,66,66,66,66],"relic_stats":{"Singing Bowl":0,"Happy Flower":[1],"counters":[12,55],"CeramicFish":90,"Astrolabe":["Burst","Expertise","Slice"],"Juzu Bracelet":1,"obtain_stats":[{"Potion Belt":14,"Singing Bowl":24,"Happy Flower":26,"CeramicFish":13,"Astrolabe":17,"Juzu Bracelet":7,"Ancient Tea Set":9,"White Beast Statue":20,"Ring of the Snake":0},{"Potion Belt":7,"Singing Bowl":11,"Happy Flower":11,"CeramicFish":6,"Astrolabe":8,"Juzu Bracelet":4,"Ancient Tea Set":5,"White Beast Statue":9,"Ring of the Snake":0},{"Potion Belt":25,"Singing Bowl":50,"Happy Flower":50,"CeramicFish":20,"Astrolabe":33,"Juzu Bracelet":15,"Ancient Tea Set":18,"White Beast Statue":38,"Ring of the Snake":0}],"Ring of the Snake":[24]},"card_choices":[{"not_picked":["Night Terror","Storm of Steel"],"picked":"Die Die Die","floor":0.0},{"not_picked":["Heel Hook","All Out Attack"],"picked":"Acrobatics","floor":1},{"not_picked":["Catalyst","Outmaneuver"],"picked":"Dagger Spray","floor":2},{"not_picked":["Expertise","Blur"],"picked":"Terror","floor":3},{"not_picked":["Eviscerate","Tactician"],"picked":"Bouncing Flask","floor":7},{"not_picked":["Flying Knee","Prepared"],"picked":"Escape Plan","floor":8},{"not_picked":["Poisoned Stab","Tactician"],"picked":"Backflip","floor":12},{"not_picked":["Deflect","Dagger Throw"],"picked":"Catalyst","floor":14},{"not_picked":["Storm of Steel","Burst"],"picked":"Malaise","floor":16},{"not_picked":["Quick Slash","Dodge and Roll"],"picked":"Cloak And Dagger+1","floor":18},{"not_picked":["Deadly Poison","Acrobatics"],"picked":"Dagger Throw+1","floor":22},{"not_picked":["Deflect","Burst"],"picked":"Adrenaline","floor":24}],"player_experience":1354849,"relics_obtained":[{"floor":7,"key":"Juzu Bracelet"},{"floor":9,"key":"Ancient Tea Set"},{"floor":14,"key":"Potion Belt"},{"floor":24,"key":"Singing Bowl"},{"floor":26,"key":"Happy Flower"}],"event_choices":[{"damage_healed":16,"gold_gain":0,"player_choice":"Healed","damage_taken":0,"max_hp_gain":0,"max_hp_loss":0,"event_name":"The Cleric","floor":4,"gold_loss":35},{"damage_healed":0,"gold_gain":0,"player_choice":"Entered Light","damage_taken":20,"max_hp_gain":0,"max_hp_loss":0,"event_name":"Shining Light","floor":5,"gold_loss":0,"cards_upgraded":["Defend_G","Strike_G"]},{"damage_healed":0,"gold_gain":50,"player_choice":"Pray","damage_taken":0,"max_hp_gain":0,"max_hp_loss":0,"event_name":"Golden Shrine","floor":10,"gold_loss":0},{"damage_healed":0,"gold_gain":0,"player_choice":"Searched \u00271\u0027 times","damage_taken":0,"relics_obtained":["CeramicFish"],"max_hp_gain":0,"max_hp_loss":0,"event_name":"Dead Adventurer","floor":13,"gold_loss":0},{"damage_healed":0,"gold_gain":0,"player_choice":"Read","damage_taken":0,"max_hp_gain":0,"max_hp_loss":0,"event_name":"The Library","floor":19,"gold_loss":0,"cards_obtained":["Footwork"]},{"damage_healed":0,"gold_gain":0,"player_choice":"Ignored","damage_taken":0,"max_hp_gain":0,"max_hp_loss":0,"event_name":"Vampires","floor":21,"gold_loss":0}],"is_beta":true,"boss_relics":[{"not_picked":["Ring of the Serpent","Calling Bell"],"picked":"Astrolabe"}],"items_purged_floors":[20],"is_endless":false,"potions_floor_spawned":[1,2,3,8,18,22,24],"killed_by":"Slavers","ascension_level":20}}