{"host":"nia1zwr35jsu5y7h","time":1614283528,"event":{"mods":["2.2 Compatiblity","Abigail Mod","Bard","BaseMod","Colored Map","Conspire","Downfall","Friendly Minions","Hermit","Highlight Path","Hubris","Infinite Spire","Kiyohime????","Koishi","Marisa????????","Minty Spire (QoL Compilation)","Quick Restart","Replay The Spire","Shade Mod","Shop Mod","StSLib","The Animator","The Construct","The Cursed","The Disciple","The Mystic","The Necromancer","The Servant 0.9.4"],"gold_per_floor":[132,22,77,77,77,132,132,197,197,197,233,92,131,151,151,256,256,267,267,310,310,310,324,392,392,392],"floor_reached":25,"language":"ENG","playtime":1302,"items_purged":["hermit:Strike_Hermit"],"score":294,"play_id":"6bc2516e-e0da-46b5-ac5f-36140c067368","local_time":"20210225120528","is_ascension_mode":true,"campfire_choices":[{"data":"HandOfGreed","floor":7,"key":"SMITH"},{"data":"hermit:Gestalt","floor":10,"key":"SMITH"},{"floor":15,"key":"REST"}],"circlet_count":0,"master_deck":["hermit:Strike_Hermit","hermit:Strike_Hermit","hermit:Strike_Hermit+1","hermit:Defend_Hermit","hermit:Defend_Hermit","hermit:Defend_Hermit","hermit:Defend_Hermit","hermit:Snapshot","hermit:Covet","HandOfGreed+1","hermit:LuckOfTheDraw","hermit:TakeAim","hermit:Malice+1","hermit:Reprieve","hermit:Gestalt+1","hermit:EyeOfTheStorm","Languid","hermit:Dissolve","hermit:EyeOfTheStorm","hermit:FlashPowder+1"],"relics":["hermit:Momento","hubris:BundleOfHerbs","hermit:RedScarf","Vajra","infinitespire:BottledMercury","ReplayTheSpireMod:CursedCoin","Replay:Arrowhead","Replay:Grab Bag","Coffee Dripper","ChewingGum","conspire:RunicOctahedron"],"acts_visited":["Exordium","TheCity"],"potions_floor_usage":[6,16,16,25,25],"damage_taken":[{"damage":7,"enemies":"Jaw Worm","floor":1,"turns":3},{"damage":8,"enemies":"conspire:MimicChest","floor":3,"turns":4},{"damage":18,"enemies":"Replay:BlueRogue","floor":6,"turns":6},{"damage":0,"enemies":"Small Slimes","floor":8,"turns":3},{"damage":0,"enemies":"2 Louse","floor":11,"turns":2},{"damage":9,"enemies":"Blue Slaver","floor":13,"turns":5},{"damage":11,"enemies":"Lots of Slimes","floor":14,"turns":2},{"damage":28,"enemies":"The Guardian","floor":16,"turns":16},{"damage":2,"enemies":"Spheric Guardian","floor":18,"turns":4},{"damage":8,"enemies":"conspire:FuzzyDice","floor":20,"turns":6},{"damage":28,"enemies":"Snake Plant","floor":23,"turns":7},{"damage":0,"enemies":"Centurion and Healer","floor":24,"turns":8},{"damage":68,"enemies":"Gremlin Leader","floor":25,"turns":9}],"seed_played":"-3333028556713639602","potions_obtained":[{"floor":1,"key":"Milkshake"},{"floor":3,"key":"hermit:Tonic"},{"floor":11,"key":"Block Potion"},{"floor":16,"key":"Languid Potion"},{"floor":19,"key":"champ:CounterPotion"},{"floor":19,"key":"LiquidBronze"}],"is_trial":false,"path_per_floor":["M","$","?","?","T","E","R","M","T","R","M","$","M","M","R","B",null,"M","?","M","PTL","PTL","M","M","E"],"character_chosen":"HERMIT","items_purchased":["hermit:TakeAim","ReplayTheSpireMod:CursedCoin","Replay:Arrowhead"],"campfire_rested":1,"item_purchase_floors":[2,12,12],"current_hp_per_floor":[61,61,53,39,39,21,21,25,25,25,25,25,20,9,29,1,51,53,53,53,53,53,41,49,0,0],"gold":392,"neow_bonus":"RANDOM_COLORLESS_2","is_daily":false,"chose_seed":false,"campfire_upgraded":2,"win_rate":0.0,"timestamp":1614283528,"path_taken":["M","$","?","?","?","E","R","M","T","R","M","$","M","?","R","BOSS","M","?","M","PTL","PTL","?","M","E"],"items_purchased_type":["Card","Relic","Relic"],"build_version":"2020-12-22","purchased_purges":1,"victory":false,"max_hp_per_floor":[68,68,68,68,68,68,68,68,68,68,68,68,68,68,68,68,68,68,68,68,68,68,68,68,68,68],"card_choices":[{"not_picked":["Poisoned Strike","Violence"],"picked":"HandOfGreed","floor":0},{"not_picked":["hermit:Misfire","hermit:LowProfile"],"picked":"hermit:LuckOfTheDraw","floor":1},{"not_picked":["hermit:BodyArmor","hermit:Dive"],"picked":"hermit:Malice","floor":3},{"not_picked":["hermit:Glare","hermit:Coalescence"],"picked":"hermit:Reprieve","floor":6},{"not_picked":["hermit:WideOpen","hermit:Roulette"],"picked":"hermit:Gestalt","floor":8},{"not_picked":["hermit:Enervate","hermit:Brawl"],"picked":"hermit:EyeOfTheStorm","floor":11},{"not_picked":["hermit:Snipe","hermit:ItchyTrigger","hermit:Roulette"],"picked":"SKIP","floor":13},{"not_picked":["hermit:Snipe","hermit:Manifest","hermit:LowProfile"],"picked":"SKIP","floor":14},{"not_picked":["hermit:Magnum","hermit:Gambit"],"picked":"hermit:Dissolve","floor":16},{"not_picked":["hermit:Quickdraw","hermit:Roulette"],"picked":"hermit:EyeOfTheStorm","floor":18},{"not_picked":["hermit:Deadeye","hermit:Snipe","hermit:Headshot+1"],"picked":"SKIP","floor":20},{"not_picked":["hermit:ItchyTrigger+1","hermit:Combo"],"picked":"hermit:FlashPowder+1","floor":23},{"not_picked":["hermit:Quickdraw","hermit:LowProfile+1","hermit:Desperado"],"picked":"SKIP","floor":24}],"player_experience":2224814,"relics_obtained":[{"floor":3,"key":"hubris:BundleOfHerbs"},{"floor":5,"key":"hermit:RedScarf"},{"floor":6,"key":"Vajra"},{"floor":9,"key":"infinitespire:BottledMercury"}],"event_choices":[{"damage_healed":0,"gold_gain":0,"player_choice":"Entered Light","damage_taken":14,"max_hp_gain":0,"max_hp_loss":0,"event_name":"Shining Light","floor":4,"gold_loss":0,"cards_upgraded":["hermit:Malice","hermit:Strike_Hermit"]},{"damage_healed":0,"gold_gain":0,"player_choice":"Got Potions","damage_taken":0,"max_hp_gain":0,"max_hp_loss":0,"event_name":"Lab","floor":19,"gold_loss":0}],"is_beta":false,"boss_relics":[{"not_picked":["ReplayTheSpireMod:Onyx Gauntlets","conspire:SpecialSausage"],"picked":"Replay:Grab Bag"},{"not_picked":["Fusion Hammer","Philosopher\u0027s Stone"],"picked":"Coffee Dripper"},{"not_picked":["ReplayTheSpireMod:DimensionalGlitch","bronze:MakeshiftBattery"],"picked":"ChewingGum"},{"not_picked":["hubris:HollowSoul","Snecko Eye"],"picked":"conspire:RunicOctahedron"}],"items_purged_floors":[2],"is_endless":false,"potions_floor_spawned":[1,3,11,16,24],"killed_by":"Gremlin Leader","ascension_level":9}}