{"host":"tyeg9214rgutn7tb","time":1614280184,"event":{"mods":["BaseMod","Colored Map","Custom Start","Downfall","Minty Spire (QoL Compilation)","StSLib"],"gold_per_floor":[99,113,131,131,147,147,170,170,186,206,206,240,140,50,69,169,169,69,112,112,135,170,170,170,270,333,356,388,68,68,111,129,247,247,147,182,182,182,320,320,320,380,405,405,19,72,150,185,202,221,221,277,1,1,93,103],"floor_reached":57,"language":"ENG","playtime":4245,"items_purged":["downfall:Malfunctioning","sneckomod:Defend"],"score":1983,"play_id":"3c92a9b4-3422-4803-813a-6c63417ee98a","local_time":"20210225200944","is_ascension_mode":true,"campfire_choices":[{"data":"sneckomod:TailWhip","floor":1,"key":"SMITH"},{"floor":8,"key":"RECALL"},{"floor":13,"key":"REST"},{"data":"sneckomod:GlitteringGambit","floor":18,"key":"SMITH"},{"floor":30,"key":"REST"},{"data":"sneckomod:Unknown3Cost","floor":35,"key":"SMITH"},{"data":"sneckomod:UnknownRareSkill","floor":40,"key":"SMITH"},{"data":"sneckomod:UnknownRareSkill","floor":44,"key":"SMITH"},{"floor":54,"key":"REST"}],"circlet_count":0,"master_deck":["AscendersBane","sneckomod:Defend","sneckomod:Defend","sneckomod:TailWhip+1","sneckomod:SnekBite+1","sneckomod:Unknown","sneckomod:Unknown+1","sneckomod:UnknownStrike","sneckomod:WideSting+1","sneckomod:UnknownClassHEXA_GHOST_PURPLE+1","sneckomod:UnknownClassTHE_CHAMP_GRAY","sneckomod:UnknownBlock","sneckomod:UnknownClassBLUE+1","sneckomod:UnknownStrength+1","sneckomod:GlitteringGambit+1","sneckomod:SoulRoll+1","sneckomod:UnknownDraw+1","sneckomod:UnknownUncommonSkill+1","sneckomod:UnknownUncommonPower","sneckomod:UnknownClassGREEN","sneckomod:UnknownDexterity","sneckomod:UnknownStrength","PiercingWail","sneckomod:Mudshield","sneckomod:UnknownColorless+1","sneckomod:UnknownUncommonAttack","sneckomod:SnakeSap+1","sneckomod:Rotation+1","sneckomod:Unknown3Cost+1","sneckomod:UnknownClassGREEN","sneckomod:UnknownUncommonSkill","sneckomod:UnknownRareSkill+1","sneckomod:SnakeSap","sneckomod:Unknown3Cost+1","sneckomod:UnknownRareSkill+1","sneckomod:SoulCleanse+1","sneckomod:UnendingSupply","sneckomod:UnknownColorless","Panache","sneckomod:UnknownRareAttack+1","sneckomod:UnknownRareSkill","sneckomod:UnknownRarePower","sneckomod:UnknownRareAttack","sneckomod:UnknownClassBLUE+1","sneckomod:UnknownDexterity+1","sneckomod:UnlimitedRolls","sneckomod:WideSting","sneckomod:UnknownClassTHE_CHAMP_GRAY","sneckomod:DangerNoodle"],"relics":["Snecko Eye","Omamori","downfall:ShatteredFragment","Gambling Chip","downfall:HeartBlessingRed","Astrolabe","downfall:HeartBlessingGreen","Meat on the Bone","Blue Candle","Membership Card","sneckomod:BlankCard","Oddly Smooth Stone","Sozu","downfall:HeartBlessingBlue","bronze:BronzeIdol","ClockworkSouvenir","Happy Flower","Peace Pipe","Guardian:PocketSentry","sneckomod:RareBoosterPack","Whetstone","Unceasing Top","Dead Branch","Smiling Mask","Gremlin Horn","Ice Cream"],"acts_visited":["Exordium","TheCity","TheBeyond","TheEnding"],"potions_floor_usage":[10,12,16,16,16,21,26,27,32,36,47],"damage_taken":[{"damage":2,"enemies":"2 Louse","floor":2,"turns":3},{"damage":0,"enemies":"Jaw Worm","floor":3,"turns":2},{"damage":0,"enemies":"Small Slimes","floor":5,"turns":2},{"damage":0,"enemies":"Blue Slaver","floor":9,"turns":2},{"damage":10,"enemies":"Lots of Slimes","floor":10,"turns":3},{"damage":4,"enemies":"Lagavulin","floor":12,"turns":5},{"damage":5,"enemies":"downfall:FleeingMerchant","floor":14,"turns":4},{"damage":0,"enemies":"Exordium Thugs","floor":15,"turns":3},{"damage":9,"enemies":"IC_STATUS_ARCHETYPE","floor":16,"turns":6},{"damage":0,"enemies":"Spheric Guardian","floor":19,"turns":3},{"damage":0,"enemies":"3 Byrds","floor":21,"turns":3},{"damage":1,"enemies":"Centurion and Healer","floor":22,"turns":6},{"damage":0,"enemies":"Gremlin Leader","floor":26,"turns":7},{"damage":16,"enemies":"Snake Plant","floor":27,"turns":7},{"damage":8,"enemies":"Book of Stabbing","floor":28,"turns":5},{"damage":7,"enemies":"downfall:FleeingMerchant","floor":29,"turns":4},{"damage":0,"enemies":"Snecko","floor":31,"turns":3},{"damage":0,"enemies":"Centurion and Healer","floor":32,"turns":3},{"damage":0,"enemies":"WA_ARCHETYPE_CALM","floor":33,"turns":9},{"damage":12,"enemies":"3 Shapes","floor":36,"turns":5},{"damage":3,"enemies":"downfall:FleeingMerchant","floor":39,"turns":4},{"damage":0,"enemies":"Orb Walker","floor":42,"turns":3},{"damage":6,"enemies":"3 Darklings","floor":43,"turns":3},{"damage":0,"enemies":"2 Orb Walkers","floor":46,"turns":2},{"damage":8,"enemies":"2 Orb Walkers","floor":47,"turns":4},{"damage":0,"enemies":"Giant Head","floor":48,"turns":4},{"damage":0,"enemies":"Spire Growth","floor":49,"turns":2},{"damage":15,"enemies":"SI_POISON_ARCHETYPE","floor":50,"turns":4},{"damage":47,"enemies":"downfall:CharBossMerchant","floor":52,"turns":6},{"damage":8,"enemies":"downfall:NeowBoss","floor":55,"turns":7},{"damage":25,"enemies":"downfall:NeowBossFinal","floor":56,"turns":6}],"seed_played":"-7382008362183583473","potions_obtained":[{"floor":2,"key":"Strength Potion"},{"floor":3,"key":"Fire Potion"},{"floor":10,"key":"LiquidBronze"},{"floor":15,"key":"EntropicBrew"},{"floor":21,"key":"Block Potion"},{"floor":26,"key":"Explosive Potion"},{"floor":31,"key":"Fruit Juice"},{"floor":32,"key":"DuplicationPotion"}],"is_trial":false,"path_per_floor":["R","M","M","?","M","?","T","R","M","M","?","E","R","$","M","B",null,"R","M","?","M","M","?","T","?","E","M","E","$","R","M","M","B",null,"R","M","?","?","$","R","T","M","M","R","$","?","?","E","M","B",null,"E","$","R","B","B",null],"character_chosen":"THE_SNECKO","items_purchased":["Membership Card","sneckomod:Unknown3Cost","sneckomod:BlankCard","Oddly Smooth Stone","bronze:BronzeIdol","ClockworkSouvenir","Happy Flower","Guardian:PocketSentry","Panache","sneckomod:RareBoosterPack","sneckomod:UnknownRareAttack","Whetstone","Ice Cream","sneckomod:DangerNoodle"],"campfire_rested":3,"item_purchase_floors":[29,29,29,29,39,39,39,45,45,45,45,45,53,53],"current_hp_per_floor":[81,79,79,84,84,84,84,84,84,74,53,49,77,72,72,63,87,87,87,87,87,86,86,86,86,86,70,62,55,83,83,88,88,97,107,95,95,95,92,92,92,92,96,96,96,96,88,88,88,88,105,58,58,91,83,58],"gold":103,"neow_bonus":"BOSS_RELIC","is_daily":false,"chose_seed":false,"campfire_upgraded":5,"win_rate":0.0,"timestamp":1614280184,"path_taken":["R","M","M","?","M","?","T","R","M","?","?","E","R","$","M","BOSS","R","M","?","M","?","?","T","?","E","M","E","$","R","M","M","BOSS","R","M","?","?","$","R","T","M","?","R","$","?","?","E","M","BOSS","E","$","R","BOSS","BOSS"],"items_purchased_type":["Relic","Card","Relic","Relic","Relic","Relic","Relic","Relic","Card","Relic","Card","Relic","Relic","Card"],"build_version":"2020-12-22","purchased_purges":2,"victory":true,"max_hp_per_floor":[90,90,90,95,95,95,95,95,95,95,95,95,95,95,95,95,95,95,95,95,95,95,95,95,95,95,95,95,95,95,95,100,100,100,110,110,110,110,110,110,110,110,110,110,110,110,110,110,110,110,110,110,110,110,110,110],"card_choices":[{"not_picked":["sneckomod:UnknownCommonAttack","sneckomod:SoulRoll"],"picked":"sneckomod:UnknownStrike","floor":2},{"not_picked":["sneckomod:IronFang","sneckomod:UnknownClassGUARDIAN"],"picked":"sneckomod:WideSting","floor":3},{"not_picked":["sneckomod:Memorize","sneckomod:QuickMove"],"picked":"sneckomod:UnknownClassHEXA_GHOST_PURPLE","floor":5},{"not_picked":["sneckomod:Unknown1Cost","sneckomod:DiceBlock"],"picked":"sneckomod:UnknownClassTHE_CHAMP_GRAY","floor":9},{"not_picked":["sneckomod:UnknownX","sneckomod:UnknownClassGUARDIAN"],"picked":"sneckomod:UnknownBlock","floor":10},{"not_picked":["sneckomod:UnknownClassHEXA_GHOST_PURPLE","sneckomod:UnknownClassBLUE"],"picked":"sneckomod:UnknownCommonSkill","floor":12},{"not_picked":["sneckomod:SoulDraw","sneckomod:UnknownDraw"],"picked":"sneckomod:UnknownClassBLUE","floor":14},{"not_picked":["sneckomod:MixItUp","sneckomod:Cheat"],"picked":"sneckomod:UnknownStrength","floor":15},{"not_picked":["sneckomod:Restock","sneckomod:DangerNoodle"],"picked":"sneckomod:GlitteringGambit","floor":16},{"not_picked":["sneckomod:UnknownClassBLUE","sneckomod:DefensiveFlair"],"picked":"sneckomod:UnknownUncommonPower","floor":19},{"not_picked":["sneckomod:UnknownClassGUARDIAN","sneckomod:SoulDraw"],"picked":"sneckomod:UnknownClassGREEN","floor":21},{"not_picked":["sneckomod:DefensiveFlair","sneckomod:PureSnecko"],"picked":"sneckomod:UnknownDexterity","floor":22},{"not_picked":["sneckomod:DiceCrush+1","sneckomod:WideSting"],"picked":"sneckomod:Mudshield","floor":26},{"not_picked":["sneckomod:UnknownBlock","sneckomod:UnknownClassPURPLE"],"picked":"sneckomod:UnknownColorless+1","floor":27},{"not_picked":["sneckomod:ImprovisedGuard","sneckomod:Rotation+1"],"picked":"sneckomod:UnknownUncommonAttack","floor":28},{"not_picked":["sneckomod:UnknownColorless","sneckomod:UnknownClassSLIMEBOUND"],"picked":"sneckomod:SnakeSap+1","floor":29},{"not_picked":["sneckomod:Nope","sneckomod:Unknown1Cost"],"picked":"sneckomod:Rotation+1","floor":29},{"not_picked":["sneckomod:PureSnecko","sneckomod:QuickMove"],"picked":"sneckomod:UnknownClassGREEN","floor":31},{"not_picked":["sneckomod:ImprovisedAttack","sneckomod:RainOfDice"],"picked":"sneckomod:UnknownUncommonSkill","floor":32},{"not_picked":["sneckomod:GlitteringGambit","sneckomod:Mudshield"],"picked":"sneckomod:UnknownRareSkill","floor":33},{"not_picked":["sneckomod:WideSting+1","sneckomod:UnknownUncommonAttack+1"],"picked":"sneckomod:SnakeSap","floor":36},{"not_picked":["sneckomod:UnknownClassPURPLE","sneckomod:ImprovisedAttack+1"],"picked":"sneckomod:SoulCleanse+1","floor":39},{"not_picked":["sneckomod:UnknownClassTHE_BRONZE_AUTOMATON","sneckomod:PureSnecko+1"],"picked":"sneckomod:UnendingSupply","floor":42},{"not_picked":["sneckomod:UnknownBlock","sneckomod:ImprovisedGuard"],"picked":"sneckomod:UnknownColorless","floor":43},{"not_picked":["sneckomod:WideSting","sneckomod:SlitherStrike+1"],"picked":"sneckomod:UnknownClassBLUE+1","floor":46},{"not_picked":["sneckomod:SoulCleanse","sneckomod:UnknownBlock"],"picked":"sneckomod:UnknownDexterity+1","floor":47},{"not_picked":["sneckomod:UnknownClassSLIMEBOUND+1","sneckomod:DiceBlock"],"picked":"sneckomod:UnlimitedRolls","floor":48},{"not_picked":["sneckomod:ImprovisedGuard+1","sneckomod:UnknownClassTHE_CHAMP_GRAY"],"picked":"sneckomod:WideSting","floor":49},{"not_picked":["sneckomod:QuickMove+1","sneckomod:UnknownClassPURPLE"],"picked":"sneckomod:UnknownClassTHE_CHAMP_GRAY","floor":52}],"player_experience":748735,"relics_obtained":[{"floor":7,"key":"Omamori"},{"floor":12,"key":"Gambling Chip"},{"floor":26,"key":"Meat on the Bone"},{"floor":28,"key":"Blue Candle"},{"floor":41,"key":"Peace Pipe"},{"floor":46,"key":"Unceasing Top"},{"floor":47,"key":"Dead Branch"},{"floor":48,"key":"Smiling Mask"},{"floor":52,"key":"Gremlin Horn"}],"event_choices":[{"damage_healed":0,"gold_gain":0,"player_choice":"Donut","damage_taken":0,"max_hp_gain":5,"max_hp_loss":0,"event_name":"Big Fish","floor":4,"gold_loss":0},{"damage_healed":0,"gold_gain":0,"player_choice":"Read","damage_taken":0,"max_hp_gain":0,"max_hp_loss":0,"event_name":"The Library","floor":23,"gold_loss":0,"cards_obtained":["sneckomod:UnknownStrength"]},{"damage_healed":0,"gold_gain":0,"player_choice":"Fight","damage_taken":0,"max_hp_gain":0,"max_hp_loss":0,"event_name":"Mysterious Sphere","floor":46,"gold_loss":0}],"is_beta":false,"boss_relics":[{"not_picked":["SacredBark","Runic Dome"],"picked":"Astrolabe"},{"not_picked":["sneckomod:SneckoBoss","sneckomod:SneckoTalon"],"picked":"Sozu"}],"items_purged_floors":[14,53],"is_endless":false,"potions_floor_spawned":[2,3,10,21,26,31,32,36,47,48,49,52],"ascension_level":10}}