{"host":"5sw3zovcv0q4yiho","time":1614221867,"event":{"mods":["BaseMod","Minty Spire (QoL Compilation)","Replay The Spire","StSLib"],"gold_per_floor":[114,125,125,138,138,163,163,190,190,200,226,251,105,124,124,224,224,239,257,81,81,101,101,118,118,194,194,204,220,220,254,254,352,352,365,377,171,191,206,206,224,224,276,126,144,162,162,177,177,177,177,177,22,51,51],"floor_reached":56,"language":"ENG","playtime":9446,"items_purged":["Defend_R","Bash","Strike_R","Voices"],"score":1118,"play_id":"98955a9a-d37c-4789-a0e2-2fa639c7e74e","local_time":"20210224205747","is_ascension_mode":false,"campfire_choices":[{"data":"Whirlwind","floor":7.0,"key":"SMITH"},{"floor":15.0,"key":"REST"},{"data":"1","floor":23,"key":"LIFT"},{"floor":25,"key":"REST"},{"data":"Uppercut","floor":30,"key":"SMITH"},{"data":"Battle Trance","floor":32,"key":"SMITH"},{"floor":40,"key":"RECALL"},{"data":"Firewall","floor":42,"key":"SMITH"},{"data":"2","floor":47,"key":"LIFT"},{"floor":49,"key":"DIG"},{"data":"3","floor":52,"key":"LIFT"}],"circlet_count":0,"master_deck":["Strike_R","Strike_R","Defend_R","Defend_R","Defend_R","Thunderclap","Flex","Whirlwind+1","Flex","Self Repair+1","Demon Form","Uppercut+1","Dual Wield","Firewall+1","Battle Trance+1","WeaponsOverheat+1","Genetic Algorithm","ReplayReversal","Limit Break+1","Offering+1","Entrench+1","Parasite","Shrug It Off+1","Armaments+1","Genetic Algorithm+1"],"relics":["Iron Core","Art of War","Girya","ReplayTheSpireMod:TigerMarble","Thread and Needle","Mark of Pain","Centennial Puzzle","Toxic Egg 2","Toy Ornithopter","Replay:Grab Bag","Runic Dome","Cursed Key","Snecko Eye","Pen Nib","Pondfish Scales","DollysMirror","Sundial"],"acts_visited":["Exordium","TheCity","TheBeyond","TheEnding"],"potions_floor_usage":[18,28,33,33,41,50,55,55],"damage_taken":[{"damage":1.0,"enemies":"Jaw Worm","floor":1.0,"turns":3.0},{"damage":1.0,"enemies":"2 Louse","floor":2.0,"turns":3.0},{"damage":1.0,"enemies":"Cultist","floor":4.0,"turns":3.0},{"damage":21.0,"enemies":"3 Sentries","floor":6.0,"turns":4.0},{"damage":22.0,"enemies":"Gremlin Nob","floor":8.0,"turns":4.0},{"damage":0.0,"enemies":"2 Fungi Beasts","floor":10.0,"turns":2.0},{"damage":23.0,"enemies":"Replay:BlueRogue","floor":12.0,"turns":5.0},{"damage":9.0,"enemies":"Red Slaver","floor":14.0,"turns":4.0},{"damage":67.0,"enemies":"Hexaghost","floor":16.0,"turns":9.0},{"damage":16,"enemies":"3 Byrds","floor":18,"turns":5},{"damage":7,"enemies":"2 Thieves","floor":19,"turns":2},{"damage":26,"enemies":"Centurion and Healer","floor":22,"turns":3},{"damage":48,"enemies":"Sentry and Sphere","floor":24,"turns":9},{"damage":17,"enemies":"Snecko","floor":28,"turns":7},{"damage":7,"enemies":"Cultist and Chosen","floor":29,"turns":6},{"damage":17,"enemies":"Gremlin Leader","floor":31,"turns":4},{"damage":6,"enemies":"Automaton","floor":33,"turns":5},{"damage":3,"enemies":"3 Darklings","floor":35,"turns":4},{"damage":16,"enemies":"3 Shapes","floor":36,"turns":5},{"damage":2,"enemies":"Writhing Mass","floor":38,"turns":4},{"damage":20,"enemies":"4 Shapes","floor":39,"turns":6},{"damage":14,"enemies":"Sphere and 2 Shapes","floor":41,"turns":4},{"damage":6,"enemies":"Writhing Mass","floor":45,"turns":3},{"damage":0,"enemies":"3 Darklings","floor":46,"turns":1},{"damage":0,"enemies":"Sphere and 2 Shapes","floor":48,"turns":3},{"damage":9,"enemies":"Donu and Deca","floor":50,"turns":6},{"damage":10,"enemies":"Shield and Spear","floor":54,"turns":6},{"damage":20,"enemies":"The Heart","floor":55,"turns":6}],"seed_played":"18992641276955281","potions_obtained":[{"floor":2.0,"key":"Languid Potion"},{"floor":6.0,"key":"LiquidMemories"},{"floor":12.0,"key":"Elixir"},{"floor":16.0,"key":"Toxic Potion"},{"floor":22,"key":"DistilledChaos"},{"floor":24,"key":"Block Potion"},{"floor":28,"key":"BloodPotion"},{"floor":31,"key":"PowerPotion"},{"floor":35,"key":"Swift Potion"},{"floor":39,"key":"Fire Potion"},{"floor":41,"key":"Flashbang"},{"floor":54,"key":"LiquidBronze"}],"is_trial":false,"path_per_floor":["M","M","?","M","?","E","R","E","T","M","T","E","$","M","R","B",null,"M","M","$","?","M","R","M","R","T","?","M","M","R","E","R","B",null,"M","M","$","M","M","R","M","R","T","$","M","M","R","M","R","B",null,"R","$","E","B",null],"character_chosen":"IRONCLAD","items_purchased":["Dual Wield","Genetic Algorithm","Entrench+1","DollysMirror"],"campfire_rested":2,"item_purchase_floors":[13,20,37,53],"current_hp_per_floor":[80,80,73,78,78,67,67,55,55,65,65,52,52,53,77,20,80,77,83,83,83,67,67,29,53,53,45,58,71,71,64,64,68,83,83,77,77,83,73,73,77,77,77,77,81,81,81,81,81,86,86,86,86,86,76],"gold":51,"neow_bonus":"TRANSFORM_CARD","is_daily":false,"chose_seed":false,"campfire_upgraded":4,"win_rate":0.0,"timestamp":1614221867,"path_taken":["M","M","?","M","?","E","R","E","T","?","?","E","?","M","R","BOSS","M","M","$","?","M","R","?","R","T","?","M","?","R","E","R","BOSS","M","M","$","M","M","R","M","R","T","$","M","M","R","M","R","BOSS","R","$","E","BOSS"],"items_purchased_type":["Card","Card","Card","Relic"],"build_version":"2020-12-22","purchased_purges":4,"victory":true,"max_hp_per_floor":[80,80,80,80,80,80,80,80,80,80,80,80,80,80,80,80,80,83,83,83,83,83,83,83,83,83,83,83,83,83,83,83,83,83,83,83,83,83,83,83,86,86,86,86,86,86,86,86,86,86,86,86,86,86,86],"card_choices":[{"not_picked":["ReplayTheSpireMod:Strike From Hell","True Grit"],"picked":"Flex","floor":1.0},{"not_picked":["Twin Strike","Pummel"],"picked":"Whirlwind","floor":2.0},{"not_picked":["Replay:Undeath\u0027s Touch","Iron Wave"],"picked":"Flex","floor":4.0},{"not_picked":["Sentinel","Clash","Perfected Strike"],"picked":"SKIP","floor":6.0},{"not_picked":["Turbo","Beam Cell"],"picked":"Demon Form","floor":8.0},{"not_picked":["Beam Cell","Body Slam","ReplayReversal"],"picked":"SKIP","floor":10.0},{"not_picked":["Turbo","Disarm"],"picked":"Uppercut","floor":12.0},{"not_picked":["Pummel","FTL","Metallicize"],"picked":"SKIP","floor":14.0},{"not_picked":["Fiend Fire","Limit Break"],"picked":"Firewall","floor":16.0},{"not_picked":["FTL","Glacier"],"picked":"Battle Trance","floor":18},{"not_picked":["Defragment","Sever Soul"],"picked":"WeaponsOverheat+1","floor":19},{"not_picked":["Heavy Blade+1","Intimidate+1"],"picked":"ReplayReversal","floor":22},{"not_picked":["Gash+1","Beam Cell","Intimidate+1"],"picked":"SKIP","floor":24},{"not_picked":["Perfected Strike","Gash"],"picked":"Limit Break+1","floor":28},{"not_picked":["Cleave+1","Warcry+1","Cold Snap"],"picked":"SKIP","floor":29},{"not_picked":["Uppercut+1","Sever Soul","Defy Death+1"],"picked":"SKIP","floor":31},{"not_picked":["Barricade","Fiend Fire"],"picked":"Offering+1","floor":33},{"not_picked":["Headbutt","Cleave","Perfected Strike"],"picked":"SKIP","floor":35},{"not_picked":["Uppercut","Clash+1","Headbutt"],"picked":"SKIP","floor":36},{"not_picked":["Clothesline","Battle Trance+1","Havoc+1"],"picked":"SKIP","floor":38},{"not_picked":["Perfected Strike+1","Clothesline","Blood for Blood+1"],"picked":"SKIP","floor":39},{"not_picked":["True Grit+1","Metallicize+1","Bloodletting+1"],"picked":"SKIP","floor":41},{"not_picked":["Double Tap+1","Inflame+1"],"picked":"Shrug It Off+1","floor":45},{"not_picked":["Headbutt+1","Run Through+1"],"picked":"Armaments+1","floor":46},{"not_picked":["Cleave","Warcry+1","ReplayTheSpireMod:Strike From Hell+1"],"picked":"SKIP","floor":48},{"not_picked":["Power Through+1","Headbutt","Bloodletting+1"],"picked":"SKIP","floor":54}],"player_experience":329318,"relics_obtained":[{"floor":6.0,"key":"Art of War"},{"floor":8.0,"key":"Girya"},{"floor":11.0,"key":"ReplayTheSpireMod:TigerMarble"},{"floor":12.0,"key":"Thread and Needle"},{"floor":26,"key":"Toxic Egg 2"},{"floor":31,"key":"Toy Ornithopter"},{"floor":43,"key":"Pen Nib"},{"floor":49,"key":"Pondfish Scales"},{"floor":54,"key":"Sundial"}],"event_choices":[{"cards_removed":["Strike_R"],"damage_healed":0.0,"max_hp_gain":0.0,"max_hp_loss":0.0,"gold_gain":0.0,"event_name":"Golden Wing","player_choice":"Card Removal","floor":3.0,"gold_loss":0.0,"damage_taken":7.0},{"damage_healed":0,"gold_gain":0,"player_choice":"Gave Potion","damage_taken":0,"relics_obtained":["Centennial Puzzle"],"max_hp_gain":0,"max_hp_loss":0,"event_name":"WeMeetAgain","floor":21,"gold_loss":0},{"damage_healed":0,"gold_gain":0,"player_choice":"Damaged","damage_taken":8,"max_hp_gain":0,"max_hp_loss":0,"event_name":"Wheel of Change","floor":27,"gold_loss":0}],"is_beta":false,"boss_relics":[{"not_picked":["Kintsugi","Replay:Ancient Bell"],"picked":"Mark of Pain"},{"not_picked":["Painkiller Herb","Honey Jar"],"picked":"Replay:Grab Bag"},{"not_picked":["Electric Blood","Sozu"],"picked":"Runic Dome"},{"not_picked":["Velvet Choker","ReplayTheSpireMod:Onyx Gauntlets"],"picked":"Cursed Key"},{"not_picked":["Replay:Drink Me","Runic Pyramid"],"picked":"Snecko Eye"}],"items_purged_floors":[13,20,37,44],"is_endless":false,"potions_floor_spawned":[2,6,12,16,22,24,28,31,35,39,41,48,54],"ascension_level":0}}