{"host":"m5yg5l2nv5tpewxp","time":1614234616,"event":{"mods":["AchievementEnabler","BaseMod","Colored Powertips","Minty Spire (QoL Compilation)","Quick Restart"],"gold_per_floor":[110,80,5,5,5,5,40,57,57,71,98,112,137,152,152,257,257,275,275,275,375,392,392,417,140,140,140,159,187,197,224,224,328,328,342,342,61,61,77,107,125,137,137,168,182,196,196,109,109,109],"floor_reached":51,"language":"ENG","playtime":4856,"items_purged":["Strike_R","Defend_R","Rampage+1"],"score":1159,"play_id":"8a8a9ecd-5bb6-4140-8596-f14b6d4b92d7","local_time":"20210224223016","is_ascension_mode":true,"campfire_choices":[{"data":"Bash","floor":6,"key":"SMITH"},{"data":"Berserk","floor":15,"key":"SMITH"},{"data":"J.A.X.","floor":23,"key":"SMITH"},{"data":"Limit Break","floor":27,"key":"SMITH"},{"data":"Heavy Blade","floor":32,"key":"SMITH"},{"data":"Rupture","floor":49,"key":"SMITH"}],"circlet_count":0,"master_deck":["Defend_R","Defend_R","Bash+1","Headbutt","Sword Boomerang","Berserk+1","Offering","Bludgeon","Havoc+1","Bite","Bite","Bite","Bite","Bite","J.A.X.+1","Limit Break+1","Flame Barrier","Dark Shackles","Sword Boomerang+1","Heavy Blade+1","Reaper","CurseOfTheBell","Limit Break+1","Seeing Red+1","Rupture+1","Dark Shackles+1"],"relics":["Burning Blood","NeowsBlessing","HornCleat","Art of War","Dead Branch","Ornamental Fan","Runic Pyramid","Eternal Feather","Self Forming Clay","Meat on the Bone","Whetstone","Calling Bell","Bag of Preparation","Blue Candle","FossilizedHelix","Ancient Tea Set","Toxic Egg 2","Matryoshka","Bronze Scales","Mercury Hourglass","Anchor"],"acts_visited":["Exordium","TheCity","TheBeyond"],"potions_floor_usage":[11,11,11,13,18,22,24,31,40,44,50,50,50],"damage_taken":[{"damage":0,"enemies":"Jaw Worm","floor":1,"turns":1},{"damage":0,"enemies":"3 Sentries","floor":7,"turns":2},{"damage":0,"enemies":"Cultist","floor":8,"turns":1},{"damage":0,"enemies":"2 Louse","floor":10,"turns":3},{"damage":15,"enemies":"Lagavulin","floor":11,"turns":7},{"damage":2,"enemies":"2 Fungi Beasts","floor":12,"turns":4},{"damage":31,"enemies":"3 Sentries","floor":13,"turns":5},{"damage":8,"enemies":"Blue Slaver","floor":14,"turns":3},{"damage":22,"enemies":"Hexaghost","floor":16,"turns":8},{"damage":13,"enemies":"Shell Parasite","floor":18,"turns":4},{"damage":10,"enemies":"2 Thieves","floor":22,"turns":2},{"damage":39,"enemies":"Gremlin Leader","floor":24,"turns":5},{"damage":9,"enemies":"3 Cultists","floor":28,"turns":4},{"damage":9,"enemies":"Book of Stabbing","floor":29,"turns":2},{"damage":12,"enemies":"Snake Plant","floor":30,"turns":4},{"damage":32,"enemies":"Gremlin Leader","floor":31,"turns":6},{"damage":36,"enemies":"Automaton","floor":33,"turns":6},{"damage":20,"enemies":"Orb Walker","floor":35,"turns":2},{"damage":12,"enemies":"3 Shapes","floor":39,"turns":3},{"damage":22,"enemies":"Nemesis","floor":40,"turns":3},{"damage":20,"enemies":"Jaw Worm Horde","floor":41,"turns":4},{"damage":13,"enemies":"Writhing Mass","floor":42,"turns":4},{"damage":38,"enemies":"Reptomancer","floor":44,"turns":4},{"damage":13,"enemies":"3 Darklings","floor":45,"turns":4},{"damage":0,"enemies":"Sphere and 2 Shapes","floor":46,"turns":3},{"damage":56,"enemies":"Donu and Deca","floor":50,"turns":6}],"seed_played":"-1087333781134315932","potions_obtained":[{"floor":2,"key":"Explosive Potion"},{"floor":2,"key":"EntropicBrew"},{"floor":8,"key":"Block Potion"},{"floor":11,"key":"BloodPotion"},{"floor":12,"key":"AttackPotion"},{"floor":22,"key":"Energy Potion"},{"floor":29,"key":"Explosive Potion"},{"floor":31,"key":"BlessingOfTheForge"},{"floor":33,"key":"FearPotion"},{"floor":42,"key":"Energy Potion"},{"floor":44,"key":"AttackPotion"}],"is_trial":false,"path_per_floor":["M","?","$","T","?","R","E","M","T","M","E","M","E","M","R","B",null,"M","?","?","?","M","R","E","$","T","R","M","E","M","E","R","B",null,"M","?","$","T","M","E","M","M","T","E","M","M","?","$","R","B",null],"character_chosen":"IRONCLAD","items_purchased":["Flame Barrier","Dark Shackles","Fire Potion","Ancient Tea Set","Dark Shackles+1"],"campfire_rested":0,"item_purchase_floors":[25,25,25,37,48],"current_hp_per_floor":[78,78,78,78,71,71,77,80,80,80,71,75,50,48,48,32,68,77,56,56,56,56,56,37,37,37,49,54,53,56,46,56,36,51,51,51,51,51,53,45,56,56,56,56,49,56,56,56,56,26],"gold":109,"neow_bonus":"THREE_ENEMY_KILL","is_daily":false,"chose_seed":false,"campfire_upgraded":6,"win_rate":0.0,"timestamp":1614234616,"path_taken":["M","?","?","?","?","R","E","M","T","M","E","M","E","M","R","BOSS","M","?","?","?","M","R","E","$","T","R","?","E","M","E","R","BOSS","M","?","$","?","?","E","M","M","T","E","M","M","?","?","R","BOSS"],"items_purchased_type":["Card","Card","Potion","Relic","Card"],"build_version":"2020-12-22","purchased_purges":3,"victory":true,"max_hp_per_floor":[80,80,80,80,80,80,80,80,80,80,80,80,80,80,80,80,80,80,56,56,56,56,56,56,56,56,56,56,56,56,56,56,56,56,56,56,56,56,56,56,56,56,56,56,56,56,56,56,56,56],"card_choices":[{"not_picked":["Clash","Rage"],"picked":"Headbutt","floor":1},{"not_picked":["Armaments","Body Slam"],"picked":"Sword Boomerang","floor":7},{"not_picked":["Infernal Blade","Feel No Pain"],"picked":"Berserk","floor":8},{"not_picked":["Whirlwind","Bloodletting","True Grit"],"picked":"SKIP","floor":10},{"not_picked":["Flex","Armaments"],"picked":"Rampage","floor":11},{"not_picked":["Clash","Warcry","Blood for Blood"],"picked":"SKIP","floor":12},{"not_picked":["Shrug It Off","Flex"],"picked":"Offering","floor":13},{"not_picked":["Body Slam","Rampage","Bloodletting"],"picked":"SKIP","floor":14},{"not_picked":["Offering","Limit Break"],"picked":"Bludgeon","floor":16},{"not_picked":["Twin Strike+1","Flex"],"picked":"Havoc+1","floor":18},{"not_picked":["Armaments","Thunderclap","Body Slam"],"picked":"SKIP","floor":22},{"not_picked":["Anger","Twin Strike"],"picked":"Limit Break","floor":24},{"not_picked":["Searing Blow+1","Pommel Strike+1","Blood for Blood"],"picked":"SKIP","floor":28},{"not_picked":["Juggernaut","Anger+1"],"picked":"Sword Boomerang","floor":29},{"not_picked":["Iron Wave","Wild Strike","Flex"],"picked":"SKIP","floor":30},{"not_picked":["True Grit","Rampage+1"],"picked":"Heavy Blade","floor":31},{"not_picked":["Bludgeon","Immolate"],"picked":"Reaper","floor":33},{"not_picked":["Dual Wield","Cleave+1","Twin Strike"],"picked":"SKIP","floor":35},{"not_picked":["Hemokinesis","Wild Strike","Body Slam"],"picked":"SKIP","floor":39},{"not_picked":["Havoc+1","Feed","Wild Strike"],"picked":"SKIP","floor":40},{"not_picked":["Carnage","Armaments+1","Infernal Blade+1"],"picked":"SKIP","floor":41},{"not_picked":["Armaments+1","Blood for Blood+1"],"picked":"Seeing Red+1","floor":42},{"not_picked":["Cleave","Hemokinesis"],"picked":"Rupture","floor":44},{"not_picked":["Twin Strike+1","Havoc+1","Dual Wield+1"],"picked":"SKIP","floor":45},{"not_picked":["Burning Pact+1","Second Wind+1","Carnage"],"picked":"SKIP","floor":46}],"player_experience":379212,"relics_obtained":[{"floor":4,"key":"HornCleat"},{"floor":7,"key":"Art of War"},{"floor":11,"key":"Dead Branch"},{"floor":13,"key":"Ornamental Fan"},{"floor":24,"key":"Eternal Feather"},{"floor":26,"key":"Self Forming Clay"},{"floor":29,"key":"Meat on the Bone"},{"floor":31,"key":"Whetstone"},{"floor":34,"key":"Bag of Preparation"},{"floor":34,"key":"Blue Candle"},{"floor":34,"key":"FossilizedHelix"},{"floor":38,"key":"Toxic Egg 2"},{"floor":40,"key":"Matryoshka"},{"floor":43,"key":"Bronze Scales"},{"floor":43,"key":"Mercury Hourglass"},{"floor":44,"key":"Anchor"}],"event_choices":[{"damage_healed":0,"gold_gain":0,"player_choice":"Bought 2 Potions","damage_taken":0,"max_hp_gain":0,"max_hp_loss":0,"event_name":"The Woman in Blue","floor":2,"gold_loss":0},{"cards_removed":["Strike_R"],"damage_healed":0,"gold_gain":0,"player_choice":"Card Removal","damage_taken":7,"max_hp_gain":0,"max_hp_loss":0,"event_name":"Golden Wing","floor":5,"gold_loss":0},{"damage_healed":0,"gold_gain":0,"player_choice":"Became a vampire","damage_taken":0,"max_hp_gain":0,"max_hp_loss":24,"event_name":"Vampires","floor":19,"gold_loss":0,"cards_obtained":["Bite","Bite","Bite","Bite","Bite"]},{"damage_healed":0,"gold_gain":0,"player_choice":"Obtain J.A.X.","damage_taken":0,"max_hp_gain":0,"max_hp_loss":0,"event_name":"Drug Dealer","floor":20,"gold_loss":0,"cards_obtained":["J.A.X."]},{"damage_healed":0,"gold_gain":100,"player_choice":"Pray","damage_taken":0,"max_hp_gain":0,"max_hp_loss":0,"event_name":"Golden Shrine","floor":21,"gold_loss":0},{"damage_healed":0,"gold_gain":0,"player_choice":"Copied","damage_taken":0,"max_hp_gain":0,"max_hp_loss":0,"event_name":"Duplicator","floor":36,"gold_loss":0,"cards_obtained":["Limit Break"]},{"cards_removed":["Defend_R"],"damage_healed":0,"gold_gain":0,"player_choice":"Purged","damage_taken":0,"max_hp_gain":0,"max_hp_loss":0,"event_name":"Purifier","floor":47,"gold_loss":0}],"is_beta":false,"boss_relics":[{"not_picked":["Busted Crown","Velvet Choker"],"picked":"Runic Pyramid"},{"not_picked":["Runic Dome","Sozu"],"picked":"Calling Bell"}],"items_purged_floors":[3,25,37],"is_endless":false,"potions_floor_spawned":[8,11,12,22,29,31,33,35,42,44],"ascension_level":8}}