{"host":"dh4nu8nelr2izibb","time":1614228261,"event":{"mods":["BaseMod","Better Skull","Better Third Choice","Card Filter","Card Forge","Curses Come First","Displayed Cursed Tome","Extra Virgin Snecko Oil","HololiveMod","Marisa????????","Minty Spire (QoL Compilation)","Poor People Problems","Quick Restart","Relic Filter","Reliquary","StSLib","The Servant 0.9.4","WarShipGirlsR/????R mod","Yakumo Yukari mod"],"gold_per_floor":[365,365,17,30,30,30,63,83,83,83,73,93,125,125,125,199,199,210,210,229,247,247,247,265,276,276,290,290,290,340,375,375,451,451,461,475,475,485,504,504,504,34,34,34,34,53,53,72,72,72],"floor_reached":51,"language":"ENG","playtime":2002,"items_purged":["Strike_G"],"score":1331,"play_id":"522e85fb-7aaa-4105-b970-b05dbb4a742e","local_time":"20210224234421","is_ascension_mode":true,"campfire_choices":[{"data":"Terror","floor":6,"key":"SMITH"},{"floor":10,"key":"REST"},{"data":"Footwork","floor":15,"key":"SMITH"},{"floor":23,"key":"REST"},{"floor":29,"key":"REST"},{"floor":32,"key":"REST"},{"floor":40,"key":"REST"},{"floor":44,"key":"DIG"},{"floor":47,"key":"DIG"},{"floor":49,"key":"REST"}],"circlet_count":0,"master_deck":["AscendersBane","Strike_G","Strike_G","Strike_G","Defend_G","Defend_G","Defend_G","Defend_G","Survivor","Neutralize+1","Dagger Spray","Cloak And Dagger","Terror+1","Dash","Acrobatics","Dagger Throw","Sucker Punch+1","Storm of Steel","Footwork+1","Bullet Time+1","Reflex","Backflip","Underhanded Strike+1","Acrobatics","PiercingWail","Backflip+1","Malaise+1","Eviscerate+1","Slice+1","Apotheosis+1"],"relics":["Ring of the Snake","Hammer of Thor","Seething Fire","Anvil of the Gods","Oddly Smooth Stone","Ninja Scroll","Art of War","Fusion Hammer","Shuriken","Red Mask","WristBlade","Shovel","reliquary:KillPill","Bottled Lightning","Sundial"],"acts_visited":["Exordium","TheCity","TheBeyond"],"potions_floor_usage":[13,16,16,16,18,24,27,33,38],"damage_taken":[{"damage":11,"enemies":"Jaw Worm","floor":1,"turns":7},{"damage":1,"enemies":"Small Slimes","floor":4,"turns":3},{"damage":10,"enemies":"Lagavulin","floor":7,"turns":5},{"damage":0,"enemies":"2 Louse","floor":8,"turns":1},{"damage":0,"enemies":"Large Slime","floor":12,"turns":3},{"damage":1,"enemies":"3 Sentries","floor":13,"turns":4},{"damage":0,"enemies":"The Guardian","floor":16,"turns":10},{"damage":14,"enemies":"Shell Parasite","floor":18,"turns":4},{"damage":0,"enemies":"3 Byrds","floor":20,"turns":5},{"damage":13,"enemies":"Cultist and Chosen","floor":21,"turns":6},{"damage":8,"enemies":"Snecko","floor":24,"turns":4},{"damage":14,"enemies":"Snake Plant","floor":25,"turns":4},{"damage":0,"enemies":"Centurion and Healer","floor":27,"turns":3},{"damage":9,"enemies":"Colosseum Slavers","floor":28,"turns":5},{"damage":7,"enemies":"Masked Bandits","floor":31,"turns":4},{"damage":20,"enemies":"Automaton","floor":33,"turns":8},{"damage":9,"enemies":"Orb Walker","floor":35,"turns":3},{"damage":8,"enemies":"3 Darklings","floor":36,"turns":4},{"damage":6,"enemies":"4 Shapes","floor":38,"turns":8},{"damage":8,"enemies":"Jaw Worm Horde","floor":39,"turns":4},{"damage":0,"enemies":"Writhing Mass","floor":46,"turns":6},{"damage":18,"enemies":"4 Shapes","floor":48,"turns":8},{"damage":54,"enemies":"Donu and Deca","floor":50,"turns":9}],"seed_played":"3719072454380590585","potions_obtained":[{"floor":4,"key":"Dexterity Potion"},{"floor":12,"key":"EntropicBrew"},{"floor":13,"key":"LiquidBronze"},{"floor":16,"key":"SkillPotion"},{"floor":21,"key":"DistilledChaos"},{"floor":25,"key":"AttackPotion"},{"floor":31,"key":"PanachePotion"},{"floor":33,"key":"Dexterity Potion"}],"is_trial":false,"path_per_floor":["M","?","$","M","$","R","E","M","T","R","?","M","E","?","R","B",null,"M","?","M","M","?","R","M","M","T","M","?","R","?","?","R","B",null,"M","M","$","M","M","R","?","$","T","R","?","M","R","M","R","B",null],"character_chosen":"THE_SILENT","items_purchased":["Cloak And Dagger","Terror","All Out Attack","Dash","Apotheosis","WristBlade"],"campfire_rested":6,"item_purchase_floors":[3,3,3,3,42,42],"current_hp_per_floor":[33,33,33,32,32,32,22,22,22,41,41,41,40,45,45,45,65,51,51,51,38,28,49,41,27,27,27,18,39,39,32,53,33,62,53,45,45,39,31,52,52,52,52,52,52,52,52,34,55,1],"gold":72,"neow_bonus":"TWO_FIFTY_GOLD","is_daily":false,"chose_seed":false,"campfire_upgraded":2,"win_rate":0.0,"timestamp":1614228261,"path_taken":["M","?","$","M","$","R","E","M","T","R","?","M","E","?","R","BOSS","M","?","M","M","?","R","M","?","T","M","?","R","?","?","R","BOSS","M","M","$","M","M","R","?","$","T","R","?","M","R","M","R","BOSS"],"items_purchased_type":["Card","Card","Card","Card","Card","Relic"],"build_version":"2020-12-22","purchased_purges":1,"victory":true,"max_hp_per_floor":[66,66,66,66,66,66,66,66,66,66,66,66,66,71,71,71,71,71,71,71,71,71,71,71,71,71,71,71,71,71,71,71,71,71,71,71,71,71,71,71,71,71,71,71,71,71,71,71,71,71],"card_choices":[{"not_picked":["Poisoned Stab","Deadly Poison"],"picked":"Dagger Spray","floor":1},{"not_picked":["Underhanded Strike","Dash"],"picked":"Acrobatics","floor":4},{"not_picked":["Cloak And Dagger","PiercingWail"],"picked":"Dagger Throw","floor":7},{"not_picked":["Skewer","Dagger Throw"],"picked":"Sucker Punch","floor":8},{"not_picked":[],"picked":"Storm of Steel","floor":11},{"not_picked":["Flying Knee","Deflect"],"picked":"Footwork","floor":12},{"not_picked":["Flying Knee","Setup","Concentrate"],"picked":"SKIP","floor":13},{"not_picked":["Corpse Explosion","Venomology"],"picked":"Bullet Time","floor":16},{"not_picked":["Deadly Poison","Setup+1"],"picked":"Reflex","floor":18},{"not_picked":["Distraction","Skewer","Bane"],"picked":"SKIP","floor":20},{"not_picked":["Flying Knee","Concentrate","Dagger Throw"],"picked":"SKIP","floor":21},{"not_picked":["Footwork","Bane+1"],"picked":"Underhanded Strike","floor":24},{"not_picked":["Outmaneuver","Crippling Poison"],"picked":"Acrobatics","floor":25},{"not_picked":["Deflect","Distraction"],"picked":"PiercingWail","floor":27},{"not_picked":["PiercingWail","Well Laid Plans"],"picked":"Backflip+1","floor":31},{"not_picked":["Die Die Die","Envenom"],"picked":"Malaise","floor":33},{"not_picked":["Dodge and Roll+1","Backflip","Deadly Poison"],"picked":"SKIP","floor":35},{"not_picked":["Acrobatics","PiercingWail"],"picked":"Eviscerate","floor":36},{"not_picked":["Dagger Spray","Poisoned Stab"],"picked":"Slice+1","floor":38},{"not_picked":["Prepared+1","Doppelganger","Outmaneuver+1"],"picked":"SKIP","floor":39},{"not_picked":["Underhanded Strike","Infinite Blades","Sucker Punch"],"picked":"SKIP","floor":46},{"not_picked":["Dodge and Roll","Cloak And Dagger","Heel Hook"],"picked":"SKIP","floor":48}],"player_experience":1217033,"relics_obtained":[{"floor":7,"key":"Oddly Smooth Stone"},{"floor":9,"key":"Ninja Scroll"},{"floor":13,"key":"Art of War"},{"floor":26,"key":"Shuriken"},{"floor":31,"key":"Red Mask"},{"floor":43,"key":"Shovel"},{"floor":44,"key":"reliquary:KillPill"},{"floor":47,"key":"Sundial"}],"event_choices":[{"damage_healed":0,"gold_gain":0,"player_choice":"Ignored","damage_taken":0,"max_hp_gain":0,"max_hp_loss":0,"event_name":"Golden Wing","floor":2,"gold_loss":0},{"damage_healed":0,"gold_gain":0,"player_choice":"Donut","damage_taken":0,"max_hp_gain":5,"max_hp_loss":0,"event_name":"Big Fish","floor":14,"gold_loss":0},{"damage_healed":0,"gold_gain":0,"player_choice":"Read","damage_taken":0,"max_hp_gain":0,"max_hp_loss":0,"event_name":"The Library","floor":19,"gold_loss":0,"cards_obtained":["Backflip"]},{"damage_healed":0,"gold_gain":0,"player_choice":"Damaged","damage_taken":10,"max_hp_gain":0,"max_hp_loss":0,"event_name":"Wheel of Change","floor":22,"gold_loss":0},{"damage_healed":0,"gold_gain":0,"player_choice":"Fight","damage_taken":0,"max_hp_gain":0,"max_hp_loss":0,"event_name":"Colosseum","floor":28,"gold_loss":0},{"damage_healed":0,"gold_gain":0,"player_choice":"Fled From Nobs","damage_taken":0,"max_hp_gain":0,"max_hp_loss":0,"event_name":"Colosseum","floor":28,"gold_loss":0},{"damage_healed":0,"gold_gain":50,"player_choice":"Steal","damage_taken":0,"max_hp_gain":0,"max_hp_loss":0,"event_name":"betterThird:BetterNest","floor":30,"gold_loss":0},{"damage_healed":0,"gold_gain":0,"player_choice":"Fought Bandits","damage_taken":0,"max_hp_gain":0,"max_hp_loss":0,"event_name":"Masked Bandits","floor":31,"gold_loss":0},{"damage_healed":0,"gold_gain":0,"player_choice":"Ignored","damage_taken":0,"max_hp_gain":0,"max_hp_loss":0,"event_name":"Mysterious Sphere","floor":41,"gold_loss":0},{"cards_removed":["All Out Attack"],"damage_healed":0,"gold_gain":0,"player_choice":"Removed Attack","damage_taken":0,"max_hp_gain":0,"max_hp_loss":0,"event_name":"Falling","floor":45,"gold_loss":0}],"is_beta":false,"boss_relics":[{"not_picked":["Astrolabe","Pandora\u0027s Box"],"picked":"Fusion Hammer"},{"not_picked":["reliquary:KinkedSpring","reliquary:WritOfMandamus","Runic Pyramid"]}],"items_purged_floors":[3],"is_endless":false,"potions_floor_spawned":[4,12,13,16,21,25,31,33,35,36],"ascension_level":19}}