{"host":"2mhgakmjhthqu3yt","time":1614277383,"event":{"mods":["AchievementEnabler","BaseMod","Block Reminder","Colored Powertips","Highlight Path","Minty Spire (QoL Compilation)","Quick Restart"],"gold_per_floor":[112,112,37,47,47,72,47,47,47,75,86,103,133,147,147,247,247,233,243,243,49,59,59,385,385,385,435,435,447,458,48,48,48,48],"floor_reached":33,"language":"ENG","playtime":1603,"items_purged":["Strike_R","Writhe"],"score":341,"play_id":"4a669462-4ca9-4039-b5fe-abe157d71d60","local_time":"20210225192303","is_ascension_mode":true,"campfire_choices":[{"data":"Body Slam","floor":8.0,"key":"SMITH"},{"floor":15.0,"key":"REST"},{"floor":23.0,"key":"REST"},{"floor":25.0,"key":"REST"},{"floor":28.0,"key":"REST"},{"floor":32.0,"key":"REST"}],"circlet_count":0,"master_deck":["Strike_R","Strike_R","Strike_R","Strike_R","Defend_R","Defend_R","Defend_R","Defend_R","Bash","Body Slam+1","True Grit","Evolve","Shrug It Off","Body Slam","Headbutt","Whirlwind","Entrench"],"relics":["Burning Blood","NeowsBlessing","Mercury Hourglass","Strawberry","Red Skull","Busted Crown","Dream Catcher","TheAbacus","Old Coin","Orichalcum","FossilizedHelix"],"acts_visited":["Exordium","TheCity"],"potions_floor_usage":[33,33,33,33],"damage_taken":[{"damage":0.0,"enemies":"Jaw Worm","floor":1.0,"turns":1.0},{"damage":0.0,"enemies":"Small Slimes","floor":4.0,"turns":1.0},{"damage":0.0,"enemies":"Lagavulin","floor":6.0,"turns":1.0},{"damage":18.0,"enemies":"3 Sentries","floor":10.0,"turns":7.0},{"damage":0.0,"enemies":"Cultist","floor":11.0,"turns":4.0},{"damage":9.0,"enemies":"Red Slaver","floor":12.0,"turns":4.0},{"damage":25.0,"enemies":"Lagavulin","floor":13.0,"turns":8.0},{"damage":0.0,"enemies":"2 Fungi Beasts","floor":14.0,"turns":2.0},{"damage":56.0,"enemies":"The Guardian","floor":16.0,"turns":15.0},{"damage":21.0,"enemies":"2 Thieves","floor":18.0,"turns":4.0},{"damage":20.0,"enemies":"Spheric Guardian","floor":19.0,"turns":4.0},{"damage":43.0,"enemies":"Snecko","floor":22.0,"turns":6.0},{"damage":34.0,"enemies":"Gremlin Leader","floor":24.0,"turns":10.0},{"damage":37.0,"enemies":"Chosen and Byrds","floor":29.0,"turns":7.0},{"damage":0.0,"enemies":"3 Cultists","floor":30.0,"turns":3.0},{"damage":93,"enemies":"Automaton","floor":33,"turns":12}],"seed_played":"-3880111566414364075","potions_obtained":[{"floor":10.0,"key":"AttackPotion"},{"floor":12.0,"key":"PowerPotion"},{"floor":13.0,"key":"SpeedPotion"},{"floor":16.0,"key":"BloodPotion"},{"floor":18.0,"key":"BlessingOfTheForge"},{"floor":29.0,"key":"EntropicBrew"}],"is_trial":false,"path_per_floor":["M","?","$","M","?","E","$","R","T","E","M","M","E","M","R","B",null,"M","M","?","$","M","R","E","R","T","?","R","M","M","$","R","B"],"character_chosen":"IRONCLAD","items_purchased":["Shrug It Off","Whirlwind","TheAbacus","FossilizedHelix"],"campfire_rested":5,"item_purchase_floors":[7,21,21,31],"current_hp_per_floor":[80,80,80,80,80,80,80,80,80,75,81,78,59,65,87,37,87,72,58,58,58,21,47,19,45,45,45,71,40,46,46,72,0,0],"gold":48,"neow_bonus":"THREE_ENEMY_KILL","is_daily":false,"chose_seed":false,"campfire_upgraded":1,"win_rate":0.0,"timestamp":1614277383,"path_taken":["M","?","$","M","?","E","$","R","T","E","M","M","E","M","R","BOSS","M","M","?","$","M","R","E","R","T","?","R","M","M","$","R","BOSS"],"items_purchased_type":["Card","Card","Relic","Relic"],"build_version":"2020-12-22","purchased_purges":2,"victory":false,"max_hp_per_floor":[80,80,80,80,80,80,80,80,80,87,87,87,87,87,87,87,87,87,87,87,87,87,87,87,87,87,87,87,87,87,87,87,87,87],"card_choices":[{"not_picked":["Twin Strike","Anger"],"picked":"Body Slam","floor":1.0},{"not_picked":["Metallicize","Flex"],"picked":"True Grit","floor":4.0},{"not_picked":["Reckless Charge","Armaments"],"picked":"Evolve","floor":6.0},{"not_picked":["Armaments","Infernal Blade","Corruption"],"picked":"SKIP","floor":10.0},{"not_picked":["Heavy Blade","Uppercut"],"picked":"Body Slam","floor":11.0},{"not_picked":["Thunderclap","Armaments","Anger"],"picked":"SKIP","floor":12.0},{"not_picked":["Heavy Blade","Cleave","Body Slam"],"picked":"SKIP","floor":13.0},{"not_picked":["Thunderclap","True Grit"],"picked":"Headbutt","floor":14.0},{"not_picked":["Intimidate"],"picked":"SKIP","floor":18.0},{"not_picked":["Cleave"],"picked":"SKIP","floor":19.0},{"not_picked":["Anger+1"],"picked":"SKIP","floor":22.0},{"not_picked":[],"picked":"Entrench","floor":23.0},{"not_picked":["Fire Breathing"],"picked":"SKIP","floor":24.0},{"not_picked":["Warcry"],"picked":"SKIP","floor":29.0},{"not_picked":["Demon Form"],"picked":"SKIP","floor":30.0}],"player_experience":111925,"relics_obtained":[{"floor":6.0,"key":"Mercury Hourglass"},{"floor":10.0,"key":"Strawberry"},{"floor":13.0,"key":"Red Skull"},{"floor":24.0,"key":"Old Coin"},{"floor":26.0,"key":"Orichalcum"}],"event_choices":[{"damage_healed":0.0,"max_hp_gain":0.0,"max_hp_loss":0.0,"gold_gain":0.0,"event_name":"Shining Light","player_choice":"Ignored","floor":2.0,"gold_loss":0.0,"damage_taken":0.0},{"damage_healed":0.0,"max_hp_gain":0.0,"max_hp_loss":0.0,"gold_gain":0.0,"event_name":"The Cleric","player_choice":"Leave","floor":5.0,"gold_loss":0.0,"damage_taken":0.0},{"damage_healed":0.0,"max_hp_gain":0.0,"max_hp_loss":0.0,"gold_gain":0.0,"event_name":"The Mausoleum","player_choice":"Opened","floor":20.0,"gold_loss":0.0,"damage_taken":0.0,"relics_obtained":["Dream Catcher"],"cards_obtained":["Writhe"]},{"damage_healed":0.0,"max_hp_gain":0.0,"max_hp_loss":0.0,"gold_gain":100.0,"event_name":"The Joust","player_choice":"Bet on Murderer","floor":27.0,"gold_loss":50.0,"damage_taken":0.0}],"is_beta":false,"boss_relics":[{"not_picked":["Calling Bell","Tiny House"],"picked":"Busted Crown"}],"items_purged_floors":[3,31],"is_endless":false,"potions_floor_spawned":[10,12,13,16,18,29],"killed_by":"Automaton","ascension_level":2}}