{"host":"dyzdf8svqmiivg97","time":1614273950,"event":{"mods":["AchievementEnabler","BaseMod","Colored Map","DeckTracker","Minty Spire (QoL Compilation)","Quick Restart","Rare Cards Sparkle","SuperFastMode"],"gold_per_floor":[115,115,135,155,174,174,184,184,211,238,251,176,190,230,230,308,308,330,330,343,353,253,283,339,352,420,439,450,500,500,546,546,617,617,629,629,200,214,233,233,233,259,285,285,285,99,99,117,117,117],"floor_reached":51,"language":"KOR","playtime":1345,"items_purged":["Strike_P","Strike_P","Fasting2+1","Defend_P"],"score":1368,"play_id":"3fc4271d-21d7-4084-9fc5-f78bde80799a","local_time":"20210226022550","is_ascension_mode":true,"campfire_choices":[{"data":"Eruption","floor":6,"key":"SMITH"},{"data":"ForeignInfluence","floor":8,"key":"SMITH"},{"data":"MentalFortress","floor":15,"key":"SMITH"},{"floor":30,"key":"REST"},{"floor":32,"key":"REST"},{"data":"Adaptation","floor":40,"key":"SMITH"},{"floor":45,"key":"REST"},{"data":"MentalFortress","floor":47,"key":"SMITH"},{"data":"Adaptation","floor":49,"key":"SMITH"}],"circlet_count":0,"master_deck":["AscendersBane","Defend_P","Defend_P","Eruption+1","Vigilance","WheelKick","ForeignInfluence+1","Indignation","Meditate","MentalFortress+1","EmptyFist","Vault","JustLucky+1","Tantrum+1","Adaptation+1","EmptyMind+1","MentalFortress+1","Adaptation+1"],"relics":["PureWater","Tiny Chest","Lantern","Sozu","Nloth\u0027s Gift","TeardropLocket","Molten Egg 2","Juzu Bracelet","Astrolabe","Medical Kit","The Courier","Regal Pillow"],"acts_visited":["Exordium","TheCity","TheBeyond"],"potions_floor_usage":[7,11,21,33],"damage_taken":[{"damage":0,"enemies":"2 Louse","floor":1,"turns":2},{"damage":0,"enemies":"Cultist","floor":3,"turns":4},{"damage":5,"enemies":"Small Slimes","floor":4,"turns":3},{"damage":7,"enemies":"2 Fungi Beasts","floor":5,"turns":3},{"damage":0,"enemies":"Blue Slaver","floor":7,"turns":3},{"damage":5,"enemies":"Red Slaver","floor":10,"turns":3},{"damage":3,"enemies":"Looter","floor":11,"turns":2},{"damage":6,"enemies":"Exordium Thugs","floor":13,"turns":3},{"damage":0,"enemies":"Lagavulin","floor":14,"turns":4},{"damage":0,"enemies":"Slime Boss","floor":16,"turns":6},{"damage":26,"enemies":"Shell Parasite","floor":18,"turns":6},{"damage":7,"enemies":"Chosen","floor":20,"turns":3},{"damage":9,"enemies":"Snake Plant","floor":21,"turns":4},{"damage":18,"enemies":"Gremlin Leader","floor":23,"turns":6},{"damage":7,"enemies":"3 Cultists","floor":24,"turns":5},{"damage":0,"enemies":"Cultist and Chosen","floor":25,"turns":5},{"damage":0,"enemies":"Snake Plant","floor":27,"turns":3},{"damage":0,"enemies":"Sentry and Sphere","floor":28,"turns":3},{"damage":2,"enemies":"Collector","floor":33,"turns":6},{"damage":24,"enemies":"3 Shapes","floor":35,"turns":6},{"damage":9,"enemies":"3 Darklings","floor":38,"turns":3},{"damage":0,"enemies":"Spire Growth","floor":39,"turns":4},{"damage":12,"enemies":"Giant Head","floor":42,"turns":6},{"damage":0,"enemies":"4 Shapes","floor":48,"turns":5},{"damage":6,"enemies":"Awakened One","floor":50,"turns":8}],"seed_played":"-1143784435742437099","potions_obtained":[{"floor":3,"key":"CultistPotion"},{"floor":5,"key":"Block Potion"},{"floor":10,"key":"Explosive Potion"},{"floor":14,"key":"Dexterity Potion"},{"floor":16,"key":"Regen Potion"}],"is_trial":false,"path_per_floor":["M","?","M","M","M","R","M","R","T","M","M","$","M","E","R","B",null,"M","?","M","M","$","E","M","M","T","M","M","?","R","T","R","B",null,"M","?","$","M","M","R","?","E","T","?","R","$","R","M","R","B",null],"character_chosen":"WATCHER","items_purchased":["Medical Kit","Tantrum+1","Adaptation","MentalFortress"],"campfire_rested":3,"item_purchase_floors":[37,37,37,46],"current_hp_per_floor":[61,56,56,51,44,44,44,44,44,39,36,36,30,30,30,30,59,33,33,26,29,29,11,4,4,4,4,4,4,24,24,44,42,62,38,38,38,29,29,29,29,17,17,17,52,52,52,52,52,46],"gold":117,"neow_bonus":"THREE_CARDS","is_daily":false,"chose_seed":false,"campfire_upgraded":6,"win_rate":0.0,"timestamp":1614273950,"path_taken":["M","?","M","M","M","R","M","R","T","M","M","$","M","E","R","BOSS","M","?","M","?","$","E","M","M","T","M","M","?","R","?","R","BOSS","M","?","$","M","M","R","?","E","T","?","R","$","R","M","R","BOSS"],"items_purchased_type":["Relic","Card","Card","Card"],"build_version":"2020-12-22","purchased_purges":4,"victory":true,"max_hp_per_floor":[68,68,68,68,68,68,68,68,68,68,68,68,68,68,68,68,68,68,68,68,68,68,68,68,68,68,68,68,68,68,68,68,68,68,68,68,68,68,68,68,68,68,68,68,68,68,68,68,68,68],"card_choices":[{"not_picked":["Protect","JustLucky"],"picked":"WheelKick","floor":0},{"not_picked":["FlurryOfBlows","Prostrate","Crescendo"],"picked":"SKIP","floor":1},{"not_picked":["Weave","Collect","Halt"],"picked":"SKIP","floor":3},{"not_picked":["SashWhip","FlyingSleeves"],"picked":"ForeignInfluence","floor":4},{"not_picked":["JustLucky","EmptyFist"],"picked":"Indignation","floor":5},{"not_picked":["WaveOfTheHand","Wish","CrushJoints"],"picked":"SKIP","floor":7},{"not_picked":["Vengeance","JustLucky"],"picked":"Meditate","floor":10},{"not_picked":["Prostrate","EmptyBody","SashWhip"],"picked":"SKIP","floor":11},{"not_picked":["JustLucky","PathToVictory","ThirdEye"],"picked":"SKIP","floor":13},{"not_picked":["ThirdEye","Evaluate"],"picked":"MentalFortress","floor":14},{"not_picked":["Evaluate","CarveReality"],"picked":"EmptyFist","floor":18},{"not_picked":["SignatureMove","EmptyBody+1","ReachHeaven"],"picked":"SKIP","floor":20},{"not_picked":["BowlingBash","Crescendo"],"picked":"Vault","floor":21},{"not_picked":["Crescendo+1","Wish","Weave"],"picked":"SKIP","floor":23},{"not_picked":["Halt","Vault","Weave+1"],"picked":"SKIP","floor":24},{"not_picked":["PathToVictory","Prostrate","WindmillStrike"],"picked":"SKIP","floor":25},{"not_picked":["EmptyMind+1","FlurryOfBlows+1","FlyingSleeves+1"],"picked":"SKIP","floor":27},{"not_picked":["SashWhip+1","Vault","Nirvana"],"picked":"SKIP","floor":28},{"not_picked":["Consecrate+1","Swivel","FollowUp+1"],"picked":"SKIP","floor":35},{"not_picked":["Conclude+1","Consecrate+1","Evaluate"],"picked":"SKIP","floor":38},{"not_picked":["Devotion","Nirvana+1","Crescendo"],"picked":"SKIP","floor":39},{"not_picked":["DeceiveReality","Crescendo"],"picked":"EmptyMind+1","floor":42},{"not_picked":["BowlingBash+1","Fasting2"],"picked":"Adaptation","floor":48}],"player_experience":610899,"relics_obtained":[{"floor":9,"key":"Tiny Chest"},{"floor":14,"key":"Lantern"},{"floor":23,"key":"TeardropLocket"},{"floor":26,"key":"Molten Egg 2"},{"floor":31,"key":"Juzu Bracelet"},{"floor":42,"key":"The Courier"},{"floor":43,"key":"Regal Pillow"}],"event_choices":[{"damage_healed":0,"gold_gain":0,"player_choice":"Success","damage_taken":5,"relics_obtained":["CeramicFish"],"max_hp_gain":0,"max_hp_loss":0,"event_name":"Scrap Ooze","floor":2,"gold_loss":0},{"damage_healed":0,"gold_gain":0,"player_choice":"Traded Relic","damage_taken":0,"relics_obtained":["Nloth\u0027s Gift"],"max_hp_gain":0,"max_hp_loss":0,"event_name":"N\u0027loth","floor":19,"relics_lost":["CeramicFish"],"gold_loss":0},{"damage_healed":0,"gold_gain":50,"player_choice":"Stole From Cult","damage_taken":0,"max_hp_gain":0,"max_hp_loss":0,"event_name":"Nest","floor":29,"gold_loss":0},{"cards_removed":["Nirvana"],"damage_healed":0,"gold_gain":0,"player_choice":"Removed Power","damage_taken":0,"max_hp_gain":0,"max_hp_loss":0,"event_name":"Falling","floor":36,"gold_loss":0},{"damage_healed":0,"gold_gain":0,"player_choice":"Ignored","damage_taken":0,"max_hp_gain":0,"max_hp_loss":0,"event_name":"Tomb of Lord Red Mask","floor":41,"gold_loss":0},{"damage_healed":0,"gold_gain":0,"player_choice":"Memory 1","damage_taken":0,"max_hp_gain":0,"max_hp_loss":0,"event_name":"SensoryStone","floor":44,"gold_loss":0}],"is_beta":false,"boss_relics":[{"not_picked":["Snecko Eye","Runic Dome"],"picked":"Sozu"},{"not_picked":["Coffee Dripper","Calling Bell"],"picked":"Astrolabe"}],"items_purged_floors":[12,22,37,46],"is_endless":false,"potions_floor_spawned":[3,5,10,14,16,18,23,24,27,42,48],"ascension_level":15}}