{"host":"a1eatafr7pisesky","time":1614263515,"event":{"mods":["AchievementEnabler","BaseMod","Colored Map","Keyboard Shortcuts","Minty Spire (QoL Compilation)","Say the Spire","StSLib","SuperFastMode","everything is the same but u backflip on backflip"],"gold_per_floor":[112,112,123,123,48,80,5,5,31,31,49,49,49,64,64,142,142,156,69,69,119,137,137,169,184,184,184,184],"floor_reached":27,"language":"KOR","playtime":342,"items_purged":["Defend_P"],"score":495,"play_id":"bfab8385-d449-41ac-a7b4-792bfa3bab19","local_time":"20210225233155","is_ascension_mode":true,"campfire_choices":[{"data":"Eruption","floor":12.0,"key":"SMITH"},{"data":"Vengeance","floor":15.0,"key":"SMITH"},{"data":"Adaptation","floor":23.0,"key":"SMITH"}],"circlet_count":0,"master_deck":["AscendersBane","Eruption+1","Vigilance","CrushJoints","Vengeance+1","Ragnarok","Establishment","PathToVictory","Judgement","Adaptation+1","TalkToTheHand+1","MentalFortress"],"relics":["PureWater","NeowsBlessing","Sundial","Orichalcum","Strawberry","Pandora\u0027s Box","Anchor"],"acts_visited":["Exordium","TheCity"],"potions_floor_usage":[27,27],"damage_taken":[{"damage":0.0,"enemies":"Small Slimes","floor":1.0,"turns":1.0},{"damage":0.0,"enemies":"Cultist","floor":3.0,"turns":1.0},{"damage":0.0,"enemies":"Gremlin Nob","floor":6.0,"turns":1.0},{"damage":11.0,"enemies":"Jaw Worm","floor":11.0,"turns":2.0},{"damage":0.0,"enemies":"3 Louse","floor":14.0,"turns":3.0},{"damage":24.0,"enemies":"Hexaghost","floor":16.0,"turns":4.0},{"damage":0.0,"enemies":"Chosen","floor":18.0,"turns":2.0},{"damage":0.0,"enemies":"Spheric Guardian","floor":22.0,"turns":2.0},{"damage":51.0,"enemies":"Book of Stabbing","floor":24.0,"turns":5.0},{"damage":13.0,"enemies":"Centurion and Healer","floor":25.0,"turns":3.0},{"damage":16,"enemies":"Slavers","floor":27,"turns":1}],"seed_played":"7440118844213561329","potions_obtained":[{"floor":3.0,"key":"ColorlessPotion"},{"floor":6.0,"key":"PowerPotion"},{"floor":18.0,"key":"LiquidMemories"},{"floor":25.0,"key":"LiquidBronze"}],"is_trial":false,"path_per_floor":["M","?","M","T","$","E","?","?","T","$","M","R","?","M","R","B",null,"M","$","?","?","M","R","E","M","T","E"],"character_chosen":"WATCHER","items_purchased":["MentalFortress"],"campfire_rested":0,"item_purchase_floors":[19],"current_hp_per_floor":[61,61,61,61,61,61,61,54,61,61,50,50,55,55,55,31,68,68,68,68,68,68,68,17,4,4,0,0],"gold":184,"neow_bonus":"THREE_ENEMY_KILL","is_daily":false,"chose_seed":false,"campfire_upgraded":3,"win_rate":0.0,"timestamp":1614263515,"path_taken":["M","?","?","?","$","E","?","?","T","?","M","R","?","M","R","BOSS","M","$","?","?","M","R","E","M","T","E"],"items_purchased_type":["Card"],"build_version":"2020-12-22","purchased_purges":1,"victory":false,"max_hp_per_floor":[68,68,68,68,68,68,68,68,75,75,75,75,80,80,80,80,80,80,80,80,80,80,80,80,80,80,80,80],"card_choices":[{"not_picked":["LikeWater","JustLucky"],"picked":"CrushJoints","floor":1.0},{"not_picked":["Swivel","ClearTheMind","FollowUp"],"picked":"SKIP","floor":3.0},{"not_picked":["BattleHymn","PathToVictory","CutThroughFate"],"picked":"SKIP","floor":6.0},{"not_picked":["CutThroughFate","JustLucky","Crescendo"],"picked":"SKIP","floor":11.0},{"not_picked":["SashWhip","Conclude"],"picked":"Vengeance","floor":14.0},{"not_picked":["Establishment","Omniscience"],"picked":"Ragnarok","floor":16.0},{"not_picked":["ClearTheMind","CrushJoints"],"picked":"TalkToTheHand+1","floor":18.0},{"not_picked":["Nirvana","Weave","Evaluate"],"picked":"SKIP","floor":22.0},{"not_picked":["Halt","FlurryOfBlows","CrushJoints"],"picked":"SKIP","floor":24.0},{"not_picked":["FlurryOfBlows+1","Conclude+1","Halt"],"picked":"SKIP","floor":25.0}],"player_experience":495459,"relics_obtained":[{"floor":4.0,"key":"Sundial"},{"floor":6.0,"key":"Orichalcum"},{"floor":9.0,"key":"Strawberry"},{"floor":24.0,"key":"Anchor"}],"event_choices":[{"cards_removed":["Defend_P"],"damage_healed":0.0,"max_hp_gain":0.0,"max_hp_loss":0.0,"gold_gain":0.0,"event_name":"Wheel of Change","player_choice":"Card Removal","floor":2.0,"gold_loss":0.0,"damage_taken":0.0},{"cards_removed":["Strike_P"],"damage_healed":0.0,"max_hp_gain":0.0,"max_hp_loss":0.0,"gold_gain":0.0,"event_name":"The Cleric","player_choice":"Card Removal","floor":7.0,"gold_loss":75.0,"damage_taken":0.0},{"cards_removed":["Defend_P"],"damage_healed":0.0,"max_hp_gain":0.0,"max_hp_loss":0.0,"gold_gain":0.0,"event_name":"Golden Wing","player_choice":"Card Removal","floor":8.0,"gold_loss":0.0,"damage_taken":7.0},{"damage_healed":0.0,"max_hp_gain":5.0,"max_hp_loss":0.0,"gold_gain":0.0,"event_name":"Big Fish","player_choice":"Donut","floor":13.0,"gold_loss":0.0,"damage_taken":0.0},{"damage_healed":0.0,"max_hp_gain":0.0,"max_hp_loss":0.0,"gold_gain":0.0,"event_name":"Ghosts","player_choice":"Ignored","floor":20.0,"gold_loss":0.0,"damage_taken":0.0},{"damage_healed":0.0,"max_hp_gain":0.0,"max_hp_loss":0.0,"gold_gain":50.0,"event_name":"Nest","player_choice":"Stole From Cult","floor":21.0,"gold_loss":0.0,"damage_taken":0.0}],"is_beta":false,"boss_relics":[{"not_picked":["Velvet Choker","Coffee Dripper"],"picked":"Pandora\u0027s Box"}],"items_purged_floors":[5],"is_endless":false,"potions_floor_spawned":[3,6,18,25],"killed_by":"Slavers","ascension_level":19}}