{"host":"1mv6gj0zv8k9e9tz","time":1614249657,"event":{"mods":["AchievementEnabler","BaseMod","Better Third Choice","Colored Map","DeckTracker","Highlight Path","KOR Keyword Fix","Keyboard Shortcuts","Minty Spire (QoL Compilation)","Permanent Neow","Quick Restart","Rare Cards Sparkle","StSLib","SuperFastMode","everything is the same but u backflip on backflip"],"gold_per_floor":[114,289,304,319,334,349,393,393,393,393,408,408,423,160,160,260,260,275,374,389,404,419,419,434,434,434,464,479,579,579,607,607,707,707,722,737,737,737,764,776,818,465,490,490,490,115,215,230,230,230],"floor_reached":51,"language":"KOR","playtime":1027,"items_purged":["Doubt","Self Repair+1"],"score":1012,"play_id":"70f01f6e-9f58-40a6-bfbf-dec59c64cc70","local_time":"20210225194057","daily_mods":["Insanity","Colorless Cards","Night Terrors"],"is_ascension_mode":false,"campfire_choices":[{"data":"Mind Blast","floor":8.0,"key":"SMITH"},{"data":"Mind Blast","floor":10.0,"key":"SMITH"},{"data":"1","floor":12.0,"key":"LIFT"},{"data":"Coolheaded","floor":15.0,"key":"SMITH"},{"data":"2","floor":23.0,"key":"LIFT"},{"data":"Coolheaded","floor":25,"key":"SMITH"},{"data":"3","floor":30,"key":"LIFT"},{"data":"Coolheaded","floor":32,"key":"SMITH"},{"floor":40,"key":"REST"},{"data":"Seek","floor":44,"key":"SMITH"},{"data":"Madness","floor":49,"key":"SMITH"}],"circlet_count":0,"master_deck":["Streamline+1","Hologram+1","Redo+1","Ball Lightning+1","Leap+1","Gash+1","Barrage+1","Hello World+1","Blizzard+1","Undo+1","Turbo+1","Undo+1","Bandage Up+1","Streamline+1","BootSequence+1","Glacier+1","Stack+1","Gash+1","Ball Lightning+1","Turbo+1","Gash+1","Turbo+1","Beam Cell+1","Trip+1","Redo+1","Jack Of All Trades+1","Ball Lightning+1","Coolheaded+1","Hologram+1","Leap+1","Doom and Gloom+1","Hologram+1","Coolheaded+1","Ball Lightning+1","Rebound+1","Streamline+1","Skim+1","Loop+1","Blizzard+1","Mind Blast+1","Barrage+1","Beam Cell+1","Rebound+1","Streamline+1","Static Discharge+1","FTL+1","Scrape+1","Loop+1","Streamline+1","Conserve Battery+1","Hologram+1","Coolheaded+1","Mind Blast+1","Gash+1","Echo Form+1","CurseOfTheBell","Dark Shackles+1","Leap+1","Hologram+1","Chaos+1","Stack+1","Hologram+1","Stack+1","Stack+1","Seek+1","Impatience+1","Double Energy+1","Seek+1","Go for the Eyes+1","Coolheaded+1","Coolheaded+1","Conserve Battery+1","Finesse","Madness+1","Madness","Hologram+1"],"relics":["Cracked Core","Girya","Pantograph","Membership Card","Bronze Scales","Calling Bell","MealTicket","Matryoshka","TungstenRod","Centennial Puzzle","Pear","Oddly Smooth Stone","Lizard Tail","Question Card","Red Mask","Nuclear Battery","Ice Cream","Mark of the Bloom","MawBank","Bird Faced Urn","Potion Belt","Orrery","Ornamental Fan","Bag of Marbles","Runic Capacitor","Sundial","Mercury Hourglass"],"acts_visited":["Exordium","TheCity","TheBeyond"],"potions_floor_usage":[27,50,50,50],"damage_taken":[{"damage":0.0,"enemies":"2 Louse","floor":1.0,"turns":2.0},{"damage":0.0,"enemies":"Small Slimes","floor":3.0,"turns":1.0},{"damage":0.0,"enemies":"Jaw Worm","floor":4.0,"turns":1.0},{"damage":0.0,"enemies":"Large Slime","floor":5.0,"turns":2.0},{"damage":0.0,"enemies":"2 Fungi Beasts","floor":6.0,"turns":2.0},{"damage":0.0,"enemies":"Gremlin Nob","floor":7.0,"turns":2.0},{"damage":0.0,"enemies":"Lots of Slimes","floor":11.0,"turns":3.0},{"damage":0.0,"enemies":"Blue Slaver","floor":13.0,"turns":1.0},{"damage":21.0,"enemies":"Hexaghost","floor":16.0,"turns":5.0},{"damage":0.0,"enemies":"Chosen","floor":18.0,"turns":1.0},{"damage":0.0,"enemies":"2 Thieves","floor":20.0,"turns":1.0},{"damage":0.0,"enemies":"Sentry and Sphere","floor":21.0,"turns":1.0},{"damage":0.0,"enemies":"Shelled Parasite and Fungi","floor":22.0,"turns":2.0},{"damage":0,"enemies":"3 Cultists","floor":24,"turns":2},{"damage":2,"enemies":"Gremlin Leader","floor":27,"turns":2},{"damage":0,"enemies":"Chosen and Byrds","floor":28,"turns":2},{"damage":0,"enemies":"Colosseum Slavers","floor":29,"turns":1},{"damage":0,"enemies":"Colosseum Nobs","floor":29,"turns":2},{"damage":0,"enemies":"Masked Bandits","floor":31,"turns":2},{"damage":37,"enemies":"Automaton","floor":33,"turns":5},{"damage":0,"enemies":"3 Darklings","floor":35,"turns":2},{"damage":0,"enemies":"2 Orb Walkers","floor":36,"turns":2},{"damage":0,"enemies":"3 Shapes","floor":39,"turns":2},{"damage":0,"enemies":"Reptomancer","floor":41,"turns":2},{"damage":0,"enemies":"Jaw Worm Horde","floor":48,"turns":2},{"damage":20,"enemies":"Donu and Deca","floor":50,"turns":4}],"seed_played":"3523290589944034342","potions_obtained":[{"floor":3.0,"key":"LiquidBronze"},{"floor":4.0,"key":"Block Potion"},{"floor":5.0,"key":"Ancient Potion"},{"floor":11.0,"key":"Explosive Potion"},{"floor":21.0,"key":"DuplicationPotion"},{"floor":24,"key":"ColorlessPotion"},{"floor":29,"key":"Ancient Potion"},{"floor":31,"key":"Weak Potion"},{"floor":39,"key":"SkillPotion"}],"is_trial":false,"path_per_floor":["M","?","M","M","M","M","?","R","T","R","M","R","M","$","R","B",null,"M","?","M","M","M","R","M","R","T","E","M","?","R","?","R","B",null,"M","?","?","T","M","R","E","$","T","R","?","$","?","M","R","B",null],"character_chosen":"DEFECT","items_purchased":["Membership Card","Bronze Scales","Seek","Orrery","Ornamental Fan","Finesse","Swift Potion","FocusPotion","Runic Capacitor","Sundial","Mercury Hourglass"],"campfire_rested":1,"item_purchase_floors":[14,14,42,42,42,42,42,42,46,46,46],"current_hp_per_floor":[75,75,75,75,75,75,75,75,75,75,75,75,75,75,75,54,75,75,75,75,75,75,75,75,75,85,83,83,83,83,83,83,48,85,85,85,85,85,85,80,80,80,80,80,71,71,71,71,71,51],"gold":230,"neow_bonus":"","is_daily":true,"chose_seed":false,"campfire_upgraded":7,"win_rate":0.0,"timestamp":1614249657,"path_taken":["M","?","M","M","M","M","?","R","T","R","M","R","M","$","R","BOSS","M","?","M","M","M","R","M","R","T","E","M","?","R","?","R","BOSS","M","?","?","?","M","R","E","$","T","R","?","$","?","M","R","BOSS"],"items_purchased_type":["Relic","Relic","Card","Relic","Relic","Card","Potion","Potion","Relic","Relic","Relic"],"build_version":"2020-12-22","purchased_purges":2,"victory":true,"max_hp_per_floor":[75,75,75,75,75,75,75,75,75,75,75,75,75,75,75,75,75,75,75,75,75,75,75,75,75,85,85,85,85,85,85,85,85,85,85,85,85,85,85,80,80,80,80,80,80,80,80,80,80,80],"card_choices":[{"not_picked":["Undo","Redo"],"picked":"Conserve Battery","floor":1.0},{"not_picked":["Gash","Barrage"],"picked":"Hologram","floor":3.0},{"not_picked":["Beam Cell","Recycle"],"picked":"Coolheaded","floor":4.0},{"not_picked":["Conserve Battery","Ball Lightning"],"picked":"Mind Blast","floor":5.0},{"not_picked":["Tempest","Conserve Battery","Steam"],"picked":"SKIP","floor":6.0},{"not_picked":["Coolheaded","Multi-Cast"],"picked":"Gash","floor":11.0},{"not_picked":["Force Field","Conserve Battery","Streamline"],"picked":"SKIP","floor":13.0},{"not_picked":["Violence","Secret Weapon"],"picked":"Echo Form","floor":16.0},{"not_picked":["Streamline","Barrage"],"picked":"Dark Shackles","floor":18.0},{"not_picked":["BootSequence","Swift Strike+1"],"picked":"Leap+1","floor":20.0},{"not_picked":["Gash","Leap"],"picked":"Hologram","floor":21.0},{"not_picked":["Leap","Go for the Eyes+1"],"picked":"Chaos+1","floor":22.0},{"not_picked":["BootSequence+1","Cold Snap"],"picked":"Stack","floor":24},{"not_picked":["Coolheaded","Loop"],"picked":"Hologram","floor":27},{"not_picked":["Coolheaded","Buffer"],"picked":"Stack","floor":28},{"not_picked":["Go for the Eyes","Lockon"],"picked":"Stack","floor":29},{"not_picked":["Metamorphosis","Mayhem","Secret Weapon"],"picked":"Seek","floor":33},{"not_picked":["Redo+1","Hologram","Sweeping Beam+1"],"picked":"Impatience+1","floor":35},{"not_picked":["Sunder+1","Barrage+1","Fusion"],"picked":"Double Energy+1","floor":36},{"not_picked":["Steam","Conserve Battery","Rebound","Leap"],"picked":"SKIP","floor":39},{"not_picked":["Sweeping Beam","Streamline","Compile Driver","Redo"],"picked":"SKIP","floor":41},{"not_picked":["Doom and Gloom+1","Ball Lightning","White Noise"],"picked":"Go for the Eyes+1","floor":42},{"not_picked":["Beam Cell","Steam Power+1","Meteor Strike"],"picked":"Coolheaded+1","floor":42},{"not_picked":["Bandage Up+1","Madness","BootSequence+1"],"picked":"Coolheaded+1","floor":42},{"not_picked":["Hyperbeam","Beam Cell","Leap"],"picked":"Conserve Battery+1","floor":42},{"not_picked":["Beam Cell+1","Steam","Rebound"],"picked":"Hologram+1","floor":48}],"player_experience":663899,"relics_obtained":[{"floor":9.0,"key":"Pantograph"},{"floor":17.0,"key":"MealTicket"},{"floor":17.0,"key":"Matryoshka"},{"floor":17.0,"key":"TungstenRod"},{"floor":26,"key":"Centennial Puzzle"},{"floor":26,"key":"Pear"},{"floor":27,"key":"Oddly Smooth Stone"},{"floor":29,"key":"Lizard Tail"},{"floor":29,"key":"Question Card"},{"floor":31,"key":"Red Mask"},{"floor":36,"key":"Ice Cream"},{"floor":38,"key":"MawBank"},{"floor":38,"key":"Bird Faced Urn"},{"floor":41,"key":"Potion Belt"},{"floor":43,"key":"Bag of Marbles"}],"event_choices":[{"damage_healed":0.0,"max_hp_gain":0.0,"max_hp_loss":0.0,"gold_gain":175.0,"event_name":"betterThird:BetterSerpent","player_choice":"AGREE","floor":2.0,"gold_loss":0.0,"damage_taken":114.0},{"damage_healed":0.0,"max_hp_gain":0.0,"max_hp_loss":0.0,"gold_gain":0.0,"event_name":"Dead Adventurer","player_choice":"Searched \u00273\u0027 times","floor":7.0,"gold_loss":0.0,"damage_taken":0.0,"relics_obtained":["Girya"]},{"damage_healed":0.0,"max_hp_gain":0.0,"max_hp_loss":0.0,"gold_gain":99.0,"event_name":"betterThird:BetterNest","player_choice":"Steal","floor":19.0,"gold_loss":0.0,"damage_taken":0.0},{"damage_healed":0,"gold_gain":0,"player_choice":"Fight","damage_taken":0,"max_hp_gain":0,"max_hp_loss":0,"event_name":"Colosseum","floor":29,"gold_loss":0},{"damage_healed":0,"gold_gain":0,"player_choice":"Fought Nobs","damage_taken":0,"max_hp_gain":0,"max_hp_loss":0,"event_name":"Colosseum","floor":29,"gold_loss":0},{"damage_healed":0,"gold_gain":0,"player_choice":"Fought Bandits","damage_taken":0,"max_hp_gain":0,"max_hp_loss":0,"event_name":"Masked Bandits","floor":31,"gold_loss":0},{"damage_healed":0,"gold_gain":0,"player_choice":"Fight","damage_taken":0,"max_hp_gain":0,"max_hp_loss":0,"event_name":"Mysterious Sphere","floor":36,"gold_loss":0},{"damage_healed":0,"gold_gain":0,"player_choice":"Upgrade","damage_taken":0,"relics_obtained":["Mark of the Bloom"],"max_hp_gain":0,"max_hp_loss":0,"event_name":"MindBloom","floor":37,"gold_loss":0,"cards_upgraded":["Streamline","Hologram","Redo","Ball Lightning","Leap","Gash","Barrage","Hello World","Blizzard","Undo","Turbo","Undo","Bandage Up","Streamline","BootSequence","Glacier","Stack","Gash","Ball Lightning","Turbo","Gash","Turbo","Beam Cell","Trip","Redo","Jack Of All Trades","Ball Lightning","Hologram","Leap","Doom and Gloom","Hologram","Ball Lightning","Rebound","Self Repair","Streamline","Skim","Loop","Blizzard","Barrage","Beam Cell","Rebound","Streamline","Static Discharge","FTL","Scrape","Loop","Streamline","Conserve Battery","Hologram","Gash","Echo Form","Dark Shackles","Hologram","Stack","Hologram","Stack","Stack","Seek"]},{"damage_healed":0,"gold_gain":0,"player_choice":"Embrace Madness","damage_taken":10,"max_hp_gain":0,"max_hp_loss":0,"event_name":"Winding Halls","floor":45,"gold_loss":0,"cards_obtained":["Madness","Madness"]},{"damage_healed":0,"gold_gain":100,"player_choice":"Pray","damage_taken":0,"max_hp_gain":0,"max_hp_loss":0,"event_name":"Golden Shrine","floor":47,"gold_loss":0}],"is_beta":false,"boss_relics":[{"not_picked":["Busted Crown","Tiny House"],"picked":"Calling Bell"},{"not_picked":["Runic Pyramid","Astrolabe"],"picked":"Nuclear Battery"}],"items_purged_floors":[14,46],"is_endless":false,"potions_floor_spawned":[3,4,5,11,21,24,29,29,31,39,48],"ascension_level":0}}