{"host":"jfbo3eu2ui08ej1u","time":1614237139,"event":{"mods":["2.2 Compatiblity","AchievementEnabler","Act Like it!","Aspiration","BaseMod","Better Altar","Better Match","Better Note","Better Sensory Stone","Better Skull","Better Third Choice","Block Reminder","Colored Map","Colored Powertips","Conspire","DeckTracker","Displayed Cursed Tome","Energized Spire","Fox Events","GifTheSpireLib","Hermit","Hubris","Infinite Spire","Marked Mod","Minty Spire (QoL Compilation)","Monster B Gone","Pale of the Ancients","Poor People Problems","Quick Restart","Relic Filter","Reliquary","Reorder Act Four","Replay The Spire","Shop Mod","Spicy Shops","Spire Arcade","StSLib","Stuff the Spire","The Blue Laboratory","The Disciple","The Forsaken","The Hierophant","The Marked","Uncapped","Unceasing Turn Reminder","Wandering Minibosses"],"gold_per_floor":[110,128,72,92,92,118,118,9,9,9,43,43,76,94,94,94,94],"floor_reached":16,"language":"ENG","playtime":667,"items_purged":[],"score":236,"play_id":"c245a1ec-9559-4ef2-a800-267618674d0a","local_time":"20210225021219","is_ascension_mode":true,"campfire_choices":[{"floor":7.0,"key":"REST"},{"floor":12.0,"key":"REST"},{"data":"Setup","floor":15.0,"key":"SMITH"}],"circlet_count":0,"master_deck":["AscendersBane","Strike_G","Strike_G","Strike_G","Strike_G","Strike_G","Defend_G","Defend_G","Defend_G","Defend_G","Defend_G","Survivor","Neutralize","Pot Of Greed","Pot Of Greed","ReplayTheSpireMod:Scrap Shanks","Reflex","ReplayTheSpireMod:Scrap Shanks","ReplayTheSpireMod:Scrap Shanks","StuffTheSpire:Fury","All Out Attack","PiercingWail","Dagger Throw","Setup+1","Underhanded Strike"],"relics":["Ring of the Snake","Grinning Jar","hubris:OldNail","Regal Pillow","hubris:SlimyHat","StuffTheSpire:OldFever","reliquary:Aerogel"],"acts_visited":["Exordium"],"potions_floor_usage":[16],"damage_taken":[{"damage":18.0,"enemies":"infinitespire:Voidling","floor":1.0,"turns":6.0},{"damage":1.0,"enemies":"conspire:RoseBush","floor":2.0,"turns":8.0},{"damage":6.0,"enemies":"Cultist","floor":4.0,"turns":5.0},{"damage":44.0,"enemies":"Gremlin Nob","floor":6.0,"turns":4.0},{"damage":6.0,"enemies":"Replay:BlueRogue","floor":11.0,"turns":6.0},{"damage":15.0,"enemies":"3 Sentries","floor":13.0,"turns":4.0},{"damage":7.0,"enemies":"Gremlin Gang","floor":14.0,"turns":3.0},{"damage":38,"enemies":"The Guardian","floor":16,"turns":9}],"seed_played":"5154947587524800018","potions_obtained":[{"floor":2.0,"key":"blueLaboratory:FruitPunch"},{"floor":13.0,"key":"blueLaboratory:BubblePotion"}],"is_trial":false,"path_per_floor":["M","M","$","M","?","E","R","$","T","$","E","R","E","M","R","B"],"character_chosen":"THE_SILENT","items_purchased":["ReplayTheSpireMod:Scrap Shanks","Regal Pillow","PiercingWail"],"campfire_rested":2,"item_purchase_floors":[3,8,8],"current_hp_per_floor":[58,57,57,51,51,9,29,29,29,29,23,58,43,36,36,0,0],"gold":94,"neow_bonus":"RANDOM_COMMON_RELIC","is_daily":false,"chose_seed":false,"campfire_upgraded":1,"win_rate":0.0,"timestamp":1614237139,"path_taken":["M","M","$","?","?","E","R","$","T","?","E","R","E","M","R","BOSS"],"items_purchased_type":["Card","Relic","Card"],"build_version":"2020-12-22","purchased_purges":0,"victory":false,"max_hp_per_floor":[66,66,66,66,66,68,68,68,68,68,68,68,68,68,68,68,68],"card_choices":[{"not_picked":["PiercingWail","Replay:Poison Smokescreen"],"picked":"ReplayTheSpireMod:Scrap Shanks","floor":1.0},{"not_picked":["StuffTheSpire:MirrorStance","Dodge and Roll"],"picked":"Reflex","floor":2.0},{"not_picked":["Dodge and Roll","StuffTheSpire:BrimstoneBlast"],"picked":"StuffTheSpire:Fury","floor":4.0},{"not_picked":["Flechettes","StuffTheSpire:BrimstoneBlast"],"picked":"All Out Attack","floor":6.0},{"not_picked":["Cloak And Dagger","Sneak Up"],"picked":"Dagger Throw","floor":11.0},{"not_picked":["StuffTheSpire:MirrorStance","StuffTheSpire:DoubleShiv"],"picked":"Setup","floor":13.0},{"not_picked":["Escape Plan","Dodge and Roll"],"picked":"Underhanded Strike","floor":14.0}],"player_experience":1380131,"relics_obtained":[{"floor":6.0,"key":"hubris:OldNail"},{"floor":9.0,"key":"hubris:SlimyHat"},{"floor":11.0,"key":"StuffTheSpire:OldFever"},{"floor":13.0,"key":"reliquary:Aerogel"}],"event_choices":[],"is_beta":false,"boss_relics":[],"items_purged_floors":[],"is_endless":false,"potions_floor_spawned":[2,13],"killed_by":"The Guardian","ascension_level":20}}