{"host":"g907ck67u7c3hrs6","time":1614243239,"event":{"mods":["BaseMod","Colored Map","DeckTracker","Force Act Four","Highlight Path","Keyboard Shortcuts","Minty Spire (QoL Compilation)","Permanent Neow","Say the Spire","SuperFastMode"],"gold_per_floor":[113,128,148,165,180,180,180,209,209,209,221,254,254,583,583,662,662,681,699,472,488,498,525,559,587,587,612,230,242,272,298,298,376,376,390,406,281,239,254,288,321,353,353,386,386,415,441,466,466,466,466,466,466,466,466],"floor_reached":54,"language":"KOR","playtime":1926,"items_purged":["True Grit","Wild Strike","Wild Strike"],"score":3291,"play_id":"71df4841-4e0d-48ab-8214-29a178a8e4fe","local_time":"20210225175359","daily_mods":["SealedDeck","Heirloom","Time Dilation","Flight","DeadlyEvents","Elite Swarm"],"is_ascension_mode":true,"campfire_choices":[{"data":"Armaments","floor":6,"key":"SMITH"},{"data":"Armaments","floor":7,"key":"SMITH"},{"data":"Entrench","floor":10,"key":"SMITH"},{"data":"Corruption","floor":13,"key":"SMITH"},{"data":"Offering","floor":15,"key":"SMITH"},{"data":"Offering","floor":32,"key":"SMITH"},{"data":"Barricade","floor":45,"key":"SMITH"},{"floor":49,"key":"RECALL"},{"data":"Brutality","floor":53,"key":"SMITH"}],"circlet_count":0,"master_deck":["AscendersBane","Shrug It Off","Burning Pact","Bloodletting","Shrug It Off","Shrug It Off","Shockwave","Entrench+1","Armaments+1","Shrug It Off","Flame Barrier","Armaments+1","Immolate","Shockwave","Corruption+1","Offering+1","Exhume","Fire Breathing","Disarm+1","Entrench","Dark Embrace","Burning Pact","Sentinel","Brutality+1","Exhume","Barricade+1","Offering+1","Entrench+1","Shrug It Off","Pommel Strike+1","Entrench"],"relics":["Burning Blood","Ice Cream","Happy Flower","Bird Faced Urn","Calipers","Old Coin","Mark of Pain","FossilizedHelix","Darkstone Periapt","Red Skull","Pantograph","Anchor","Mummified Hand","Eternal Feather","Prayer Wheel","Coffee Dripper","StrikeDummy","Bottled Tornado","Pocketwatch","Sundial","Pear","Gremlin Horn","InkBottle"],"acts_visited":["Exordium","TheCity","TheBeyond","TheEnding"],"potions_floor_usage":[],"damage_taken":[{"damage":6,"enemies":"Jaw Worm","floor":1,"turns":3},{"damage":3,"enemies":"Small Slimes","floor":2,"turns":3},{"damage":3,"enemies":"Cultist","floor":3,"turns":3},{"damage":3,"enemies":"3 Louse","floor":4,"turns":4},{"damage":3,"enemies":"Red Slaver","floor":5,"turns":2},{"damage":11,"enemies":"3 Sentries","floor":8,"turns":19},{"damage":3,"enemies":"Large Slime","floor":11,"turns":4},{"damage":23,"enemies":"Gremlin Nob","floor":12,"turns":4},{"damage":0,"enemies":"Lagavulin","floor":14,"turns":4},{"damage":24,"enemies":"Slime Boss","floor":16,"turns":10},{"damage":3,"enemies":"3 Byrds","floor":18,"turns":2},{"damage":9,"enemies":"Spheric Guardian","floor":19,"turns":4},{"damage":3,"enemies":"Centurion and Healer","floor":21,"turns":3},{"damage":23,"enemies":"Chosen and Byrds","floor":22,"turns":4},{"damage":6,"enemies":"Slavers","floor":23,"turns":2},{"damage":9,"enemies":"Gremlin Leader","floor":24,"turns":1},{"damage":12,"enemies":"Book of Stabbing","floor":25,"turns":2},{"damage":13,"enemies":"Slavers","floor":27,"turns":2},{"damage":10,"enemies":"Shelled Parasite and Fungi","floor":29,"turns":2},{"damage":10,"enemies":"Book of Stabbing","floor":30,"turns":2},{"damage":8,"enemies":"Gremlin Leader","floor":31,"turns":4},{"damage":9,"enemies":"Collector","floor":33,"turns":1},{"damage":6,"enemies":"3 Darklings","floor":35,"turns":2},{"damage":7,"enemies":"Orb Walker","floor":36,"turns":2},{"damage":14,"enemies":"Transient","floor":39,"turns":6},{"damage":8,"enemies":"Reptomancer","floor":40,"turns":4},{"damage":5,"enemies":"Nemesis","floor":41,"turns":7},{"damage":5,"enemies":"Giant Head","floor":42,"turns":8},{"damage":3,"enemies":"Reptomancer","floor":44,"turns":1},{"damage":12,"enemies":"Nemesis","floor":46,"turns":1},{"damage":1,"enemies":"Reptomancer","floor":47,"turns":2},{"damage":4,"enemies":"Giant Head","floor":48,"turns":2},{"damage":12,"enemies":"Awakened One","floor":50,"turns":7},{"damage":33,"enemies":"Donu and Deca","floor":51,"turns":5}],"seed_played":"4089517561562384515","potions_obtained":[{"floor":2,"key":"BlessingOfTheForge"},{"floor":4,"key":"LiquidMemories"},{"floor":22,"key":"PowerPotion"}],"is_trial":true,"path_per_floor":["M","M","M","M","M","R","R","E","T","R","M","E","R","E","R","B",null,"M","M","$","M","M","E","E","E","T","E","$","M","E","E","R","B",null,"M","M","$","$","M","E","E","E","T","E","R","E","E","E","R","B","B",null,"R","$"],"character_chosen":"IRONCLAD","items_purchased":["Entrench","Dark Embrace","Mummified Hand","Entrench"],"campfire_rested":0,"item_purchase_floors":[20,20,28,38],"current_hp_per_floor":[68,71,74,75,75,75,75,70,70,70,73,56,56,62,62,44,67,70,71,71,75,58,62,67,69,69,70,70,75,75,75,75,74,75,75,75,75,75,73,75,75,75,75,75,75,83,85,85,85,83,60,79,85,85,85],"gold":466,"neow_bonus":"","is_daily":false,"chose_seed":false,"campfire_upgraded":8,"win_rate":0.0,"timestamp":1614243239,"path_taken":["M","M","M","M","M","R","R","E","T","R","M","E","R","E","R","BOSS","M","M","$","M","M","M","E","E","E","T","E","$","M","E","E","R","BOSS","M","M","$","$","M","E","E","E","T","E","R","E","E","E","R","BOSS","BOSS","R","$"],"items_purchased_type":["Card","Card","Relic","Card"],"build_version":"2020-12-22","purchased_purges":3,"victory":false,"max_hp_per_floor":[75,75,75,75,75,75,75,75,75,75,75,75,75,75,75,75,75,75,75,75,75,75,75,75,75,75,75,75,75,75,75,75,75,75,75,75,75,75,75,75,75,75,75,75,75,85,85,85,85,85,85,85,85,85,85],"card_choices":[{"not_picked":["Heavy Blade","Havoc","Pommel Strike"],"picked":"SKIP","floor":1},{"not_picked":["Blood for Blood","Heavy Blade"],"picked":"Armaments","floor":2},{"not_picked":["Infernal Blade","Iron Wave"],"picked":"Shrug It Off","floor":3},{"not_picked":["Flex","Wild Strike"],"picked":"Flame Barrier","floor":4},{"not_picked":["Anger","Demon Form"],"picked":"Armaments","floor":5},{"not_picked":["Brutality","Double Tap"],"picked":"Immolate","floor":8},{"not_picked":["Twin Strike","Warcry"],"picked":"Shockwave","floor":11},{"not_picked":["Immolate","Reaper"],"picked":"Corruption","floor":12},{"not_picked":["Impervious","Juggernaut"],"picked":"Offering","floor":14},{"not_picked":["Double Tap","Reaper"],"picked":"Exhume","floor":16},{"not_picked":["Anger","Sever Soul"],"picked":"Fire Breathing","floor":18},{"not_picked":["Twin Strike","Inflame"],"picked":"Disarm+1","floor":19},{"not_picked":["Whirlwind","Clash"],"picked":"Burning Pact","floor":21},{"not_picked":["Anger","Cleave"],"picked":"Sentinel","floor":22},{"not_picked":["Feed","Limit Break"],"picked":"Brutality","floor":23},{"not_picked":["Immolate","Bludgeon","Exhume"],"picked":"SKIP","floor":24},{"not_picked":["Immolate","Bludgeon"],"picked":"Exhume","floor":24},{"not_picked":["Fiend Fire","Double Tap","Brutality"],"picked":"SKIP","floor":25},{"not_picked":["Berserk","Exhume"],"picked":"Barricade","floor":27},{"not_picked":["Twin Strike","Clash","Thunderclap"],"picked":"SKIP","floor":29},{"not_picked":["Fiend Fire","Demon Form","Bludgeon"],"picked":"SKIP","floor":30},{"not_picked":["Feed","Impervious"],"picked":"Offering","floor":31},{"not_picked":["Wild Strike","Heavy Blade+1"],"picked":"Entrench+1","floor":35},{"not_picked":["Clothesline","Havoc"],"picked":"Shrug It Off","floor":35},{"not_picked":["Headbutt","Twin Strike+1","Cleave"],"picked":"SKIP","floor":36},{"not_picked":["Pommel Strike+1","Battle Trance","Wild Strike"],"picked":"SKIP","floor":36},{"not_picked":["Battle Trance","Wild Strike"],"picked":"Pommel Strike+1","floor":36},{"not_picked":["Headbutt","Twin Strike+1","Cleave"],"picked":"SKIP","floor":36},{"not_picked":["Inflame","Clash","Anger"],"picked":"SKIP","floor":39},{"not_picked":["Twin Strike","Ghostly Armor+1","Seeing Red+1"],"picked":"SKIP","floor":39},{"not_picked":["Fiend Fire","Limit Break","Bludgeon"],"picked":"SKIP","floor":40},{"not_picked":["Exhume","Barricade","Berserk"],"picked":"SKIP","floor":41},{"not_picked":["Immolate","Feed","Corruption"],"picked":"SKIP","floor":42},{"not_picked":["Demon Form","Exhume","Fiend Fire"],"picked":"SKIP","floor":44},{"not_picked":["Corruption","Reaper","Juggernaut"],"picked":"SKIP","floor":46},{"not_picked":["Brutality","Berserk","Double Tap"],"picked":"SKIP","floor":47},{"not_picked":["Reaper","Fiend Fire","Brutality"],"picked":"SKIP","floor":48}],"player_experience":360998,"relics_obtained":[{"floor":8,"key":"Happy Flower"},{"floor":9,"key":"Bird Faced Urn"},{"floor":12,"key":"Calipers"},{"floor":14,"key":"Old Coin"},{"floor":23,"key":"FossilizedHelix"},{"floor":24,"key":"Darkstone Periapt"},{"floor":25,"key":"Red Skull"},{"floor":26,"key":"Pantograph"},{"floor":27,"key":"Anchor"},{"floor":30,"key":"Eternal Feather"},{"floor":31,"key":"Prayer Wheel"},{"floor":40,"key":"StrikeDummy"},{"floor":41,"key":"Bottled Tornado"},{"floor":42,"key":"Pocketwatch"},{"floor":44,"key":"Sundial"},{"floor":46,"key":"Pear"},{"floor":47,"key":"Gremlin Horn"},{"floor":48,"key":"InkBottle"}],"event_choices":[],"is_beta":false,"boss_relics":[{"not_picked":["Ectoplasm","Velvet Choker"],"picked":"Mark of Pain"},{"not_picked":["Tiny House","Cursed Key"],"picked":"Coffee Dripper"}],"items_purged_floors":[20,28,37],"is_endless":false,"potions_floor_spawned":[2,4,5,14,22,23,24,25,29,33,35,39,41,44,48],"ascension_level":20}}