{"host":"bf5upntvbdompq33","time":1614227543,"event":{"mods":["BaseMod","Bestiary","Colored Map","Colored Powertips","Curses Come First","Highlight Path","Minty Spire (QoL Compilation)","StSLib","ojb\u0027s Info Mod"],"gold_per_floor":[111,126,1,1,14,14,49,49,49,49,65,65,65,65,65,161,161,176,176,23,40,54,80,80,112,139,159,159,170,170,170,170],"floor_reached":31,"language":"ENG","playtime":2041,"items_purged":["Strike_B","Strike_B"],"score":509,"play_id":"3b74ba5e-aa54-4248-8dab-7386278dce6f","local_time":"20210224213223","is_ascension_mode":true,"campfire_choices":[{"data":"Zap","floor":6,"key":"SMITH"},{"data":"Go for the Eyes","floor":8,"key":"SMITH"},{"data":"Glacier","floor":10,"key":"SMITH"},{"floor":13,"key":"REST"},{"data":"Gash","floor":15,"key":"SMITH"},{"floor":24,"key":"REST"},{"floor":28,"key":"REST"}],"circlet_count":0,"master_deck":["AscendersBane","Strike_B","Defend_B","Defend_B","Defend_B","Defend_B","Zap+1","Gash+1","Glacier+1","Go for the Eyes+1","Steam","Steam","Hologram+1","Fission","Beam Cell","Streamline","Beam Cell","Buffer"],"relics":["Cracked Core","Pocketwatch","White Beast Statue","Fusion Hammer","Omamori","Oddly Smooth Stone","Akabeko","Strawberry"],"acts_visited":["Exordium","TheCity"],"potions_floor_usage":[22,23,23,27,30,30],"damage_taken":[{"damage":4,"enemies":"2 Louse","floor":1,"turns":3},{"damage":1,"enemies":"Cultist","floor":2,"turns":3},{"damage":2,"enemies":"Jaw Worm","floor":5,"turns":4},{"damage":10,"enemies":"Lagavulin","floor":7,"turns":12},{"damage":2,"enemies":"Exordium Thugs","floor":11,"turns":7},{"damage":11,"enemies":"Hexaghost","floor":16,"turns":13},{"damage":13,"enemies":"Shell Parasite","floor":18,"turns":9},{"damage":16,"enemies":"Spheric Guardian","floor":21,"turns":7},{"damage":7,"enemies":"Centurion and Healer","floor":22,"turns":9},{"damage":0,"enemies":"Book of Stabbing","floor":23,"turns":4},{"damage":56,"enemies":"Slavers","floor":25,"turns":12},{"damage":5,"enemies":"Snecko","floor":27,"turns":7},{"damage":0,"enemies":"Chosen and Byrds","floor":29,"turns":7},{"damage":6,"enemies":"Gremlin Leader","floor":30,"turns":3},{"damage":25,"enemies":"Snake Plant","floor":31,"turns":4}],"seed_played":"-8913251748781339274","potions_obtained":[{"floor":2,"key":"PotionOfCapacity"},{"floor":11,"key":"Ancient Potion"},{"floor":16,"key":"AttackPotion"},{"floor":21,"key":"Fire Potion"},{"floor":22,"key":"SkillPotion"},{"floor":23,"key":"SmokeBomb"},{"floor":25,"key":"Weak Potion"},{"floor":27,"key":"Energy Potion"}],"is_trial":false,"path_per_floor":["M","M","$","?","M","R","E","R","T","R","M","?","R","$","R","B",null,"M","?","$","M","M","E","R","E","T","M","R","M","E","M"],"character_chosen":"DEFECT","items_purchased":["Go for the Eyes","Beam Cell"],"campfire_rested":3,"item_purchase_floors":[3,20],"current_hp_per_floor":[64,63,63,63,61,61,51,51,51,51,49,49,71,71,71,60,71,58,58,58,42,35,35,57,1,8,3,27,27,21,0,0],"gold":170,"neow_bonus":"REMOVE_CARD","is_daily":false,"chose_seed":false,"campfire_upgraded":4,"win_rate":0.0,"timestamp":1614227543,"path_taken":["M","M","$","?","M","R","E","R","T","R","?","?","R","?","R","BOSS","M","?","$","M","M","E","R","E","T","?","R","M","E","M"],"items_purchased_type":["Card","Card"],"build_version":"2020-12-22","purchased_purges":2,"victory":false,"max_hp_per_floor":[75,75,75,75,75,75,75,75,75,75,75,75,75,75,75,75,75,75,75,75,75,75,75,75,75,82,82,82,82,82,82,82],"card_choices":[{"not_picked":["Sweeping Beam","Go for the Eyes"],"picked":"Gash","floor":1},{"not_picked":["Hologram","Turbo"],"picked":"Glacier","floor":2},{"not_picked":["Barrage","Coolheaded"],"picked":"Steam","floor":5},{"not_picked":["Recycle","White Noise"],"picked":"Steam","floor":7},{"not_picked":["Cold Snap","Go for the Eyes"],"picked":"Hologram","floor":11},{"not_picked":["Hyperbeam","Creative AI"],"picked":"Fission","floor":16},{"not_picked":["Aggregate","Steam","Rebound+1"],"picked":"SKIP","floor":18},{"not_picked":["Hello World","Double Energy","Redo"],"picked":"SKIP","floor":21},{"not_picked":["Consume","Coolheaded"],"picked":"Streamline","floor":22},{"not_picked":["Heatsinks","Sunder"],"picked":"Beam Cell","floor":23},{"not_picked":["Streamline","Beam Cell"],"picked":"Buffer","floor":25},{"not_picked":["Beam Cell","Reprogram","Stack"],"picked":"SKIP","floor":27},{"not_picked":["Conserve Battery","White Noise","Blizzard"],"picked":"SKIP","floor":29}],"player_experience":1735224,"relics_obtained":[{"floor":7,"key":"Pocketwatch"},{"floor":9,"key":"White Beast Statue"},{"floor":19,"key":"Omamori"},{"floor":23,"key":"Oddly Smooth Stone"},{"floor":25,"key":"Akabeko"},{"floor":26,"key":"Strawberry"}],"event_choices":[{"cards_removed":["Dualcast"],"damage_healed":0,"gold_gain":0,"player_choice":"Purged","damage_taken":0,"max_hp_gain":0,"max_hp_loss":0,"event_name":"Purifier","floor":4,"gold_loss":0},{"damage_healed":0,"gold_gain":0,"player_choice":"Forge","damage_taken":0,"max_hp_gain":0,"max_hp_loss":0,"event_name":"Accursed Blacksmith","floor":12,"gold_loss":0,"cards_upgraded":["Hologram"]},{"damage_healed":0,"gold_gain":0,"player_choice":"Relic","damage_taken":0,"max_hp_gain":0,"max_hp_loss":0,"event_name":"Wheel of Change","floor":19,"gold_loss":0}],"is_beta":false,"boss_relics":[{"not_picked":["Tiny House","Ectoplasm"],"picked":"Fusion Hammer"}],"items_purged_floors":[3,20],"is_endless":false,"potions_floor_spawned":[2,11,16,18,21,22,23,25,27,29,30],"killed_by":"Snake Plant","ascension_level":12}}