{"host":"tlbbab9afexrkdtf","time":1614219336,"event":{"mods":["2.2 Compatiblity","AchievementEnabler","BaseMod","Colored Map","Colored Powertips","Minty Spire (QoL Compilation)","Rare Cards Sparkle","StSLib"],"gold_per_floor":[111,124,199,6,6,6,39,59,108,108,118,133,133,153,153,248,248,267,267,287,2,12,12,29,29,29,29,29,59,78,105,105,105,105],"floor_reached":33,"language":"ENG","playtime":869,"items_purged":[],"score":489,"play_id":"fa30e678-71d5-477e-bb03-485ca078be69","local_time":"20210224211536","is_ascension_mode":true,"campfire_choices":[{"data":"Go for the Eyes","floor":6,"key":"SMITH"},{"floor":13,"key":"REST"},{"floor":15,"key":"REST"},{"floor":23,"key":"REST"},{"floor":25,"key":"REST"},{"floor":32,"key":"REST"}],"circlet_count":0,"master_deck":["Strike_B","Strike_B","Strike_B","Strike_B","Defend_B","Defend_B","Defend_B","Defend_B","Zap","Dualcast","Go for the Eyes+1","Gash","BootSequence","Echo Form","Turbo","Go for the Eyes","Gash","All For One","BootSequence","All For One","Gash+1","Hologram","Hologram","Conserve Battery","White Noise+1","Beam Cell","Storm+1","Compile Driver+1","All For One","Conserve Battery+1"],"relics":["Cracked Core","NeowsBlessing","Toolbox","Bronze Scales","Dream Catcher","Ancient Tea Set","Nuclear Battery","Girya","Mummified Hand","Centennial Puzzle","Bottled Flame"],"acts_visited":["Exordium","TheCity"],"potions_floor_usage":[11,11,11,16,16,22,24,29,29,29,33],"damage_taken":[{"damage":0,"enemies":"Cultist","floor":1,"turns":1},{"damage":0,"enemies":"Small Slimes","floor":2,"turns":1},{"damage":0,"enemies":"Gremlin Nob","floor":7,"turns":1},{"damage":0,"enemies":"Jaw Worm","floor":8,"turns":2},{"damage":7,"enemies":"Lots of Slimes","floor":11,"turns":3},{"damage":12,"enemies":"Exordium Thugs","floor":12,"turns":4},{"damage":0,"enemies":"3 Louse","floor":14,"turns":2},{"damage":27,"enemies":"Hexaghost","floor":16,"turns":7},{"damage":10,"enemies":"Spheric Guardian","floor":18,"turns":4},{"damage":19,"enemies":"Chosen","floor":20,"turns":5},{"damage":4,"enemies":"Snake Plant","floor":22,"turns":4},{"damage":40,"enemies":"3 Cultists","floor":24,"turns":5},{"damage":0,"enemies":"Gremlin Leader","floor":29,"turns":6},{"damage":19,"enemies":"Sentry and Sphere","floor":30,"turns":4},{"damage":11,"enemies":"Book of Stabbing","floor":31,"turns":4},{"damage":50,"enemies":"Collector","floor":33,"turns":5}],"seed_played":"7333566772378629383","potions_obtained":[{"floor":8,"key":"EntropicBrew"},{"floor":12,"key":"PotionOfCapacity"},{"floor":14,"key":"SteroidPotion"},{"floor":20,"key":"PowerPotion"},{"floor":24,"key":"Swift Potion"},{"floor":28,"key":"BlessingOfTheForge"},{"floor":28,"key":"Strength Potion"},{"floor":28,"key":"FocusPotion"},{"floor":31,"key":"FocusPotion"}],"is_trial":false,"path_per_floor":["M","M","?","$","?","R","E","M","T","$","M","M","R","M","R","B",null,"M","?","M","$","M","R","M","R","T","$","?","E","M","E","R","B"],"character_chosen":"DEFECT","items_purchased":["Toolbox","Coolheaded","Girya"],"campfire_rested":5,"item_purchase_floors":[4,4,21],"current_hp_per_floor":[68,68,57,57,57,57,57,57,57,57,50,38,60,60,75,48,68,58,58,39,39,35,57,17,39,39,39,39,39,20,9,31,0,0],"gold":105,"neow_bonus":"THREE_ENEMY_KILL","is_daily":false,"chose_seed":false,"campfire_upgraded":1,"win_rate":0.0,"timestamp":1614219336,"path_taken":["M","?","?","$","?","R","E","?","T","?","M","M","R","M","R","BOSS","M","?","M","$","M","R","M","R","T","$","?","E","?","E","R","BOSS"],"items_purchased_type":["Relic","Card","Relic"],"build_version":"2020-12-22","purchased_purges":0,"victory":false,"max_hp_per_floor":[75,75,75,75,75,75,75,75,75,75,75,75,75,75,75,75,75,75,75,75,75,75,75,75,75,75,75,75,75,75,75,75,75,75],"card_choices":[{"not_picked":["Barrage","Compile Driver"],"picked":"Go for the Eyes","floor":1},{"not_picked":["Skim","Rip and Tear"],"picked":"Gash","floor":2},{"not_picked":["Melter","Steam"],"picked":"BootSequence","floor":7},{"not_picked":["Gash","Compile Driver"],"picked":"Echo Form","floor":8},{"not_picked":["Compile Driver","Redo"],"picked":"Turbo","floor":11},{"not_picked":["Sweeping Beam","Thunder Strike"],"picked":"Go for the Eyes","floor":12},{"not_picked":["Tempest","Barrage"],"picked":"Gash","floor":13},{"not_picked":["Auto Shields","Turbo"],"picked":"All For One","floor":14},{"not_picked":["Redo","Compile Driver"],"picked":"BootSequence","floor":15},{"not_picked":["Meteor Strike","Buffer"],"picked":"All For One","floor":16},{"not_picked":["Compile Driver+1","Barrage"],"picked":"Gash+1","floor":18},{"not_picked":["Turbo","Stack"],"picked":"Hologram","floor":20},{"not_picked":["Electrodynamics","Consume"],"picked":"Hologram","floor":22},{"not_picked":["Redo","Rebound+1"],"picked":"Conserve Battery","floor":23},{"not_picked":["Sweeping Beam","Scrape"],"picked":"White Noise+1","floor":24},{"not_picked":["Hologram","Defragment+1"],"picked":"Beam Cell","floor":25},{"not_picked":["Coolheaded+1","White Noise+1"],"picked":"Storm+1","floor":29},{"not_picked":["Sweeping Beam","Sunder"],"picked":"Compile Driver+1","floor":30},{"not_picked":["Cold Snap","Electrodynamics"],"picked":"All For One","floor":31},{"not_picked":["Glacier","Steam Power"],"picked":"Conserve Battery+1","floor":32}],"player_experience":368583,"relics_obtained":[{"floor":7,"key":"Dream Catcher"},{"floor":9,"key":"Ancient Tea Set"},{"floor":26,"key":"Mummified Hand"},{"floor":29,"key":"Centennial Puzzle"},{"floor":31,"key":"Bottled Flame"}],"event_choices":[{"damage_healed":0,"gold_gain":75,"player_choice":"Gather Gold","damage_taken":11,"max_hp_gain":0,"max_hp_loss":0,"event_name":"World of Goop","floor":3,"gold_loss":0},{"cards_removed":["Coolheaded"],"damage_healed":0,"gold_gain":0,"player_choice":"Gave Card","damage_taken":0,"relics_obtained":["Bronze Scales"],"max_hp_gain":0,"max_hp_loss":0,"event_name":"WeMeetAgain","floor":5,"gold_loss":0},{"damage_healed":0,"gold_gain":0,"player_choice":"Ignored","damage_taken":0,"max_hp_gain":0,"max_hp_loss":0,"event_name":"Vampires","floor":19,"gold_loss":0},{"damage_healed":0,"gold_gain":0,"player_choice":"Got Potions","damage_taken":0,"max_hp_gain":0,"max_hp_loss":0,"event_name":"Lab","floor":28,"gold_loss":0}],"is_beta":false,"boss_relics":[{"not_picked":["Sozu","SlaversCollar"],"picked":"Nuclear Battery"}],"items_purged_floors":[],"is_endless":false,"potions_floor_spawned":[8,12,14,20,24,31],"killed_by":"Collector","ascension_level":9}}