{"host":"leaz4ay2evvu5l18","time":1614289828,"event":{"mods":["BaseMod","Colored Map","Downfall","Minty Spire (QoL Compilation)","StSLib"],"gold_per_floor":[0,16,27,41,41,61,88,88,108,120,133,167,167,0,20,118,118,118,134,234,234,253,253,280,280,280,299,299,317,330,34,47,148,148,148,165,184,234,359,359,359,371,382,68,78,95,121,21,41,41],"floor_reached":51,"language":"ENG","playtime":7384,"items_purged":["Slimebound:Strike_Slimebound","Slimebound:Defend_Slimebound"],"score":745,"play_id":"c503fcaa-90b0-4cfe-9556-89b718e23fd2","local_time":"20210225215028","is_ascension_mode":true,"campfire_choices":[{"data":"Slimebound:GoopTackle","floor":1.0,"key":"SMITH"},{"data":"Slimebound:RollThrough","floor":8.0,"key":"SMITH"},{"data":"Slimebound:GoopSpray","floor":13.0,"key":"SMITH"},{"data":"Slimebound:CheckThePlaybook","floor":18.0,"key":"SMITH"},{"data":"Slimebound:CorrosiveSpit","floor":23.0,"key":"SMITH"},{"data":"Slimebound:ProtectTheBoss","floor":25.0,"key":"SMITH"},{"data":"Slimebound:FinishingTackle","floor":28.0,"key":"SMITH"},{"data":"Slimebound:RollThrough","floor":35.0,"key":"SMITH"},{"data":"expansioncontent:DashGenerateEvil","floor":48,"key":"SMITH"}],"circlet_count":0,"master_deck":["Slimebound:Tackle","Slimebound:Defend_Slimebound","Slimebound:Defend_Slimebound","Slimebound:Defend_Slimebound","Slimebound:CorrosiveSpit+1","Slimebound:SlimeSpikes","Slimebound:GoopTackle+1","Slimebound:ProtectTheBoss+1","Slimebound:RejuvenatingLick","Slimebound:RollThrough+1","Slimebound:Schlurp","Slimebound:RollThrough+1","Slimebound:SamplingLick","Slimebound:GoopSpray+1","Slimebound:SplitLeeching","Slimebound:CheckThePlaybook+1","Slimebound:FlameTackle","Slimebound:MegaLick","Slimebound:SplitLeeching+1","Slimebound:ProtectTheBoss+1","Slimebound:GoopSpray","J.A.X.","Slimebound:Nibble+1","Slimebound:FinishingTackle+1","Slimebound:BestDefense+1","Slimebound:SplitLeeching","Slimebound:Grow+1","Slimebound:RollThrough","Slimebound:SpikyOuterGoop","Slimebound:GoopTackle+1","Slimebound:RollThrough+1","Slimebound:GoopSpray+1","expansioncontent:DashGenerateEvil+1","Slimebound:ForwardTackle+1"],"relics":["Slimebound:AbsorbEndCombatUpgraded","Boot","Bag of Preparation","Dream Catcher","MutagenicStrength","Nilry\u0027s Codex","Smiling Mask","Slimebound:AggressiveSlimeRelic","Busted Crown","Thread and Needle","Strange Spoon","Du-Vu Doll","Lee\u0027s Waffle","HornCleat","downfall:HeartBlessingGreen"],"acts_visited":["Exordium","TheCity","TheBeyond"],"potions_floor_usage":[47,50,50,50,50,50],"damage_taken":[{"damage":3.0,"enemies":"Cultist","floor":2.0,"turns":2.0},{"damage":2.0,"enemies":"Jaw Worm","floor":3.0,"turns":3.0},{"damage":0.0,"enemies":"2 Louse","floor":4.0,"turns":2.0},{"damage":0.0,"enemies":"downfall:LooterAlt","floor":6.0,"turns":3.0},{"damage":0.0,"enemies":"2 Fungi Beasts","floor":9.0,"turns":2.0},{"damage":3.0,"enemies":"Exordium Thugs","floor":10.0,"turns":2.0},{"damage":4.0,"enemies":"Lots of Slimes","floor":11.0,"turns":3.0},{"damage":9.0,"enemies":"Gremlin Nob","floor":12.0,"turns":3.0},{"damage":1.0,"enemies":"downfall:FleeingMerchant","floor":14.0,"turns":4.0},{"damage":0.0,"enemies":"3 Louse","floor":15.0,"turns":2.0},{"damage":13.0,"enemies":"SI_SHIV_ARCHETYPE","floor":16.0,"turns":5.0},{"damage":4.0,"enemies":"Spheric Guardian","floor":19.0,"turns":4.0},{"damage":25.0,"enemies":"downfall:Augmenter","floor":20.0,"turns":5.0},{"damage":0.0,"enemies":"3 Byrds","floor":22.0,"turns":4.0},{"damage":3.0,"enemies":"Snake Plant","floor":27.0,"turns":4.0},{"damage":3.0,"enemies":"Cultist and Chosen","floor":29.0,"turns":4.0},{"damage":5.0,"enemies":"Sentry and Sphere","floor":30.0,"turns":3.0},{"damage":18.0,"enemies":"downfall:FleeingMerchant","floor":31.0,"turns":4.0},{"damage":0.0,"enemies":"Shelled Parasite and Fungi","floor":32.0,"turns":3.0},{"damage":33.0,"enemies":"DF_ARCHETYPE_CLAW","floor":33.0,"turns":6.0},{"damage":0.0,"enemies":"Orb Walker","floor":36.0,"turns":2.0},{"damage":3.0,"enemies":"3 Darklings","floor":37.0,"turns":4.0},{"damage":28.0,"enemies":"2 Orb Walkers","floor":38.0,"turns":4.0},{"damage":0.0,"enemies":"downfall:FleeingMerchant","floor":39.0,"turns":3.0},{"damage":0.0,"enemies":"downfall:FleeingMerchant","floor":40.0,"turns":4.0},{"damage":9.0,"enemies":"Transient","floor":42.0,"turns":5.0},{"damage":3.0,"enemies":"Spire Growth","floor":43.0,"turns":4.0},{"damage":3.0,"enemies":"Maw","floor":45.0,"turns":6.0},{"damage":4,"enemies":"4 Shapes","floor":46,"turns":4},{"damage":3,"enemies":"Nemesis","floor":47,"turns":5},{"damage":18,"enemies":"Writhing Mass","floor":49,"turns":4},{"damage":20,"enemies":"WA_ARCHETYPE_DIVINITY","floor":50,"turns":9}],"seed_played":"7333502142820753684","potions_obtained":[{"floor":2.0,"key":"Strength Potion"},{"floor":3.0,"key":"Dexterity Potion"},{"floor":12.0,"key":"Regen Potion"},{"floor":15.0,"key":"LiquidMemories"},{"floor":22.0,"key":"AttackPotion"},{"floor":27.0,"key":"BlessingOfTheForge"},{"floor":33.0,"key":"PowerPotion"},{"floor":37.0,"key":"champ:CounterPotion"},{"floor":38.0,"key":"hexamod:SoulburnPotion"},{"floor":43.0,"key":"Slimebound:SlimyTonguePotion"},{"floor":45.0,"key":"EntropicBrew"}],"is_trial":false,"path_per_floor":["R","M","M","M","?","M","T","R","M","M","M","E","R","$","M","B",null,"R","M","?","?","M","R","T","R","?","M","R","M","M","$","M","B",null,"R","M","M","?","$","?","T","M","M","$","M","M","E","R","M","B",null],"character_chosen":"SLIMEBOUND","items_purchased":["Slimebound:FlameTackle","Slimebound:RollThrough","Slimebound:SpikyOuterGoop","Slimebound:AggressiveSlimeRelic","Strange Spoon","expansioncontent:DashGenerateEvil","Lee\u0027s Waffle"],"campfire_rested":0,"item_purchase_floors":[14,31,31,31,39,44,44],"current_hp_per_floor":[65,64,65,65,53,57,57,57,59,60,64,58,58,65,65,56,65,65,64,49,33,48,48,48,48,48,54,54,65,65,54,65,56,65,65,65,65,65,65,65,65,65,65,72,72,72,72,72,66,58],"gold":41,"neow_bonus":"TRANSFORM_TWO_CARDS","is_daily":false,"chose_seed":false,"campfire_upgraded":9,"win_rate":0.0,"timestamp":1614289828,"path_taken":["R","M","M","?","?","M","T","R","M","M","M","E","R","$","M","BOSS","R","M","?","?","M","R","T","R","?","M","R","M","M","$","M","BOSS","R","M","M","?","$","?","T","?","M","$","M","M","E","R","M","BOSS"],"items_purchased_type":["Card","Card","Card","Relic","Relic","Card","Relic"],"build_version":"2020-12-22","purchased_purges":2,"victory":true,"max_hp_per_floor":[65,65,65,65,65,65,65,65,65,65,65,65,65,65,65,65,65,65,65,65,65,65,65,65,65,65,65,65,65,65,65,65,65,65,65,65,65,65,65,65,65,65,65,72,72,72,72,72,72,72],"card_choices":[{"not_picked":["Slimebound:SlimeBrawl","Slimebound:SplitSpecialist"],"picked":"Slimebound:ProtectTheBoss","floor":2.0},{"not_picked":["Slimebound:LivingWall","Slimebound:GoopTackle"],"picked":"Slimebound:RejuvenatingLick","floor":3.0},{"not_picked":["Slimebound:ComboTackle","Slimebound:PressTheAttack"],"picked":"Slimebound:RollThrough","floor":4.0},{"not_picked":["Slimebound:SplitBruiser","Slimebound:SpikyOuterGoop"],"picked":"Slimebound:Schlurp","floor":6.0},{"not_picked":["Slimebound:SplitLeeching","Slimebound:RejuvenatingLick"],"picked":"Slimebound:RollThrough","floor":9.0},{"not_picked":["Slimebound:RollThrough","Slimebound:LeechEnergy"],"picked":"Slimebound:SamplingLick","floor":10.0},{"not_picked":["Slimebound:LevelUp","Slimebound:LeechingTouch"],"picked":"Slimebound:GoopSpray","floor":11.0},{"not_picked":["Slimebound:GoopTackle","Slimebound:SlimeBarrage"],"picked":"Slimebound:SplitLeeching","floor":12.0},{"not_picked":["Slimebound:FormOfPuddle","Slimebound:LeadByExample"],"picked":"Slimebound:CheckThePlaybook","floor":14.0},{"not_picked":["Slimebound:GoopSpray","Slimebound:ViciousTackle"],"picked":"Slimebound:MegaLick","floor":15.0},{"not_picked":["Slimebound:ItLooksTasty","Slimebound:ForwardTackle"],"picked":"Slimebound:SplitLeeching+1","floor":19.0},{"not_picked":["Slimebound:LeechEnergy+1","Slimebound:ForwardTackle"],"picked":"Slimebound:ProtectTheBoss+1","floor":20.0},{"not_picked":[],"picked":"J.A.X.","floor":20.0},{"not_picked":["Slimebound:Repurpose+1","Slimebound:ViciousTackle"],"picked":"Slimebound:Nibble+1","floor":22.0},{"not_picked":["Slimebound:SlimeTap+1","Slimebound:FlameTackle"],"picked":"Slimebound:BestDefense+1","floor":27.0},{"not_picked":["Slimebound:PressTheAttack","Slimebound:SamplingLick"],"picked":"Slimebound:SplitLeeching","floor":29.0},{"not_picked":["Slimebound:ViciousTackle","Slimebound:ForwardTackle"],"picked":"Slimebound:Grow+1","floor":30.0},{"not_picked":["Slimebound:ServeAndProtect","Slimebound:SplitBruiser","Slimebound:OneTwoCombo"],"picked":"SKIP","floor":31.0},{"not_picked":["Slimebound:LeechingTouch+1","Slimebound:GoopTackle","Slimebound:DisruptingSlam"],"picked":"SKIP","floor":32.0},{"not_picked":["Slimebound:Repurpose+1"],"picked":"SKIP","floor":36.0},{"not_picked":[],"picked":"Slimebound:GoopTackle+1","floor":37.0},{"not_picked":[],"picked":"Slimebound:RollThrough+1","floor":39.0},{"not_picked":[],"picked":"Slimebound:GoopSpray+1","floor":40.0},{"not_picked":["Slimebound:Prepare"],"picked":"SKIP","floor":42.0},{"not_picked":["Slimebound:RollThrough"],"picked":"SKIP","floor":43.0},{"not_picked":[],"picked":"Slimebound:ForwardTackle+1","floor":45.0},{"not_picked":["Slimebound:SplitAcid"],"picked":"SKIP","floor":46},{"not_picked":["Slimebound:DisruptingSlam"],"picked":"SKIP","floor":47},{"not_picked":["Slimebound:Overexert"],"picked":"SKIP","floor":49}],"player_experience":867551,"relics_obtained":[{"floor":7.0,"key":"Bag of Preparation"},{"floor":12.0,"key":"Dream Catcher"},{"floor":20.0,"key":"MutagenicStrength"},{"floor":21.0,"key":"Nilry\u0027s Codex"},{"floor":24.0,"key":"Smiling Mask"},{"floor":38.0,"key":"Thread and Needle"},{"floor":41.0,"key":"Du-Vu Doll"},{"floor":47,"key":"HornCleat"}],"event_choices":[{"damage_healed":0.0,"max_hp_gain":0.0,"max_hp_loss":0.0,"gold_gain":0.0,"event_name":"Scrap Ooze","player_choice":"Success","floor":5.0,"gold_loss":0.0,"damage_taken":12.0,"relics_obtained":["Boot"]},{"damage_healed":0.0,"max_hp_gain":0.0,"max_hp_loss":0.0,"gold_gain":0.0,"event_name":"The Library","player_choice":"Read","floor":26.0,"gold_loss":0.0,"damage_taken":0.0,"cards_obtained":["Slimebound:FinishingTackle"]},{"damage_healed":0.0,"max_hp_gain":0.0,"max_hp_loss":0.0,"gold_gain":0.0,"event_name":"Mysterious Sphere","player_choice":"Fight","floor":38.0,"gold_loss":0.0,"damage_taken":0.0}],"is_beta":false,"boss_relics":[{"not_picked":["Runic Pyramid","Calling Bell"],"picked":"Slimebound:AbsorbEndCombatUpgraded"},{"not_picked":["Coffee Dripper","Black Star"],"picked":"Busted Crown"}],"items_purged_floors":[14,39],"is_endless":false,"potions_floor_spawned":[2,3,12,15,16,22,27,33,37,38,43,45],"ascension_level":1}}