{"host":"mgar08cquislqm55","time":1614260089,"event":{"mods":["ATMod(°¢èªMod)","BaseMod","Library of Ruina","Library of Ruina Extra","Minty Spire (QoL Compilation)","Replay The Spire","StSLib","noobMod","¡¾ÒÅÎï¿¨ÅÆ¡¿REMEMod"],"gold_per_floor":[115,126,301,321,396,430,98,98,98,110,122,151,170,186,186,282,282,293,393,407,417,434,434,468,295,295,305,315,328,362,381,381,486,486,496,506,524,535,555,585,383,408,408,408,408,418,438,438,438,438,438],"floor_reached":52,"language":"ZHS","playtime":3994,"items_purged":["LightDefense","Doubt"],"score":849,"play_id":"6e715217-a09c-425c-aec5-e5a0e3fd8b5e","local_time":"20210225213449","is_ascension_mode":false,"campfire_choices":[{"data":"AT_FamilyPortrait","floor":8,"key":"SMITH"},{"floor":15,"key":"DIG"},{"data":"EnergyCycle","floor":23,"key":"SMITH"},{"data":"WillOfThePrescript","floor":32,"key":"SMITH"},{"data":"InhaleSmoke","floor":45,"key":"SMITH"},{"data":"LawAndOrder","floor":49,"key":"SMITH"}],"circlet_count":0,"master_deck":["Dodge","AT_FamilyPortrait+1","WillOfThePrescript+1","SharpenedBlade","BiAn","ClassAndRespect","BoundaryOfDeath","QuickSuppression","SpearedSweep","FaintMemories","EmotionalTurbulence","Bvapour","SnakeSlit","InhaleSmoke+1","StartinOutLightly","ForTheFamily","Eradication","Parry","TieShanKao","Unlock1","FleetFootsteps","Leap_lor","EnergyCycle+1","FeatherShield","Outburst","SunsetBlade","Multislash+1","RulesOfTheBackstreets+1","Quickness","RipSpace","AbsorbImpact+1","Observe","Castigation","GrazeTheGrass","LawAndOrder+1","RepressedFlesh","FleetEdge","BackAttack+1","StrikeDown+1","AutomatedMovement+1","TrashDisposal","Reload+1","Juggling+1","Voices"],"relics":["PageOfLibrarian","AT_ATBox","ice","REME_ComplimentaryCards","Mango","PageOfLumberjack","PageOfLittleHelper","PageOfBloodbath","AT_RabadonDeathcap","Pandora\u0027s Box","ReplayFunnel","Bottled Lightning","Coffee Dripper","AT_GuinsooRageblade","Toolbox","Replay:Bottled Flurry","AT_RedTearstoneRing","Ring of Fury","Ring of Peace"],"acts_visited":["Exordium","TheCity","TheBeyond"],"potions_floor_usage":[22,24,33,40,47],"damage_taken":[{"damage":3,"enemies":"Jaw Worm","floor":1,"turns":4},{"damage":2,"enemies":"2 Louse","floor":2,"turns":2},{"damage":0,"enemies":"Cultist","floor":4,"turns":4},{"damage":48,"enemies":"Lagavulin","floor":6,"turns":13},{"damage":6,"enemies":"Exordium Thugs","floor":10,"turns":3},{"damage":0,"enemies":"Lots of Slimes","floor":11,"turns":4},{"damage":5,"enemies":"Replay:BlueRogue","floor":12,"turns":7},{"damage":0,"enemies":"3 Louse","floor":13,"turns":3},{"damage":4,"enemies":"Blue Slaver","floor":14,"turns":2},{"damage":11,"enemies":"Fading Forest","floor":16,"turns":11},{"damage":3,"enemies":"Spheric Guardian","floor":18,"turns":4},{"damage":10,"enemies":"3 Byrds","floor":20,"turns":5},{"damage":2,"enemies":"Snecko","floor":21,"turns":3},{"damage":28,"enemies":"Snake Plant","floor":22,"turns":4},{"damage":3,"enemies":"Book of Stabbing","floor":24,"turns":3},{"damage":4,"enemies":"Shelled Parasite and Fungi","floor":27,"turns":4},{"damage":10,"enemies":"Centurion and Healer","floor":28,"turns":4},{"damage":0,"enemies":"Snecko","floor":29,"turns":3},{"damage":7,"enemies":"Replay:Snechameleon","floor":30,"turns":3},{"damage":0,"enemies":"3 Cultists","floor":31,"turns":3},{"damage":111,"enemies":"KingOfGreed","floor":33,"turns":8},{"damage":0,"enemies":"3 Darklings","floor":35,"turns":3},{"damage":0,"enemies":"3 Shapes","floor":36,"turns":1},{"damage":0,"enemies":"Jaw Worm Horde","floor":37,"turns":2},{"damage":0,"enemies":"4 Shapes","floor":38,"turns":3},{"damage":0,"enemies":"Spire Growth","floor":39,"turns":3},{"damage":0,"enemies":"Nemesis","floor":40,"turns":3},{"damage":0,"enemies":"Giant Head","floor":42,"turns":2},{"damage":0,"enemies":"3 Darklings","floor":46,"turns":2},{"damage":0,"enemies":"Transient","floor":47,"turns":5},{"damage":0,"enemies":"Replay:Hell Engine","floor":50,"turns":3},{"damage":23,"enemies":"Replay:Hell Engine","floor":51,"turns":5}],"seed_played":"-3619955843298418431","potions_obtained":[{"floor":2,"key":"Swift Potion"},{"floor":4,"key":"SneckoOil"},{"floor":11,"key":"Languid Potion"},{"floor":12,"key":"EntropicBrew"},{"floor":21,"key":"Block Potion"},{"floor":24,"key":"LiquidBronze"},{"floor":29,"key":"SteroidPotion"},{"floor":35,"key":"SteroidPotion"},{"floor":37,"key":"Adrenaline Potion"},{"floor":39,"key":"Fruit Juice"}],"is_trial":false,"path_per_floor":["M","M","?","M","?","E","$","R","T","M","M","E","M","M","R","B",null,"M","?","M","M","M","R","E","$","T","M","M","M","E","M","R","B",null,"M","M","M","M","M","E","$","E","T","$","R","M","M","?","R","B",null,null],"character_chosen":"Librarian","items_purchased":["PageOfLumberjack","Outburst","SunsetBlade","AutomatedMovement+1","Toolbox"],"campfire_rested":0,"item_purchase_floors":[7,25,25,41,41],"current_hp_per_floor":[57,55,55,55,44,77,77,77,77,75,85,82,88,86,86,97,125,124,124,125,125,99,99,98,98,98,98,92,94,89,95,95,172,188,190,190,191,197,199,206,206,209,209,209,209,211,213,213,213,218,197],"gold":438,"neow_bonus":"UPGRADE_CARD","is_daily":false,"chose_seed":false,"campfire_upgraded":5,"win_rate":0.0,"timestamp":1614260089,"path_taken":["M","M","?","M","?","E","$","R","T","M","M","E","M","M","R","BOSS","M","?","M","M","M","R","E","?","T","M","M","?","E","M","R","BOSS","M","M","M","M","M","E","$","E","T","?","R","M","M","?","R","BOSS"],"items_purchased_type":["Relic","Card","Card","Card","Relic"],"build_version":"2020-12-22","purchased_purges":2,"victory":true,"max_hp_per_floor":[67,68,68,63,63,103,103,103,103,105,112,115,117,118,118,125,125,128,128,154,155,161,161,166,166,166,165,167,168,176,177,177,188,188,190,190,191,197,199,208,208,209,209,209,209,211,215,215,215,218,227],"card_choices":[{"not_picked":["JiaoTu","YoureTooSlow","Gamble","PreemptiveStrike","FierceCharge","Outburst","ToOvercomeCrisis","MultiHit"],"picked":"WillOfThePrescript","floor":1},{"not_picked":["AlloutWar","CutIn","Rewind","CoordinatedAssault","Riposte","FierceCharge","IngredientHunt","HighSpeedStabbing"],"picked":"SharpenedBlade","floor":2},{"not_picked":["FlashOfSunup","NightInTheBackstreets","HiddenBlade","QuickAttack","GreatSerpentsImpact","UnavoidableGaze","GaleKick","ClassAndRespect"],"picked":"BiAn","floor":4},{"not_picked":["GuidanceOfTheGears","MultiHit","UnavoidableGaze","Eject","Observe","EnergyBeam","Leap_lor","ShockingBlow","Outburst"],"picked":"SKIP","floor":6},{"not_picked":["Deflect_lor","Zzzzzap","Faith","WillOfThePrescript","Feast","ICanCookAnything","FleetEdge","MultiHit"],"picked":"ClassAndRespect","floor":10},{"not_picked":["Pound","EnergyCycle","GuidanceOfTheGears","GrazeTheGrass","Rewind","Creak","PreparedMind","VenomousFangs"],"picked":"BoundaryOfDeath","floor":11},{"not_picked":["IdentifyWeakpoint","SmokingPipe","Quickness","Marionette","TheArtOfRapidSteps","ExtremeEdge","FieryWaltz","Retaliate"],"picked":"QuickSuppression","floor":12},{"not_picked":["FierceCharge","EnergyStrike","PreemptiveStrike","SilentNight","FleetFootsteps","Reload","DarkCloud","Unlock1"],"picked":"SpearedSweep","floor":13},{"not_picked":["UnforgettableMelody","KeepItFresh","StrongStrike","ScatteringSlash","Crush","MultiBlock","Parry","DesperateStruggle"],"picked":"FaintMemories","floor":14},{"not_picked":["Punishment","BoundaryOfDeath"],"picked":"EmotionalTurbulence","floor":16},{"not_picked":["FierceCharge","LossOfSenses","Parry2","EndlessBattle","HardRehearsal","Transpierce","Tailoring","QuickSuppression"],"picked":"Unlock1","floor":18},{"not_picked":["FleetEdge+1","SinglePointStab","HandleRequest+1","SerpentineBarrier","StructuralAnalysis","PinpointShot","EndlessBattle","DaringDecision"],"picked":"FleetFootsteps","floor":20},{"not_picked":["Rewind+1","Slice_lor+1","QuickSuppression","SerpentSwordTechnique+1","UndertakePrescript","OpportunitySpotted","FeelinGood+1","UpbeatPerformance"],"picked":"Leap_lor","floor":21},{"not_picked":["TendonChords","VenomousFangs+1","Reload","SuanNi","Leap_lor","JiaoTu+1","Diversion+1","Wallop_lor"],"picked":"EnergyCycle","floor":22},{"not_picked":["AutomatedMovement","Outburst+1","GreatSerpentsImpact","QuickAttack+1","SinglePointStab","MirageStorm","FleetFootsteps","BulkyImpact"],"picked":"FeatherShield","floor":24},{"not_picked":["Feast+1","ConcentratedFire","ViolentFlame","GuardingStance","Marionette","SerpentSwordTechnique","Mutilate+1","FierceCharge"],"picked":"Multislash+1","floor":27},{"not_picked":["RapidGashes","NightInTheBackstreets+1","ChopItOff","UnavoidableGaze","HiddenBlade","SunsetBlade","Punishment","GuidanceOfTheGears"],"picked":"RulesOfTheBackstreets+1","floor":28},{"not_picked":["SharpSwipe","Endure","BackstreetsDash","Punishment","FlashOfSunup","YouOnlyLiveOnce+1","MultiBlock","Standoff+1"],"picked":"Quickness","floor":29},{"not_picked":["SerpentineBarrier","EnergyStrike","ICanCookAnything","Bvapour","Riposte","Thrust","CircusKnives","BiAn+1"],"picked":"RipSpace","floor":30},{"not_picked":["Reload","Diversion","ExtractFuel","HandlingWork","ClassAndRespect+1","YoureAHindrance+1","EndlessBattle","Brawl"],"picked":"AbsorbImpact+1","floor":31},{"not_picked":["Observe","EmotionalTurbulence"],"picked":"Castigation","floor":33},{"not_picked":["DesperateStruggle","Overpower+1","Parry","LoosenUp+1","ExtremeEdge+1","SharpSwipe+1","TraceOfFumes+1","IngredientHunt+1"],"picked":"GrazeTheGrass","floor":35},{"not_picked":["DarkCloud+1","SunsetBlade","MindPrepared","SnakesPrey","Thrust+1","HighKick","Feast","FierceCharge+1"],"picked":"LawAndOrder","floor":36},{"not_picked":["Leap_lor+1","EnergyShield+1","ForTheFamily","DefenseOrder+1","GuardingStance+1","CutIn","ForcefulGesture+1","CoordinatedAssault+1"],"picked":"RepressedFlesh","floor":37},{"not_picked":["FleetFootsteps","ReadyUp+1","Quickness","DesperateStruggle","PreemptiveStrike+1","HeavyPeaks+1","BiAn","EnergyCycle+1"],"picked":"FleetEdge","floor":38},{"not_picked":["MultiBlock+1","RulesOfTheBackstreets+1","Diversion+1","FleetEdge+1","Riposte+1","IngredientHunt","Faith+1","OpportunitySpotted+1"],"picked":"BackAttack+1","floor":39},{"not_picked":["EmotionalTurbulence","Quickness","Standoff","QuickAttack+1","Commandeering","HiddenBlade","DestructiveImpact+1","ConcentratedFire"],"picked":"StrikeDown+1","floor":40},{"not_picked":["Cruelty","BiXi+1","QuickAttack+1","FierceOnslaught+1","ShrineToMusic+1","StrongStrike+1","InhaleSmoke+1","Multislash"],"picked":"TrashDisposal","floor":42},{"not_picked":["Wallop_lor","TendonChords","YourShield+1","CrackOfDawn","DestructiveImpact","AutomatedMovement","WillBeTasty+1","Feast"],"picked":"Reload+1","floor":46},{"not_picked":["GreatSerpentsImpact+1","Overpower","JiaoTu+1","Gigigig","WillOfThePrescript","RatsGuideToSurvival+1","StrongStrike","ViolentFlame"],"picked":"Juggling+1","floor":47}],"player_experience":24561,"relics_obtained":[{"floor":6,"key":"Mango"},{"floor":9,"key":"PageOfLittleHelper"},{"floor":12,"key":"PageOfBloodbath"},{"floor":15,"key":"AT_RabadonDeathcap"},{"floor":24,"key":"ReplayFunnel"},{"floor":30,"key":"Bottled Lightning"},{"floor":40,"key":"AT_GuinsooRageblade"},{"floor":42,"key":"Replay:Bottled Flurry"},{"floor":43,"key":"AT_RedTearstoneRing"},{"floor":48,"key":"Ring of Fury"},{"floor":48,"key":"Ring of Peace"}],"event_choices":[{"damage_healed":0,"gold_gain":175,"player_choice":"AGREE","damage_taken":0,"max_hp_gain":0,"max_hp_loss":0,"event_name":"Liars Game","floor":3,"gold_loss":0,"cards_obtained":["Doubt"]},{"damage_healed":0,"gold_gain":75,"player_choice":"Gather Gold","damage_taken":11,"max_hp_gain":0,"max_hp_loss":0,"event_name":"World of Goop","floor":5,"gold_loss":0},{"damage_healed":0,"gold_gain":100,"player_choice":"Pray","damage_taken":0,"max_hp_gain":0,"max_hp_loss":0,"event_name":"Golden Shrine","floor":19,"gold_loss":0}],"is_beta":false,"boss_relics":[{"not_picked":["Empty Cage","ReplayTheSpireMod:DimensionalGlitch"],"picked":"Pandora\u0027s Box"},{"not_picked":["Astrolabe","Honey Jar"],"picked":"Coffee Dripper"}],"items_purged_floors":[7,25],"is_endless":false,"potions_floor_spawned":[2,4,11,12,13,21,24,29,31,35,37,39,46],"ascension_level":0}}