{"host":"ymmeoa1x24ihslbm","time":1614274440,"event":{"mods":["AchievementEnabler","BaseMod","Colored Map","Colored Powertips","Defuse TimeMaze Blight","Hermit","Highlight Path","Minty Spire (QoL Compilation)","Permanent Neow","Quick Restart","StSLib","Unceasing Turn Reminder"],"gold_per_floor":[112,112,122,122,122,122,139,139,139,169,169,24,24,99,99,202,202,218,317,317,317,332,332,343,343,396,123,123,140,153,153,153,153,153],"floor_reached":33,"language":"ENG","playtime":2016,"items_purged":[],"score":254,"play_id":"1d900264-d6c7-4dab-9908-0e5e726a3a44","local_time":"20210225183400","is_ascension_mode":true,"campfire_choices":[{"data":"hermit:Snapshot","floor":6,"key":"SMITH"},{"data":"hermit:GoldenBullet","floor":11,"key":"SMITH"},{"data":"hermit:LowProfile","floor":13,"key":"SMITH"},{"data":"hermit:Headshot","floor":15,"key":"SMITH"},{"data":"hermit:Manifest","floor":23,"key":"SMITH"},{"data":"hermit:FatalDesire","floor":25,"key":"SMITH"},{"data":"hermit:Covet","floor":28,"key":"SMITH"},{"data":"hermit:GhostlyPresence","floor":32,"key":"SMITH"}],"circlet_count":0,"master_deck":["hermit:Strike_Hermit","hermit:Strike_Hermit","hermit:Strike_Hermit","hermit:Strike_Hermit","hermit:Defend_Hermit+1","hermit:Defend_Hermit+1","hermit:Snapshot+1","hermit:Covet+1","hermit:CalledShot+1","hermit:PistolWhip+1","hermit:Headshot+1","hermit:GoldenBullet+1","hermit:LowProfile+1","hermit:FatalDesire+1","hermit:Grudge","hermit:Manifest+1","hermit:ShadowCloak+1","hermit:GhostlyPresence+1"],"relics":["hermit:ClaspedLocket","Smiling Mask","Centennial Puzzle","Odd Mushroom","Bronze Scales","War Paint","Membership Card","Meat on the Bone"],"acts_visited":["Exordium","TheCity"],"potions_floor_usage":[16,24,30,31,33],"damage_taken":[{"damage":0,"enemies":"2 Louse","floor":1,"turns":2},{"damage":7,"enemies":"Small Slimes","floor":3,"turns":3},{"damage":0,"enemies":"Jaw Worm","floor":7,"turns":1},{"damage":18,"enemies":"The Mushroom Lair","floor":10,"turns":3},{"damage":24,"enemies":"The Guardian","floor":16,"turns":12},{"damage":1,"enemies":"3 Byrds","floor":18,"turns":3},{"damage":12,"enemies":"Chosen","floor":22,"turns":2},{"damage":34,"enemies":"Shelled Parasite and Fungi","floor":24,"turns":5},{"damage":15,"enemies":"Centurion and Healer","floor":29,"turns":6},{"damage":12,"enemies":"Chosen and Byrds","floor":30,"turns":3},{"damage":6,"enemies":"Colosseum Slavers","floor":31,"turns":4},{"damage":24,"enemies":"Automaton","floor":33,"turns":10}],"seed_played":"-6514876933936370093","potions_obtained":[{"floor":1,"key":"hermit:Eclipse"},{"floor":3,"key":"BlessingOfTheForge"},{"floor":10,"key":"Weak Potion"},{"floor":24,"key":"SteroidPotion"},{"floor":29,"key":"Explosive Potion"}],"is_trial":false,"path_per_floor":["M","?","M","?","?","R","M","$","T","?","R","$","R","?","R","B",null,"M","?","?","?","M","R","M","R","T","$","R","M","M","?","R","B"],"character_chosen":"HERMIT","items_purchased":["Bronze Scales","Membership Card","Meat on the Bone"],"campfire_rested":0,"item_purchase_floors":[12,27,27],"current_hp_per_floor":[75,80,73,57,54,54,54,54,54,36,36,36,36,25,25,1,80,79,79,64,64,52,52,18,18,18,18,18,15,15,21,21,0,0],"gold":153,"neow_bonus":"TRANSFORM_CARD","is_daily":false,"chose_seed":false,"campfire_upgraded":8,"win_rate":0.0,"timestamp":1614274440,"path_taken":["M","?","M","?","?","R","M","$","T","?","R","?","R","?","R","BOSS","M","?","?","?","M","R","M","R","T","$","R","M","?","?","R","BOSS"],"items_purchased_type":["Relic","Relic","Relic"],"build_version":"2020-12-22","purchased_purges":0,"victory":false,"max_hp_per_floor":[75,80,80,80,80,80,80,80,80,80,80,80,80,80,80,80,80,80,80,85,85,85,85,85,85,85,85,85,85,85,85,85,85,85],"card_choices":[{"not_picked":["hermit:BodyArmor","hermit:Dive"],"picked":"hermit:PistolWhip","floor":1},{"not_picked":["hermit:Combo","hermit:Cheat"],"picked":"hermit:Headshot","floor":3},{"not_picked":["hermit:FlashPowder","hermit:BigShot"],"picked":"hermit:GoldenBullet","floor":7},{"not_picked":["hermit:HoleUp","hermit:Headshot"],"picked":"hermit:LowProfile","floor":10},{"not_picked":["hermit:Dissolve","hermit:BlackWind"],"picked":"hermit:FatalDesire","floor":16},{"not_picked":["hermit:WideOpen","hermit:TakeCover"],"picked":"hermit:Grudge","floor":18},{"not_picked":["hermit:HighCaliber+1","hermit:PistolWhip"],"picked":"hermit:Manifest","floor":22},{"not_picked":["hermit:NoHoldsBarred","hermit:Manifest"],"picked":"hermit:ShadowCloak+1","floor":24},{"not_picked":["hermit:LowProfile","hermit:CalledShot"],"picked":"hermit:GhostlyPresence","floor":29},{"not_picked":["hermit:ItchyTrigger","hermit:Headshot","hermit:Manifest"],"picked":"SKIP","floor":30}],"player_experience":698950,"relics_obtained":[{"floor":9,"key":"Centennial Puzzle"},{"floor":10,"key":"Odd Mushroom"},{"floor":26,"key":"War Paint"}],"event_choices":[{"damage_healed":0,"gold_gain":0,"player_choice":"Donut","damage_taken":0,"max_hp_gain":5,"max_hp_loss":0,"event_name":"Big Fish","floor":2,"gold_loss":0},{"damage_healed":0,"gold_gain":0,"player_choice":"Entered Light","damage_taken":16,"max_hp_gain":0,"max_hp_loss":0,"event_name":"Shining Light","floor":4,"gold_loss":0,"cards_upgraded":["hermit:PistolWhip","hermit:CalledShot"]},{"damage_healed":0,"gold_gain":0,"player_choice":"Success","damage_taken":3,"relics_obtained":["Smiling Mask"],"max_hp_gain":0,"max_hp_loss":0,"event_name":"Scrap Ooze","floor":5,"gold_loss":0},{"damage_healed":0,"gold_gain":0,"player_choice":"Fought Mushrooms","damage_taken":0,"max_hp_gain":0,"max_hp_loss":0,"event_name":"Mushrooms","floor":10,"gold_loss":0},{"damage_healed":0,"gold_gain":75,"player_choice":"Gather Gold","damage_taken":11,"max_hp_gain":0,"max_hp_loss":0,"event_name":"World of Goop","floor":14,"gold_loss":0},{"damage_healed":0,"gold_gain":99,"player_choice":"Stole From Cult","damage_taken":0,"max_hp_gain":0,"max_hp_loss":0,"event_name":"Nest","floor":19,"gold_loss":0},{"damage_healed":0,"gold_gain":0,"player_choice":"Shed Blood","damage_taken":20,"max_hp_gain":5,"max_hp_loss":0,"event_name":"Forgotten Altar","floor":20,"gold_loss":0},{"cards_removed":["hermit:Defend_Hermit"],"damage_healed":0,"gold_gain":0,"player_choice":"Card Removal","damage_taken":0,"max_hp_gain":0,"max_hp_loss":0,"event_name":"Wheel of Change","floor":21,"gold_loss":0},{"damage_healed":0,"gold_gain":0,"player_choice":"Fight","damage_taken":0,"max_hp_gain":0,"max_hp_loss":0,"event_name":"Colosseum","floor":31,"gold_loss":0},{"damage_healed":0,"gold_gain":0,"player_choice":"Fled From Nobs","damage_taken":0,"max_hp_gain":0,"max_hp_loss":0,"event_name":"Colosseum","floor":31,"gold_loss":0}],"is_beta":false,"boss_relics":[{"not_picked":["Snecko Eye","Pandora\u0027s Box"],"picked":"hermit:ClaspedLocket"}],"items_purged_floors":[],"is_endless":false,"potions_floor_spawned":[1,3,10,24,29,31],"killed_by":"Automaton","ascension_level":2}}