{"host":"drl4gs3853zme1q6","time":1614290104,"event":{"mods":["AchievementEnabler","BaseMod","Colored Map","Colored Powertips","Hermit","Hubris","Infinite Spire","Minty Spire (QoL Compilation)","Replay The Spire","StSLib","The Cursed","The Hierophant"],"gold_per_floor":[111,127,147,167,185,185,211,227,227,256,256,256,275,287,287,384,384,404,319,319,330,429,461,461,461,488,306,306,334,334,349,349,454,454,464,479,489,502,518,518,518,518,518,549,569,569,569,579,579,676,676,687,699,514,526,526,526,532,532,532,548,562,562,571,592,592,644,644,645,645,650,650,653,653,653,678,754,754,821,821,822,840,840,906,906,906,945,945,726,735,735,735,744,744,749,749,757,757,757,757,823,873,873,873],"floor_reached":103,"language":"ENG","playtime":4098,"items_purged":["Overencumbered"],"score":1854,"play_id":"5d451ef9-b91d-4c36-8fe6-a2284b77fa97","local_time":"20210225155504","daily_mods":["Heirloom","Time Dilation"],"is_ascension_mode":false,"campfire_choices":[{"floor":6,"key":"DIG"},{"data":"TheCursedMod:Hemoplague","floor":11,"key":"SMITH"},{"data":"TheCursedMod:Obscuration","floor":15,"key":"SMITH"},{"floor":25,"key":"REST"},{"floor":28,"key":"DIG"},{"data":"TheCursedMod:AntiAging","floor":30,"key":"SMITH"},{"data":"TheCursedMod:CursedBlade","floor":32,"key":"SMITH"},{"data":"TheCursedMod:CollectTribute","floor":40,"key":"SMITH"},{"data":"ReplayTheSpireMod:Chaos Vortex","floor":42,"key":"SMITH"},{"floor":57,"key":"DIG"},{"floor":59,"key":"DIG"},{"data":"1","floor":66,"key":"LIFT"},{"data":"2","floor":75,"key":"LIFT"},{"floor":78,"key":"DIG"},{"data":"3","floor":83,"key":"LIFT"},{"data":"TheCursedMod:WearCloak","floor":92,"key":"SMITH"},{"data":"Finesse","floor":98,"key":"SMITH"},{"data":"TheCursedMod:SmokeScreen","floor":100,"key":"SMITH"}],"circlet_count":0,"master_deck":["TheCursedMod:Strike_TheCursed+1","TheCursedMod:Strike_TheCursed+1","TheCursedMod:Strike_TheCursed+1","TheCursedMod:Strike_TheCursed+1","TheCursedMod:Defend_TheCursed+1","TheCursedMod:Defend_TheCursed+1","TheCursedMod:Defend_TheCursed+1","TheCursedMod:Defend_TheCursed+1","TheCursedMod:CursedWand+1","TheCursedMod:CleanUpWorkshop+1","TheCursedMod:Dregs","TheCursedMod:CursedStaff","TheCursedMod:RavingStaff+1","TheCursedMod:Hemoplague+1","TheCursedMod:CollectTribute+1","TheCursedMod:SpitefulStrike","TheCursedMod:CursedShiv","TheCursedMod:CursedBlade+1","TheCursedMod:DemonSword","TheCursedMod:SmokeScreen+1","TheCursedMod:Obscuration+1","TheCursedMod:CursedShiv","TheCursedMod:AntiAging+1","TheCursedMod:RapidMovement","TheCursedMod:LuckyCharm+1","TheCursedMod:VoidForm+1","TheCursedMod:StingEye+1","TheCursedMod:SmokeScreen+1","Parasite","TheCursedMod:OutForBlood+1","ReplayTheSpireMod:Chaos Vortex+1","TheCursedMod:Mangle+1","TheCursedMod:CursedShiv+1","TheCursedMod:LuckyCharm+1","TheCursedMod:WearCloak+1","TheCursedMod:FleshFromBone","Decay","ReplayTheSpireMod:IOU","Writhe","TheCursedMod:WearCloak+1","Core Surge+1","TheCursedMod:Hemoplague+1","ReplayTheSpireMod:Splinters","Finesse+1","TheCursedMod:Grudge+1"],"relics":["TheCursedMod:BlackMagic101","Shovel","Snack Pack","Blue Candle","hubris:SphereOfDissonance","Lantern","SacredBark","Replay:Wax Seal","hubris:Towel","Golden Egg","Replay:Baseball","Akabeko","FossilizedHelix","Replay:Rubber Ducky","hubris:ScarierMask","TheAbacus","Ring of Chaos","Replay:Multitool","Thread and Needle","hubris:Icosahedron","SlaversCollar","Boot","hubris:DisguiseKit","TheCursedMod:DemonicMark","TheCursedMod:Tack","Gremlin Horn","Girya","hubris:CuriousFeather","Odd Mushroom","Replay:Ancient Bell","Bag of Marbles","hubris:CrystalStatue","Turnip","Nilry\u0027s Codex","Medical Kit","Dead Branch","infinitespire:CheckeredPen","Counterbalance","Nunchaku","Red Mask","Prayer Wheel","ClockworkSouvenir","Mummified Hand","Replay:Towering Pillar of Hats","ReplayTheSpireMod:Lightbulb","Tiny House"],"acts_visited":["Exordium","TheCity","TheBeyond","Exordium","TheCity","TheBeyond","Exordium"],"potions_floor_usage":[7,7,10,13,16,16,18,31,33,44,50,50,58,84,95,101,101],"damage_taken":[{"damage":1,"enemies":"2 Louse","floor":1,"turns":4},{"damage":3,"enemies":"Jaw Worm","floor":2,"turns":3},{"damage":0,"enemies":"Small Slimes","floor":3,"turns":2},{"damage":1,"enemies":"3 Louse","floor":4,"turns":3},{"damage":4,"enemies":"2 Fungi Beasts","floor":5,"turns":3},{"damage":15,"enemies":"3 Sentries","floor":7,"turns":6},{"damage":6,"enemies":"Exordium Wildlife","floor":8,"turns":3},{"damage":0,"enemies":"Lagavulin","floor":10,"turns":3},{"damage":0,"enemies":"3 Louse","floor":13,"turns":1},{"damage":1,"enemies":"2 Fungi Beasts","floor":14,"turns":2},{"damage":26,"enemies":"Hexaghost","floor":16,"turns":4},{"damage":16,"enemies":"Spheric Guardian","floor":18,"turns":4},{"damage":10,"enemies":"2 Thieves","floor":21,"turns":3},{"damage":31,"enemies":"Nightmare","floor":23,"turns":8},{"damage":13,"enemies":"Slavers","floor":29,"turns":3},{"damage":0,"enemies":"Sentry and Sphere","floor":31,"turns":3},{"damage":22,"enemies":"hubris:MusketHawk","floor":33,"turns":9},{"damage":0,"enemies":"3 Darklings","floor":35,"turns":4},{"damage":0,"enemies":"Orb Walker","floor":36,"turns":3},{"damage":13,"enemies":"Sphere and 2 Shapes","floor":37,"turns":2},{"damage":17,"enemies":"Spire Growth","floor":38,"turns":5},{"damage":0,"enemies":"Writhing Mass","floor":39,"turns":5},{"damage":0,"enemies":"Reptomancer","floor":44,"turns":7},{"damage":0,"enemies":"Transient","floor":45,"turns":5},{"damage":0,"enemies":"Sphere and 2 Shapes","floor":48,"turns":2},{"damage":0,"enemies":"Replay:Hell Engine","floor":50,"turns":6},{"damage":0,"enemies":"Small Slimes","floor":52,"turns":2},{"damage":0,"enemies":"2 Louse","floor":53,"turns":1},{"damage":0,"enemies":"Jaw Worm","floor":55,"turns":2},{"damage":0,"enemies":"Exordium Wildlife","floor":58,"turns":1},{"damage":1,"enemies":"3 Sentries","floor":61,"turns":3},{"damage":0,"enemies":"Blue Slaver","floor":62,"turns":1},{"damage":0,"enemies":"Looter","floor":64,"turns":1},{"damage":0,"enemies":"The Mushroom Lair","floor":65,"turns":2},{"damage":8,"enemies":"Fading Forest","floor":67,"turns":11},{"damage":0,"enemies":"Chosen","floor":69,"turns":3},{"damage":0,"enemies":"Spheric Guardian","floor":71,"turns":2},{"damage":0,"enemies":"Centurion and Healer","floor":73,"turns":3},{"damage":0,"enemies":"Slavers","floor":76,"turns":2},{"damage":0,"enemies":"Chosen and Byrds","floor":81,"turns":3},{"damage":0,"enemies":"Masked Bandits","floor":82,"turns":2},{"damage":43,"enemies":"hubris:MusketHawk","floor":84,"turns":5},{"damage":0,"enemies":"Orb Walker","floor":86,"turns":3},{"damage":0,"enemies":"2 Orb Walkers","floor":87,"turns":3},{"damage":0,"enemies":"3 Shapes","floor":90,"turns":1},{"damage":0,"enemies":"Jaw Worm Horde","floor":93,"turns":1},{"damage":1,"enemies":"R_Hoarder","floor":95,"turns":3},{"damage":0,"enemies":"4 Shapes","floor":97,"turns":2},{"damage":0,"enemies":"Replay:Hell Engine","floor":101,"turns":3},{"damage":0,"enemies":"Jaw Worm","floor":103,"turns":1}],"seed_played":"5908492821932941203","potions_obtained":[{"floor":4,"key":"Flashbang"},{"floor":5,"key":"Weak Potion"},{"floor":7,"key":"LifebloodPotion"},{"floor":10,"key":"Adrenaline Potion"},{"floor":13,"key":"Fire Potion"},{"floor":14,"key":"PowerPotion"},{"floor":18,"key":"Fruit Juice"},{"floor":29,"key":"AttackPotion"},{"floor":31,"key":"Flashbang"},{"floor":36,"key":"PowerPotion"},{"floor":37,"key":"AttackPotion"},{"floor":38,"key":"Milkshake"},{"floor":39,"key":"BlessingOfTheForge"},{"floor":53,"key":"Ancient Potion"},{"floor":58,"key":"Fruit Juice"},{"floor":76,"key":"DistilledChaos"},{"floor":79,"key":"EssenceOfSteel"},{"floor":79,"key":"EssenceOfSteel"},{"floor":84,"key":"DistilledChaos"},{"floor":95,"key":"Block Potion"},{"floor":102,"key":"Regen Potion"}],"is_trial":true,"path_per_floor":["M","M","M","M","M","R","E","M","T","E","R","?","M","M","R","B",null,"M","?","?","M","?","NM","?","R","T","$","R","E","R","M","R","B",null,"M","M","M","M","M","R","AVR","R","T","E","M","?","?","M","R","B",null,"M","M","$","M","?","R","M","R","T","E","M","AVR","M","?","R","B",null,"M","?","M","?","M","AVR","R","E","T","R","?","?","M","?","R","B",null,"M","?","?","$","M","?","R","M","T","E","AVR","M","R","?","R","B",null,"M"],"character_chosen":"THE_CURSED","items_purchased":["TheCursedMod:LuckyCharm","Akabeko","Boot","TheCursedMod:LuckyCharm","ClockworkSouvenir"],"campfire_rested":1,"item_purchase_floors":[27,27,54,54,89],"current_hp_per_floor":[74,71,71,70,66,66,53,49,49,53,53,53,55,54,54,34,75,69,69,69,63,63,38,38,64,64,64,64,55,55,57,57,44,90,93,93,82,69,76,76,76,76,76,85,94,94,94,96,102,105,105,105,105,105,108,108,108,121,121,121,124,124,124,124,124,124,126,127,130,114,117,117,119,119,119,121,121,121,121,121,121,123,123,84,133,136,136,136,136,139,139,139,142,142,142,142,142,142,142,142,145,150,150,150],"gold":873,"neow_bonus":"","is_daily":false,"chose_seed":false,"campfire_upgraded":9,"win_rate":0.0,"timestamp":1614290104,"path_taken":["M","M","M","M","M","R","E","M","T","E","R","?","M","M","R","BOSS","M","?","?","M","?","NM","?","R","T","$","R","E","R","M","R","BOSS","M","M","M","M","M","R","AVR","R","T","E","M","?","?","M","R","BOSS","M","M","$","M","?","R","M","R","T","E","M","AVR","M","?","R","BOSS","M","?","M","?","M","AVR","R","E","T","R","?","?","M","?","R","BOSS","M","?","?","$","?","?","R","M","T","E","AVR","M","R","?","R","BOSS","M"],"items_purchased_type":["Card","Relic","Relic","Card","Relic"],"build_version":"2020-12-22","purchased_purges":1,"victory":false,"max_hp_per_floor":[75,75,75,75,75,75,75,75,75,75,75,75,75,75,75,75,75,85,85,85,85,85,87,87,87,87,87,87,87,87,87,87,90,90,93,93,93,93,96,96,96,96,96,99,102,102,102,102,102,105,105,105,105,105,108,108,108,121,121,121,124,124,124,124,124,124,127,127,130,130,133,133,133,133,133,133,133,133,133,133,133,133,133,133,133,136,136,136,136,139,139,139,142,142,142,142,142,142,142,142,145,150,150,150],"card_choices":[{"not_picked":["TheCursedMod:SaltUponWound","TheCursedMod:Evocation"],"picked":"TheCursedMod:CursedStaff","floor":1},{"not_picked":["TheCursedMod:PrepareRite","TheCursedMod:AshesToAshes"],"picked":"TheCursedMod:RavingStaff","floor":2},{"not_picked":["TheCursedMod:FleshFromBone","TheCursedMod:ManaBullet"],"picked":"TheCursedMod:Hemoplague","floor":3},{"not_picked":["TheCursedMod:CircleOfBlood","TheCursedMod:CircleOfFlame"],"picked":"TheCursedMod:CollectTribute","floor":4},{"not_picked":["TheCursedMod:CircleOfAmplification","TheCursedMod:SoulCrush"],"picked":"TheCursedMod:SpitefulStrike","floor":5},{"not_picked":["TheCursedMod:RavingStaff","TheCursedMod:Stretching"],"picked":"TheCursedMod:CursedShiv","floor":7},{"not_picked":["TheCursedMod:VitalStrike","TheCursedMod:SurpriseAttack"],"picked":"TheCursedMod:CursedBlade","floor":8},{"not_picked":["TheCursedMod:CursedBoomerang","TheCursedMod:Stretching"],"picked":"TheCursedMod:DemonSword","floor":10},{"not_picked":["TheCursedMod:CursedAmulet","TheCursedMod:CursedBoomerang"],"picked":"TheCursedMod:SmokeScreen","floor":13},{"not_picked":["TheCursedMod:Stretching","TheCursedMod:TacticalStrike"],"picked":"TheCursedMod:Obscuration","floor":14},{"not_picked":["TheCursedMod:CircleOfWindfury+1","TheCursedMod:CircleOfCorruption"],"picked":"TheCursedMod:CursedShiv","floor":18},{"not_picked":["TheCursedMod:CircleOfFlame","TheCursedMod:RavingStaff"],"picked":"TheCursedMod:AntiAging","floor":21},{"not_picked":["TheCursedMod:CircleOfFlame","TheCursedMod:CursedBoomerang"],"picked":"TheCursedMod:RapidMovement","floor":23},{"not_picked":["TheCursedMod:Neurasthenia","TheCursedMod:SurpriseAttack","TheCursedMod:Stigma"],"picked":"SKIP","floor":29},{"not_picked":["TheCursedMod:VitalStrike","TheCursedMod:FleshFromBone","TheCursedMod:Stretching"],"picked":"SKIP","floor":31},{"not_picked":["TheCursedMod:DemonicPact","TheCursedMod:ShockAndAwe"],"picked":"TheCursedMod:VoidForm","floor":33},{"not_picked":["TheCursedMod:Stigma+1","TheCursedMod:AshesToAshes","TheCursedMod:CircleOfAmplification"],"picked":"SKIP","floor":35},{"not_picked":["TheCursedMod:Stigma+1","TheCursedMod:ReleasedKnowledge"],"picked":"TheCursedMod:StingEye+1","floor":36},{"not_picked":["TheCursedMod:Wield","TheCursedMod:StingEye","TheCursedMod:CursedArmor"],"picked":"SKIP","floor":37},{"not_picked":["TheCursedMod:RavingStaff+1","TheCursedMod:Torture+1"],"picked":"TheCursedMod:SmokeScreen+1","floor":38},{"not_picked":["TheCursedMod:Mangle+1","TheCursedMod:RapidMovement"],"picked":"TheCursedMod:OutForBlood","floor":39},{"not_picked":["TheCursedMod:Stigma","TheCursedMod:ReleasedKnowledge","TheCursedMod:CursedBlade"],"picked":"SKIP","floor":44},{"not_picked":["TheCursedMod:CursedMace","TheCursedMod:VitalStrike"],"picked":"TheCursedMod:Mangle+1","floor":45},{"not_picked":["TheCursedMod:CircleOfCorruption+1","TheCursedMod:CircleOfFlame"],"picked":"TheCursedMod:CursedShiv+1","floor":48},{"not_picked":["TheCursedMod:SmokeScreen","TheCursedMod:CircleOfAmplification","TheCursedMod:HellfireBreathing"],"picked":"SKIP","floor":52},{"not_picked":["TheCursedMod:CursedAmulet","TheCursedMod:SoulCrush","TheCursedMod:ManaCirculation"],"picked":"SKIP","floor":53},{"not_picked":["TheCursedMod:Torture","TheCursedMod:HellsGateOpen","TheCursedMod:CircleOfFlame"],"picked":"SKIP","floor":55},{"not_picked":["TheCursedMod:SoulCrush","TheCursedMod:UltimatePain","TheCursedMod:CursedAmulet","Stack"],"picked":"SKIP","floor":58},{"not_picked":["TheCursedMod:OutForBlood","TheCursedMod:RavingStaff","Streamline"],"picked":"TheCursedMod:WearCloak","floor":61},{"not_picked":["TheCursedMod:CircleOfWindfury","TheCursedMod:SpitefulStrike","TheCursedMod:ManaBullet","Redo"],"picked":"SKIP","floor":62},{"not_picked":["TheCursedMod:ForbiddenAlchemy","TheCursedMod:CursedShiv","ReplayGash"],"picked":"TheCursedMod:FleshFromBone","floor":64},{"not_picked":["Regret","Pain","Shame"],"picked":"Decay","floor":68},{"not_picked":["Overencumbered","hubris:Wrath","ReplayTheSpireMod:Doomed"],"picked":"ReplayTheSpireMod:IOU","floor":68},{"not_picked":["Pain","hubris:Greed","Doubt"],"picked":"Writhe","floor":68},{"not_picked":["TheCursedMod:CursedArmor","TheCursedMod:Wield","Leap"],"picked":"TheCursedMod:WearCloak+1","floor":69},{"not_picked":["TheCursedMod:TroublousMinions","TheCursedMod:BlessingInDisguise","TheCursedMod:HellsGateOpen","Beam Cell"],"picked":"SKIP","floor":71},{"not_picked":["TheCursedMod:CursedBlade","TheCursedMod:ReleasedKnowledge","TheCursedMod:HellfireBreathing"],"picked":"Core Surge","floor":73},{"not_picked":["TheCursedMod:ManaCirculation","TheCursedMod:Torture","Sweeping Beam"],"picked":"TheCursedMod:Hemoplague+1","floor":76},{"not_picked":["TheCursedMod:CircleOfFlame+1","TheCursedMod:SmokeScreen","TheCursedMod:RapidMovement","Rebound"],"picked":"SKIP","floor":81},{"not_picked":["TheCursedMod:CursedAmulet","TheCursedMod:SoulCrush+1","TheCursedMod:CursedBlade+1","Blizzard"],"picked":"SKIP","floor":86},{"not_picked":["TheCursedMod:Obscuration+1","TheCursedMod:WearCloak+1","TheCursedMod:CircleOfCorruption","Panic Button"],"picked":"SKIP","floor":90},{"not_picked":["TheCursedMod:DoubleShield+1","TheCursedMod:HellsGateOpen+1","TheCursedMod:RavingStaff","Hologram"],"picked":"SKIP","floor":90},{"not_picked":["Blind","Magnetism"],"picked":"Finesse","floor":91},{"not_picked":["TheCursedMod:SmokeScreen+1","TheCursedMod:Wield","TheCursedMod:SpreadPlague+1","Undo"],"picked":"SKIP","floor":93},{"not_picked":["TheCursedMod:RapidMovement+1","TheCursedMod:CursedBoomerang","TheCursedMod:SpitefulPlan","Go for the Eyes"],"picked":"SKIP","floor":93},{"not_picked":["TheCursedMod:SpitefulStrike+1","TheCursedMod:Torture","Steam"],"picked":"TheCursedMod:Grudge+1","floor":95},{"not_picked":["TheCursedMod:Stigma+1","TheCursedMod:CircleOfAmplification","TheCursedMod:SpitefulPlan+1","Barrage"],"picked":"SKIP","floor":97},{"not_picked":["TheCursedMod:CursedAmulet","TheCursedMod:SpreadPlague+1","TheCursedMod:BloodBarrier","Stack"],"picked":"SKIP","floor":97}],"player_experience":396702,"relics_obtained":[{"floor":6,"key":"Snack Pack"},{"floor":7,"key":"Blue Candle"},{"floor":9,"key":"hubris:SphereOfDissonance"},{"floor":10,"key":"Lantern"},{"floor":23,"key":"Golden Egg"},{"floor":26,"key":"Replay:Baseball"},{"floor":28,"key":"FossilizedHelix"},{"floor":29,"key":"Replay:Rubber Ducky"},{"floor":43,"key":"Replay:Multitool"},{"floor":44,"key":"Thread and Needle"},{"floor":57,"key":"TheCursedMod:DemonicMark"},{"floor":59,"key":"TheCursedMod:Tack"},{"floor":60,"key":"Gremlin Horn"},{"floor":61,"key":"Girya"},{"floor":65,"key":"Odd Mushroom"},{"floor":70,"key":"Nilry\u0027s Codex"},{"floor":76,"key":"Dead Branch"},{"floor":77,"key":"infinitespire:CheckeredPen"},{"floor":78,"key":"Counterbalance"},{"floor":82,"key":"Red Mask"},{"floor":87,"key":"Prayer Wheel"},{"floor":94,"key":"Mummified Hand"},{"floor":95,"key":"Replay:Towering Pillar of Hats"}],"event_choices":[{"damage_healed":0,"gold_gain":0,"player_choice":"Obtained Relic","damage_taken":0,"relics_obtained":["Replay:Wax Seal"],"max_hp_gain":0,"max_hp_loss":0,"event_name":"Addict","floor":19,"gold_loss":85},{"damage_healed":0,"gold_gain":99,"player_choice":"Stole From Cult","damage_taken":0,"max_hp_gain":0,"max_hp_loss":0,"event_name":"Nest","floor":22,"gold_loss":0},{"damage_healed":0,"gold_gain":0,"player_choice":"Simplicity","damage_taken":0,"max_hp_gain":0,"max_hp_loss":0,"event_name":"Back to Basics","floor":24,"gold_loss":0,"cards_upgraded":["TheCursedMod:Strike_TheCursed","TheCursedMod:Strike_TheCursed","TheCursedMod:Strike_TheCursed","TheCursedMod:Strike_TheCursed","TheCursedMod:Defend_TheCursed","TheCursedMod:Defend_TheCursed","TheCursedMod:Defend_TheCursed"]},{"damage_healed":0,"gold_gain":0,"player_choice":"Fought Mushrooms","damage_taken":0,"max_hp_gain":0,"max_hp_loss":0,"event_name":"Mushrooms","floor":65,"gold_loss":0},{"damage_healed":0,"gold_gain":0,"player_choice":"Obtained Book","damage_taken":16,"max_hp_gain":0,"max_hp_loss":0,"event_name":"Cursed Tome","floor":70,"gold_loss":0},{"damage_healed":0,"gold_gain":0,"player_choice":"Fought Bandits","damage_taken":0,"max_hp_gain":0,"max_hp_loss":0,"event_name":"Masked Bandits","floor":82,"gold_loss":0},{"damage_healed":0,"gold_gain":0,"player_choice":"Fight","damage_taken":0,"max_hp_gain":0,"max_hp_loss":0,"event_name":"Mysterious Sphere","floor":87,"gold_loss":0},{"damage_healed":0,"gold_gain":0,"player_choice":"0 cards matched","damage_taken":0,"max_hp_gain":0,"max_hp_loss":0,"event_name":"Match and Keep!","floor":88,"gold_loss":0,"cards_obtained":[]},{"damage_healed":0,"gold_gain":0,"player_choice":"Memory 1","damage_taken":0,"max_hp_gain":0,"max_hp_loss":0,"event_name":"SensoryStone","floor":91,"gold_loss":0}],"is_beta":false,"boss_relics":[{"not_picked":["Replay:Grab Bag","Replay:Bronze Core"],"picked":"SacredBark"},{"not_picked":["hubris:Stopwatch","hubris:Backtick"],"picked":"hubris:ScarierMask"},{"not_picked":["Kintsugi","Abe\u0027s Treasure"],"picked":"SlaversCollar"},{"not_picked":["Busted Crown","Runic Dome"],"picked":"Replay:Ancient Bell"},{"not_picked":["Happy Flower","infinitespire:PuzzleCube"],"picked":"Bag of Marbles"},{"not_picked":["Toxic Egg 2","Meat on the Bone"],"picked":"hubris:CrystalStatue"},{"not_picked":["Torii","infinitespire:CursedDice"],"picked":"Turnip"},{"not_picked":["Painkiller Herb","Replay:Drink Me","Fusion Hammer"]},{"not_picked":["Abe\u0027s Treasure","Replay:Bronze Core"],"picked":"Tiny House"}],"items_purged_floors":[89],"is_endless":true,"potions_floor_spawned":[4,5,7,10,13,14,18,29,31,36,37,38,39,53,58,61,76,81,84,86,90,95],"killed_by":"Jaw Worm","ascension_level":0}}