{"host":"bf5upntvbdompq33","time":1614289600,"event":{"mods":["BaseMod","Bestiary","Colored Map","Colored Powertips","Curses Come First","Highlight Path","Minty Spire (QoL Compilation)","StSLib","ojb\u0027s Info Mod"],"gold_per_floor":[109,109,127,127,138,138,170,5,5,20,20,55,65,83,83,83,83],"floor_reached":16,"language":"ENG","playtime":743,"items_purged":["Strike_B"],"score":179,"play_id":"2bd7bd2a-ec69-4b71-83b9-d2a5be7a703d","local_time":"20210225144640","is_ascension_mode":true,"campfire_choices":[{"data":"Beam Cell","floor":6,"key":"SMITH"},{"floor":11,"key":"REST"},{"floor":15,"key":"REST"}],"circlet_count":0,"master_deck":["AscendersBane","Strike_B","Strike_B","Defend_B","Defend_B","Defend_B","Zap","Dualcast","Beam Cell+1","Turbo","Rebound","Melter","Hologram","Bandage Up","Steam Power","Go for the Eyes","Sweeping Beam","Gash"],"relics":["Cracked Core","Frozen Egg 2","Happy Flower","Eternal Feather","Ancient Tea Set"],"acts_visited":["Exordium"],"potions_floor_usage":[3,7],"damage_taken":[{"damage":2,"enemies":"2 Louse","floor":1,"turns":3},{"damage":9,"enemies":"Jaw Worm","floor":3,"turns":4},{"damage":0,"enemies":"Small Slimes","floor":5,"turns":2},{"damage":30,"enemies":"Lagavulin","floor":7,"turns":5},{"damage":6,"enemies":"Looter","floor":10,"turns":2},{"damage":35,"enemies":"Gremlin Nob","floor":12,"turns":4},{"damage":8,"enemies":"Blue Slaver","floor":13,"turns":2},{"damage":16,"enemies":"3 Louse","floor":14,"turns":2},{"damage":45,"enemies":"The Guardian","floor":16,"turns":6}],"seed_played":"-5600488685592699435","potions_obtained":[{"floor":1,"key":"LiquidBronze"},{"floor":3,"key":"Fruit Juice"},{"floor":5,"key":"PotionOfCapacity"},{"floor":12,"key":"LiquidBronze"}],"is_trial":false,"path_per_floor":["M","?","M","?","M","R","E","$","T","M","R","E","M","M","R","B"],"character_chosen":"DEFECT","items_purchased":["Bandage Up"],"campfire_rested":2,"item_purchase_floors":[8],"current_hp_per_floor":[66,66,62,62,62,62,32,32,32,30,60,29,21,9,39,0,0],"gold":83,"neow_bonus":"TRANSFORM_TWO_CARDS","is_daily":false,"chose_seed":false,"campfire_upgraded":1,"win_rate":0.0,"timestamp":1614289600,"path_taken":["M","?","M","?","M","R","E","$","T","M","R","E","M","M","R","BOSS"],"items_purchased_type":["Card"],"build_version":"2020-12-22","purchased_purges":1,"victory":false,"max_hp_per_floor":[68,68,73,73,73,73,73,73,73,73,73,73,73,73,73,73,73],"card_choices":[{"not_picked":["Storm","Scrape"],"picked":"Rebound","floor":1},{"not_picked":["Conserve Battery","Redo"],"picked":"Melter","floor":3},{"not_picked":["Barrage","Redo"],"picked":"Hologram","floor":5},{"not_picked":["Compile Driver","Blizzard","Stack"],"picked":"SKIP","floor":7},{"not_picked":["Amplify","Fusion"],"picked":"Steam Power","floor":10},{"not_picked":["Ball Lightning","Conserve Battery"],"picked":"Go for the Eyes","floor":12},{"not_picked":["Doom and Gloom","Coolheaded"],"picked":"Sweeping Beam","floor":13},{"not_picked":["BootSequence","Compile Driver"],"picked":"Gash","floor":14}],"player_experience":1741431,"relics_obtained":[{"floor":7,"key":"Happy Flower"},{"floor":9,"key":"Eternal Feather"},{"floor":12,"key":"Ancient Tea Set"}],"event_choices":[{"damage_healed":0,"gold_gain":0,"player_choice":"Box","damage_taken":0,"relics_obtained":["Frozen Egg 2"],"max_hp_gain":0,"max_hp_loss":0,"event_name":"Big Fish","floor":2,"gold_loss":0,"cards_obtained":["Regret"]},{"cards_removed":["Regret"],"damage_healed":0,"gold_gain":0,"player_choice":"Forget","damage_taken":0,"max_hp_gain":0,"max_hp_loss":0,"event_name":"Living Wall","floor":4,"gold_loss":0}],"is_beta":false,"boss_relics":[],"items_purged_floors":[8],"is_endless":false,"potions_floor_spawned":[1,3,5,12],"killed_by":"The Guardian","ascension_level":12}}