{"host":"gm50ke85n5jz306u","time":1614257808,"event":{"mods":["AchievementEnabler","AlwaysNeverKeys","Aspiration","BaseMod","Beaked The Cultist","Bestiary","Better Altar","Better Match","Better Note","Better Sensory Stone","Better Skull","Better Third Choice","Better Vampires","Better-Laid Plans","BetterRewards","Colored Powertips","Curses Come First","DNKmod","Defuse TimeMaze Blight","Disable Question Mark Monsters","Displayed Cursed Tome","Downfall","Emptier Cage","Extra Virgin Snecko Oil","Filter the Spire","Friendly Minions","Gremlin Skip","Hermit","Hubris","Hyrulean Relics","Ironclad Rager","Koishi","Lobotomy","Marisa????????","Marked Mod","Minty Spire (QoL Compilation)","Permanent Neow","Poor People Problems","Quick Restart","Reimu??????","Relic Filter Mod","Relic Sorter","Remove Card Discount Mod","Reorder Act Four","Replay The Spire","Shop Mod","StSLib","Synergy Search","Td1madao Mod","The Administrix","The Animator","The Blue Laboratory","The Bug Knight","The Construct","The Cursed","The Disciple","The Hierophant","The Necromancer","The Runesmith","The Senshi","The Servant 0.9.4","Thieving Mod","Transform Curses","WarShipGirlsR/????R mod"],"gold_per_floor":[10017,9548,9568,8946,8961,8961,8977,8989,8989,8989,9020,9020,8243,8254,8254,8331,8331,8345,8345,8362,7547,7564,7589,7609,6913,6939,6939,6939,7038,7038,7057,7057,7131,7131,7147,6937,6937,6986,6627,6627,6645,6671,6671,6282,6301,6301,6301,6315,6315,6315],"floor_reached":51,"language":"ENG","playtime":2148,"items_purged":["Bash","Strike_R","Strike_R","Strike_R","Strike_R","Strike_R","Twin Strike","Cleave","Twin Strike","Twin Strike+1","Replay:Undeath\u0027s Touch","Defend_R","Flex","Defend_R","Defend_R"],"score":1231,"play_id":"b53aad72-39b7-4a30-80ff-be175794166b","local_time":"20210225135648","is_ascension_mode":true,"campfire_choices":[{"data":"Body Slam","floor":6.0,"key":"SMITH"},{"data":"Body Slam","floor":10.0,"key":"SMITH"},{"data":"Berserk","floor":12.0,"key":"SMITH"},{"data":"Metallicize","floor":15.0,"key":"SMITH"},{"data":"Demon Form","floor":28.0,"key":"SMITH"},{"data":"Sword Boomerang","floor":32.0,"key":"SMITH"},{"data":"Sword Boomerang","floor":40.0,"key":"SMITH"},{"data":"Sword Boomerang","floor":47.0,"key":"SMITH"}],"circlet_count":0,"master_deck":["AscendersBane","Berserk+1","Body Slam+1","Master of Strategy+1","Body Slam+1","Sword Boomerang+1","Cleave+1","Metallicize+1","Sword Boomerang+1","Demon Form+1","Shrug It Off+1","Cleave+1","Shrug It Off+1","Sword Boomerang+1","Shrug It Off+1","Dramatic Entrance"],"relics":["Burning Blood","Kunai","Letter Opener","aspiration:MobileForge","ReplayTheSpireMod:Spearhead","King of Hearts","hubris:Potato","HandDrill","PureWhite:ReiMu","hubris:ChampionShield","Boot","Anchor","MerchantsRug","Garlic","Philosopher\u0027s Stone","Frozen Eye","Toy Ornithopter","aspiration:FetidBarrel","Prayer Wheel","Guide Book","Medical Kit","Shovel","Bottled Tornado","CatCart","Membership Card","Singing Bowl","Blood Vial","Replay:Bottled Eggs","Thread and Needle","TentaclePot:ReiMu"],"acts_visited":["Exordium","TheCity","TheBeyond"],"potions_floor_usage":[50,50],"damage_taken":[{"damage":14.0,"enemies":"Jaw Worm","floor":1.0,"turns":6.0},{"damage":0.0,"enemies":"2 Louse","floor":3.0,"turns":2.0},{"damage":0.0,"enemies":"Small Slimes","floor":5.0,"turns":2.0},{"damage":0.0,"enemies":"3 Louse","floor":7.0,"turns":2.0},{"damage":0.0,"enemies":"2 Fungi Beasts","floor":8.0,"turns":2.0},{"damage":0.0,"enemies":"Lagavulin","floor":11.0,"turns":4.0},{"damage":1.0,"enemies":"Large Slime","floor":14.0,"turns":3.0},{"damage":25.0,"enemies":"Hexaghost","floor":16.0,"turns":5.0},{"damage":15.0,"enemies":"Shell Parasite","floor":18.0,"turns":3.0},{"damage":10.0,"enemies":"Shelled Parasite and Fungi","floor":20.0,"turns":3.0},{"damage":6.0,"enemies":"Snake Plant","floor":22.0,"turns":3.0},{"damage":27.0,"enemies":"Gremlin Leader","floor":23.0,"turns":4.0},{"damage":14.0,"enemies":"Snecko","floor":24.0,"turns":4.0},{"damage":7.0,"enemies":"Colosseum Slavers","floor":27.0,"turns":2.0},{"damage":2.0,"enemies":"Shelled Parasite and Fungi","floor":31.0,"turns":3.0},{"damage":4.0,"enemies":"Champ","floor":33.0,"turns":6.0},{"damage":0.0,"enemies":"3 Darklings","floor":35.0,"turns":3.0},{"damage":3.0,"enemies":"Orin","floor":38.0,"turns":7.0},{"damage":0.0,"enemies":"3 Shapes","floor":41.0,"turns":3.0},{"damage":7.0,"enemies":"Reptomancer","floor":42.0,"turns":4.0},{"damage":0.0,"enemies":"Sphere and 2 Shapes","floor":45.0,"turns":3.0},{"damage":0.0,"enemies":"Jaw Worm Horde","floor":48.0,"turns":1.0},{"damage":35,"enemies":"Time Eater","floor":50,"turns":7}],"seed_played":"1388560701895514301","potions_obtained":[{"floor":7.0,"key":"Block Potion"},{"floor":16.0,"key":"Adrenaline Potion"},{"floor":20.0,"key":"Weak Potion"},{"floor":38.0,"key":"blueLaboratory:FruitPunch"},{"floor":45.0,"key":"blueLaboratory:FruitPunch"}],"is_trial":false,"path_per_floor":["M","$","M","$","M","R","M","M","T","R","E","R","$","M","R","B",null,"M","?","M","$","M","E","M","$","T","?","R","?","?","M","R","B",null,"M","$","?","?","$","R","M","E","T","$","M","?","R","M","R","B",null],"character_chosen":"IRONCLAD","items_purchased":["Frozen Eye","Twin Strike","SpeedPotion","GrandPatriotsElixir:ReiMu","MerchantsRug","Anchor","Brimstone","Toy Ornithopter","Master of Strategy","Cleave","aspiration:FetidBarrel","Prayer Wheel","Guide Book","Medical Kit","Kunai","Letter Opener","Cleave+1","Shrug It Off","Flex","Dexterity Potion","Bottled Tornado","HandDrill","hubris:Potato","King of Hearts","Dramatic Entrance","Membership Card","Singing Bowl","Boot","Fire Potion","Thread and Needle","TentaclePot:ReiMu","PureWhite:ReiMu"],"campfire_rested":0,"item_purchase_floors":[2,2,2,2,2,4,4,4,4,13,13,13,13,21,21,21,21,21,21,21,25,25,25,36,36,39,39,39,39,44,44,44],"current_hp_per_floor":[64,64,70,70,76,76,80,80,80,80,80,80,80,80,80,66,77,68,68,64,64,64,43,35,35,35,34,34,34,34,38,38,45,71,77,77,77,80,80,80,84,85,85,85,90,90,90,94,94,69],"gold":6315,"neow_bonus":"ONE_RANDOM_RARE_CARD","is_daily":false,"chose_seed":false,"campfire_upgraded":8,"win_rate":0.0,"timestamp":1614257808,"path_taken":["M","$","M","$","M","R","M","M","T","R","E","R","$","M","R","BOSS","M","?","M","$","M","E","M","$","T","?","R","?","?","M","R","BOSS","M","$","?","?","$","R","M","E","T","$","M","?","R","M","R","BOSS"],"items_purchased_type":["Relic","Card","Potion","Potion","Relic","Relic","Relic","Relic","Card","Card","Relic","Relic","Relic","Relic","Relic","Relic","Card","Card","Card","Potion","Relic","Relic","Relic","Relic","Card","Relic","Relic","Relic","Potion","Relic","Relic","Relic"],"build_version":"2020-12-22","purchased_purges":15,"victory":true,"max_hp_per_floor":[80,80,80,80,80,80,80,80,80,80,80,80,80,80,80,80,80,80,80,80,80,80,80,80,80,80,80,80,80,80,80,80,80,80,80,80,80,80,80,80,84,86,86,86,90,90,90,94,94,98],"card_choices":[{"not_picked":["Warcry","hubris:SharpeningStone"],"picked":"Body Slam","floor":1.0},{"not_picked":["Warcry","Wild Strike"],"picked":"Twin Strike","floor":3.0},{"not_picked":["Warcry","Flame Barrier"],"picked":"Body Slam","floor":5.0},{"not_picked":["Dual Wield","Clothesline"],"picked":"Sword Boomerang","floor":7.0},{"not_picked":["Replay:Undeath\u0027s Touch","ReplayTheSpireMod:Strike From Hell"],"picked":"Cleave","floor":8.0},{"not_picked":["hubris:CleavingFinish","ReplayReversal"],"picked":"Replay:Undeath\u0027s Touch","floor":11.0},{"not_picked":["Cleave","Pommel Strike"],"picked":"Metallicize","floor":14.0},{"not_picked":["True Grit","Feed"],"picked":"Sword Boomerang","floor":14.0},{"not_picked":["Hemogenesis","Replay:Many Hands"],"picked":"Demon Form","floor":16.0},{"not_picked":["Iron Wave","Power Through","Feel No Pain"],"picked":"SKIP","floor":18.0},{"not_picked":["Hemokinesis","ReplayTheSpireMod:Stacked","Armaments"],"picked":"SKIP","floor":18.0},{"not_picked":["Wild Strike","Flex"],"picked":"Shrug It Off","floor":20.0},{"not_picked":["ReplayTheSpireMod:Limb From Limb+1","Havoc","ReplayTheSpireMod:Strike From Hell+1"],"picked":"SKIP","floor":20.0},{"not_picked":["Rampage+1","Fire Breathing"],"picked":"Sword Boomerang","floor":22.0},{"not_picked":["Abandon+1","Flex","Sever Soul"],"picked":"SKIP","floor":22.0},{"not_picked":["Feel No Pain","Evolve","Run Through"],"picked":"SKIP","floor":23.0},{"not_picked":["Replay:Undeath\u0027s Touch","Pommel Strike"],"picked":"Shrug It Off","floor":24.0},{"not_picked":["Immolate","Flex","Warcry"],"picked":"SKIP","floor":24.0},{"not_picked":["ReplayTheSpireMod:Corrosion Curse","Searing Blow","Heavy Blade"],"picked":"SKIP","floor":31.0},{"not_picked":["Evolve","Anger","Flex"],"picked":"SKIP","floor":31.0},{"not_picked":["Clothesline","Havoc","Anger"],"picked":"SKIP","floor":35.0},{"not_picked":["Spot Weakness","Iron Wave","True Grit+1"],"picked":"SKIP","floor":35.0},{"not_picked":["Heavy Blade","Armaments","Combust"],"picked":"Singing Bowl","floor":41.0},{"not_picked":["Sword Boomerang","Iron Wave","Thunderclap+1"],"picked":"Singing Bowl","floor":41.0},{"not_picked":["Anger","Brutality","Eclipse"],"picked":"Singing Bowl","floor":42.0},{"not_picked":["ReplayTheSpireMod:Strike From Hell","Cleave","Run Through"],"picked":"Singing Bowl","floor":45.0},{"not_picked":["Thunderclap","Perfected Strike","Abandon"],"picked":"Singing Bowl","floor":45.0},{"not_picked":["Havoc+1","Uppercut","True Grit"],"picked":"Singing Bowl","floor":48.0},{"not_picked":["hubris:CleavingFinish+1","Feel No Pain+1","Carnage"],"picked":"Singing Bowl","floor":48.0}],"player_experience":477339,"relics_obtained":[{"floor":9.0,"key":"Garlic"},{"floor":11.0,"key":"ReplayTheSpireMod:Spearhead"},{"floor":23.0,"key":"Shovel"},{"floor":26.0,"key":"hubris:ChampionShield"},{"floor":38.0,"key":"CatCart"},{"floor":42.0,"key":"Blood Vial"},{"floor":43.0,"key":"Replay:Bottled Eggs"}],"event_choices":[{"damage_healed":0.0,"max_hp_gain":0.0,"max_hp_loss":0.0,"gold_gain":0.0,"event_name":"betterNote:BetterNote","player_choice":"Ignored","floor":19.0,"gold_loss":0.0,"damage_taken":0.0,"cards_obtained":["Apotheosis"]},{"damage_healed":0.0,"max_hp_gain":0.0,"max_hp_loss":0.0,"gold_gain":0.0,"event_name":"Colosseum","player_choice":"Fight","floor":27.0,"gold_loss":0.0,"damage_taken":0.0},{"damage_healed":0.0,"max_hp_gain":0.0,"max_hp_loss":0.0,"gold_gain":0.0,"event_name":"Colosseum","player_choice":"Fled From Nobs","floor":27.0,"gold_loss":0.0,"damage_taken":0.0},{"damage_healed":0.0,"max_hp_gain":0.0,"max_hp_loss":0.0,"gold_gain":99.0,"event_name":"betterThird:BetterNest","player_choice":"Steal","floor":29.0,"gold_loss":0.0,"damage_taken":0.0},{"damage_healed":0.0,"max_hp_gain":0.0,"max_hp_loss":0.0,"gold_gain":0.0,"event_name":"Ghosts","player_choice":"Ignored","floor":30.0,"gold_loss":0.0,"damage_taken":0.0},{"cards_removed":["Defend_R"],"damage_healed":0.0,"max_hp_gain":0.0,"max_hp_loss":0.0,"gold_gain":0.0,"event_name":"Falling","player_choice":"Removed Skill","floor":37.0,"gold_loss":0.0,"damage_taken":0.0},{"damage_healed":0.0,"max_hp_gain":0.0,"max_hp_loss":0.0,"gold_gain":0.0,"event_name":"OrinTheCat","player_choice":"Fight","floor":38.0,"gold_loss":0.0,"damage_taken":0.0},{"damage_healed":0.0,"max_hp_gain":0.0,"max_hp_loss":0.0,"gold_gain":0.0,"event_name":"Tomb of Lord Red Mask","player_choice":"Ignored","floor":46.0,"gold_loss":0.0,"damage_taken":0.0}],"is_beta":false,"boss_relics":[{"not_picked":["Velvet Choker","ChewingGum"],"picked":"Philosopher\u0027s Stone"},{"not_picked":["Electric Blood","aspiration:RunesmithSkillbook"],"picked":"aspiration:MobileForge"}],"items_purged_floors":[2,2,2,4,4,4,13,21,25,25,36,36,39,44,44],"is_endless":false,"potions_floor_spawned":[7,8,16,20,27,33,35,38,45],"ascension_level":13}}