{"host":"mp4nw1ahnxiisuiw","time":1614289596,"event":{"mods":["AchievementEnabler","BaseMod","Better Note","Block Reminder","Colored Map","Colored Powertips","Curses Come First","DeckTracker","Dio Mod","Downfall","Hero for Fun","Highlight Path","HololiveMod","Koishi","Marisa????????","Minty Spire (QoL Compilation)","Permanent Neow","Quick Restart","Rare Cards Sparkle","Relic Sorter","Relic Stats","Remilia??????","Replay The Spire","Small Relic Pack","Spikes Relics","StSLib","Td1madao Mod","The Animator","The Bug Knight","The Senshi","Waifu the Spire","Wandering Minibosses"],"gold_per_floor":[86,101,101,101,101,128,145,145,145,174,174,174,174,174,174,349,349,446,446,475,494,494,520,533,565,565,565,613,613,613,638,650,650,650,796,796,772,17,30,30,51,51,51,120,120,165,191,253,253,274,274,424,424,477],"floor_reached":55,"language":"ENG","playtime":2658,"items_purged":["Hololive_LuckPotion"],"score":1339,"play_id":"fdf59383-10e1-4323-ba23-c4caf9d59749","local_time":"20210225224636","is_ascension_mode":true,"campfire_choices":[{"data":"Hololive_IdolExercise","floor":8.0,"key":"SMITH"},{"data":"Hololive_CandyCastle","floor":14.0,"key":"SMITH"},{"data":"Doubt","floor":17.0,"key":"PURGE"},{"data":"Hololive_StrengthChampion+1","floor":26.0,"key":"SMITH"},{"data":"Hololive_CallKiryuuCoco","floor":29.0,"key":"SMITH"},{"data":"Hololive_StrengthChampion+2","floor":34,"key":"SMITH"},{"data":"Hololive_StrengthChampion+3","floor":45,"key":"SMITH"},{"floor":49,"key":"RECALL"},{"data":"Hololive_CallYozoraMel","floor":51,"key":"SMITH"}],"circlet_count":0,"master_deck":["Hololive_Strike","Hololive_Strike","Hololive_Defend","Hololive_Defend+1","Hololive_CandyCastle+1","Hololive_CallYuzukiChoco+1","Hololive_CallYuzukiChoco","Hololive_CallArtia","Hololive_CallShirakamiFubuki","Hololive_CallYogiri+1","Hololive_Psychosis","Hololive_CallKiryuuCoco+1","Hololive_IdolExercise+1","Hololive_BringToTrial+1","Hololive_Thief","Hololive_DiamondStrike+1","Hololive_StrengthChampion","Hololive_CallUsadaPekora","Hololive_StrengthChampion+4","Hololive_Rebound+1","Hololive_ILoveYou+1","Hololive_CallTokoyamiTowa","Hololive_CallInugamiKorone","Hololive_DurableLive","Hololive_LuckPotion+1","Hololive_CallSakuraMiko+1","Hololive_CocoNews","Hololive_OvertimeWork","Hololive_LuckPotion","Hololive_WolfAndLamb","Mind Blast","ReplayTheSpireMod:Necrogeddon","Hololive_CallNekomataOkayu","Hololive_AWSL","Hololive_CocoNews+1","Hololive_CallTokoyamiTowa+1","Hololive_CallYozoraMel+1","Replay:Hysterical Blindness"],"relics":["NeowsBlessing","Pondfish Scales","WizardHat","ReplayTheSpireMod:Lightbulb","Blue Doll","Hololive_Finger","War Paint","relicPack:OneForAll","Strawberry","Sozu","BargainBundle","Orichalcum","Lizard Tail","Blue Candle","Replay:Ringing Soul","Happy Flower","ReplayTheSpireMod:CursedCoin"],"acts_visited":["Exordium","TheCity","TheBeyond"],"potions_floor_usage":[31,50,50,50],"damage_taken":[{"damage":0.0,"enemies":"Cultist","floor":1.0,"turns":1.0},{"damage":0.0,"enemies":"2 Louse","floor":2.0,"turns":2.0},{"damage":0.0,"enemies":"Gremlin Nob","floor":6.0,"turns":1.0},{"damage":1.0,"enemies":"Small Slimes","floor":7.0,"turns":3.0},{"damage":0.0,"enemies":"3 Sentries","floor":10.0,"turns":5.0},{"damage":0.0,"enemies":"Fading Forest","floor":18.0,"turns":11.0},{"damage":0.0,"enemies":"2 Thieves","floor":20.0,"turns":3.0},{"damage":0.0,"enemies":"Spheric Guardian","floor":21.0,"turns":3.0},{"damage":0.0,"enemies":"Centurion and Healer","floor":23.0,"turns":5.0},{"damage":15.0,"enemies":"Snake Plant","floor":24.0,"turns":3.0},{"damage":2.0,"enemies":"Replay:Snechameleon","floor":25.0,"turns":6.0},{"damage":0,"enemies":"Cultist and Chosen","floor":31,"turns":4},{"damage":0,"enemies":"Snecko","floor":32,"turns":3},{"damage":0,"enemies":"Collector","floor":35,"turns":10},{"damage":0,"enemies":"3 Darklings","floor":37,"turns":10},{"damage":0,"enemies":"Orb Walker","floor":39,"turns":3},{"damage":16,"enemies":"Jaw Worm Horde","floor":41,"turns":5},{"damage":0,"enemies":"Giant Head","floor":44,"turns":8},{"damage":0,"enemies":"Nemesis","floor":46,"turns":5},{"damage":0,"enemies":"Reptomancer","floor":48,"turns":7},{"damage":15,"enemies":"3 Darklings","floor":50,"turns":5},{"damage":0,"enemies":"Time Eater","floor":54,"turns":12}],"seed_played":"4249032819005636214","potions_obtained":[{"floor":1.0,"key":"sneckomod:MuddlingPotion"},{"floor":10.0,"key":"CultistPotion"},{"floor":20.0,"key":"EntropicBrew"},{"floor":32,"key":"LifebloodPotion"}],"is_trial":false,"path_per_floor":["M","M","?","?","$","E","M","R","T","E","PTL","PTL","$","R","T","?","R_BF","B",null,"M","M","?","M","M","E","R","?","T","R","?","M","M","?","R","B",null,"M","$","M","?","M","PTL","PTL","E","R","E","T","E","R","M","R","$","R_BF","B",null],"character_chosen":"Hololive_HololiveCharacter","items_purchased":["BargainBundle","Hololive_CallSakuraMiko+1","Hololive_CocoNews","Hololive_OvertimeWork","Hololive_LuckPotion","Hololive_WolfAndLamb","Mind Blast","Orichalcum","Lizard Tail","ReplayTheSpireMod:Necrogeddon","ReplayTheSpireMod:CursedCoin"],"campfire_rested":0,"item_purchase_floors":[38,38,38,38,38,38,38,38,38,38,52],"current_hp_per_floor":[35,35,35,35,35,35,34,34,34,34,34,34,34,34,34,34,34,35,35,35,35,35,35,20,18,18,18,25,25,25,25,25,25,25,25,42,42,42,42,42,26,26,26,27,27,31,31,35,35,24,24,27,44,45],"gold":477,"neow_bonus":"THREE_ENEMY_KILL","is_daily":false,"chose_seed":false,"campfire_upgraded":7,"win_rate":0.0,"timestamp":1614289596,"path_taken":["M","?","?","?","?","E","M","R","T","E","PTL","PTL","$","R","?","?","R_BF","BOSS","M","M","?","M","M","E","R","?","T","R","?","M","M","?","R","BOSS","M","?","M","?","?","PTL","PTL","E","R","E","T","E","R","M","R","?","R_BF","BOSS"],"items_purchased_type":["Relic","Card","Card","Card","Card","Card","Card","Relic","Relic","Card","Relic"],"build_version":"2020-12-22","purchased_purges":1,"victory":true,"max_hp_per_floor":[35,35,35,35,35,35,35,35,35,35,35,35,35,35,35,35,35,35,35,35,35,35,35,35,35,35,35,42,42,42,42,42,42,42,42,42,42,42,42,42,42,42,42,43,43,47,47,51,51,55,55,58,58,59],"relic_stats":{"Sozu":6,"Lizard Tail":0,"Happy Flower":[5],"counters":[22,115],"Blue Candle":[0],"War Paint":["Hololive_Defend","Hololive_BringToTrial"],"Orichalcum":[30],"obtain_stats":[{"WizardHat":9,"BargainBundle":38,"NeowsBlessing":0,"Happy Flower":48,"ReplayTheSpireMod:CursedCoin":52,"Blue Candle":44,"Blue Doll":15,"War Paint":25,"Orichalcum":38,"relicPack:OneForAll":27,"Sozu":36,"Replay:Ringing Soul":46,"Pondfish Scales":6,"Lizard Tail":38,"Strawberry":28,"Hololive_TheStar":0,"Hololive_Finger":19,"ReplayTheSpireMod:Lightbulb":10},{"WizardHat":4,"BargainBundle":15,"NeowsBlessing":0,"Happy Flower":20,"ReplayTheSpireMod:CursedCoin":21,"Blue Candle":18,"Blue Doll":5,"War Paint":11,"Orichalcum":15,"relicPack:OneForAll":11,"Sozu":14,"Replay:Ringing Soul":19,"Pondfish Scales":3,"Lizard Tail":15,"Strawberry":11,"Hololive_TheStar":0,"Hololive_Finger":6,"ReplayTheSpireMod:Lightbulb":5},{"WizardHat":7,"BargainBundle":70,"NeowsBlessing":0,"Happy Flower":98,"ReplayTheSpireMod:CursedCoin":103,"Blue Candle":86,"Blue Doll":12,"War Paint":43,"Orichalcum":70,"relicPack:OneForAll":43,"Sozu":60,"Replay:Ringing Soul":91,"Pondfish Scales":4,"Lizard Tail":70,"Strawberry":43,"Hololive_TheStar":0,"Hololive_Finger":23,"ReplayTheSpireMod:Lightbulb":12}]},"card_choices":[{"not_picked":["Hololive_CallAiraniIofifteen","Hololive_FlyingPonyTail","Hololive_Trident"],"picked":"Hololive_Psychosis","floor":1.0},{"not_picked":["Hololive_Drill","Hololive_LuckPotion","Hololive_Psychosis"],"picked":"Hololive_CallKiryuuCoco","floor":2.0},{"not_picked":["Hololive_Rebound","Hololive_CocoNews","Hololive_CallAZKi"],"picked":"Hololive_IdolExercise","floor":6.0},{"not_picked":["Hololive_Rebound","Hololive_Drill","Hololive_Breathe"],"picked":"Hololive_BringToTrial","floor":7.0},{"not_picked":["Hololive_CallArtia","Hololive_CallShirakamiFubuki","Hololive_CallHoushouMarine"],"picked":"Hololive_Thief","floor":10.0},{"not_picked":["Hololive_Recruit","Hololive_OpenUp","Hololive_ASMR"],"picked":"Hololive_DiamondStrike","floor":18.0},{"not_picked":["Hololive_FlyingPonyTail","Hololive_CocoNews","Hololive_OvertimeWork"],"picked":"Hololive_StrengthChampion","floor":20.0},{"not_picked":["Hololive_Breathe","Hololive_Drill","Hololive_HuntDinosaur+1"],"picked":"Hololive_CallUsadaPekora","floor":21.0},{"not_picked":["Hololive_Watashimo","Hololive_RevenueBasedLive","Hololive_Trident"],"picked":"Hololive_StrengthChampion+1","floor":23.0},{"not_picked":["Hololive_Drill","Hololive_Trident+1","Hololive_CallRoboco"],"picked":"Hololive_Rebound+1","floor":24.0},{"not_picked":["Hololive_CallFriendA","Hololive_Teleport","Hololive_ManjiGathering"],"picked":"Hololive_ILoveYou+1","floor":25.0},{"not_picked":["Hololive_CallYuzukiChoco","Hololive_CallRoboco","Hololive_CallDoris"],"picked":"Hololive_CallTokoyamiTowa","floor":31},{"not_picked":["Hololive_CallTsunomakiWatame","Hololive_Breathe","Hololive_CallAkaiHaato"],"picked":"Hololive_CallInugamiKorone","floor":32},{"not_picked":["Hololive_Thief","Hololive_Recruit","Hololive_MaximGun"],"picked":"Hololive_DurableLive","floor":35},{"not_picked":["Hololive_StrengthChampion+1","Hololive_HuntDinosaur"],"picked":"Hololive_LuckPotion+1","floor":37},{"not_picked":["Hololive_Breathe","Hololive_CallUsadaPekora+1"],"picked":"Hololive_CallNekomataOkayu","floor":39},{"not_picked":["Hololive_CallFriendA","Hololive_RevenueBasedLive"],"picked":"Hololive_AWSL","floor":41},{"not_picked":["Hololive_StrengthChampion+1","Hololive_LuckPotion+1","Hololive_CallYuzukiChoco"],"picked":"SKIP","floor":44},{"not_picked":["Hololive_Rebound+1","Hololive_DiamondStrike"],"picked":"Hololive_CocoNews+1","floor":46},{"not_picked":["Hololive_Nanodesu","Hololive_Sequa"],"picked":"Hololive_CallTokoyamiTowa+1","floor":48},{"not_picked":["Hololive_Psychosis+1","Hololive_FlyingPonyTail+1"],"picked":"Hololive_CallYozoraMel","floor":50}],"player_experience":143482,"relics_obtained":[{"floor":6.0,"key":"Pondfish Scales"},{"floor":9.0,"key":"WizardHat"},{"floor":10.0,"key":"ReplayTheSpireMod:Lightbulb"},{"floor":15.0,"key":"Blue Doll"},{"floor":25.0,"key":"War Paint"},{"floor":28.0,"key":"Strawberry"},{"floor":44,"key":"Blue Candle"},{"floor":46,"key":"Replay:Ringing Soul"},{"floor":48,"key":"Happy Flower"}],"event_choices":[{"damage_healed":0.0,"max_hp_gain":0.0,"max_hp_loss":0.0,"gold_gain":175.0,"event_name":"Liars Game","player_choice":"AGREE","floor":16.0,"gold_loss":0.0,"damage_taken":0.0,"cards_obtained":["Doubt"]},{"damage_healed":0.0,"max_hp_gain":0.0,"max_hp_loss":0.0,"gold_gain":0.0,"event_name":"Beggar","player_choice":"Ignored","floor":30.0,"gold_loss":0.0,"damage_taken":0.0},{"damage_healed":0,"gold_gain":0,"player_choice":"0 cards matched","damage_taken":0,"max_hp_gain":0,"max_hp_loss":0,"event_name":"Match and Keep!","floor":33,"gold_loss":0,"cards_obtained":[]},{"damage_healed":0,"gold_gain":0,"player_choice":"Upgraded","damage_taken":0,"max_hp_gain":0,"max_hp_loss":0,"event_name":"Upgrade Shrine","floor":40,"gold_loss":0,"cards_upgraded":["Hololive_DiamondStrike"]}],"is_beta":false,"boss_relics":[{"not_picked":["Replay:Bronze Core","Busted Crown"],"picked":"Hololive_Finger"},{"not_picked":["SlaversCollar","ReplayTheSpireMod:DimensionalGlitch"],"picked":"Sozu"}],"items_purged_floors":[38],"is_endless":false,"potions_floor_spawned":[1,10,20,21,23,32,39,41,44],"ascension_level":3}}