{"host":"hxbbrccw7ig68b38","time":1614239924,"event":{"mods":["BaseMod","Hermit","Minty Spire (QoL Compilation)","Replay The Spire","StSLib","The Cursed"],"gold_per_floor":[111,111,111,63,78,78,24,24,48,61,80,80,80,114,114,217,217,228,228,240,240,255,47,73,123,200,218,218,218,234,247,247,351,401,416,427,39,51,0,0,11,31,31,31,42,42,42,62,62,62,62],"floor_reached":50,"language":"KOR","playtime":2239,"items_purged":["Writhe"],"score":514,"play_id":"67e68cc0-be67-4211-9b05-9163db35e328","local_time":"20210225165844","is_ascension_mode":false,"campfire_choices":[{"data":"Quick Slash","floor":6,"key":"SMITH"},{"data":"Cloak And Dagger","floor":8,"key":"SMITH"},{"data":"Blade Dance","floor":12,"key":"SMITH"},{"data":"Dash","floor":15,"key":"SMITH"},{"floor":29,"key":"REST"},{"floor":32,"key":"REST"},{"floor":40,"key":"REST"},{"floor":47,"key":"REST"},{"floor":49,"key":"REST"}],"circlet_count":0,"master_deck":["Strike_G","Strike_G","Strike_G+1","Strike_G","Strike_G","Defend_G","Defend_G+2","Defend_G","Defend_G","Survivor+1","Neutralize","Quick Slash+1","PiercingWail","Cloak And Dagger+1","Dash+1","Blade Dance+1","Deflect+1","Doppelganger","Slice","Accuracy","Dagger Spray","Hidden Blade","Cloak And Dagger","Injury","ReplayTheSpireMod:Shiv Toss+1","J.A.X.","Hidden Blade+1","After Image","Die Die Die","Endless Agony+1","Backflip+1","Outmaneuver+1","Backstab","Parasite","Dagger Spray+1","ReplayTheSpireMod:Doomed","Good Instincts","Blade Dance+1"],"relics":["Ring of the Snake","Simple Rune","Sundial","Cursed Key","Enchiridion","War Paint","Lizard Tail","Replay:Mystery Machine","Iron Hammer","Tiny House","Pear","Red Mask","Toy Ornithopter"],"acts_visited":["Exordium","TheCity","TheBeyond"],"potions_floor_usage":[20,24,24,33,33,49,50,50],"damage_taken":[{"damage":2,"enemies":"Jaw Worm","floor":1,"turns":6},{"damage":1,"enemies":"2 Louse","floor":5,"turns":2},{"damage":0,"enemies":"Cultist","floor":10,"turns":3},{"damage":0,"enemies":"Blue Slaver","floor":11,"turns":3},{"damage":1,"enemies":"Gremlin Nob","floor":14,"turns":4},{"damage":13,"enemies":"Fading Forest","floor":16,"turns":11},{"damage":15,"enemies":"Spheric Guardian","floor":18,"turns":4},{"damage":0,"enemies":"2 Thieves","floor":20,"turns":4},{"damage":5,"enemies":"Centurion and Healer","floor":22,"turns":8},{"damage":21,"enemies":"Gremlin Leader","floor":24,"turns":7},{"damage":8,"enemies":"Shelled Parasite and Fungi","floor":27,"turns":5},{"damage":10,"enemies":"Snecko","floor":30,"turns":5},{"damage":3,"enemies":"Snake Plant","floor":31,"turns":3},{"damage":69,"enemies":"Collector","floor":33,"turns":9},{"damage":18,"enemies":"3 Shapes","floor":35,"turns":3},{"damage":9,"enemies":"Orb Walker","floor":36,"turns":4},{"damage":27,"enemies":"Maw","floor":38,"turns":6},{"damage":18,"enemies":"4 Shapes","floor":41,"turns":4},{"damage":14,"enemies":"Writhing Mass","floor":42,"turns":6},{"damage":19,"enemies":"Sphere and 2 Shapes","floor":45,"turns":5},{"damage":15,"enemies":"4 Shapes","floor":48,"turns":3},{"damage":75,"enemies":"Replay:Hell Engine","floor":50,"turns":6}],"seed_played":"-2970779074451040338","potions_obtained":[{"floor":14,"key":"Milkshake"},{"floor":16,"key":"Milkshake"},{"floor":18,"key":"Toxic Potion"},{"floor":22,"key":"SkillPotion"},{"floor":30,"key":"Elixir"},{"floor":34,"key":"Block Potion"},{"floor":42,"key":"Swift Potion"},{"floor":45,"key":"Fruit Juice"}],"is_trial":false,"path_per_floor":["M","?","?","$","M","R","$","R","T","M","M","R","?","E","R","B",null,"M","?","M","?","M","$","E","T","T","M","?","R","M","M","R","B",null,"M","M","$","M","?","R","M","M","T","?","M","?","R","M","R","B"],"character_chosen":"THE_SILENT","items_purchased":["Quick Slash","Cloak And Dagger","War Paint","Cloak And Dagger","Pear","Backstab"],"campfire_rested":5,"item_purchase_floors":[4,7,23,23,37,37],"current_hp_per_floor":[68,68,68,68,67,67,67,67,67,67,67,67,72,71,71,68,75,60,60,60,44,39,39,18,18,18,10,10,32,22,19,41,31,80,62,53,63,36,36,63,45,31,31,31,12,12,39,24,62,0,0],"gold":62,"neow_bonus":"UPGRADE_CARD","is_daily":false,"chose_seed":false,"campfire_upgraded":4,"win_rate":0.0,"timestamp":1614239924,"path_taken":["M","?","?","$","M","R","$","R","T","M","M","R","?","E","R","BOSS","M","?","M","?","M","$","E","?","T","?","?","R","M","M","R","BOSS","M","M","$","M","?","R","M","M","T","?","M","?","R","?","R","BOSS"],"items_purchased_type":["Card","Card","Relic","Card","Relic","Card"],"build_version":"2020-12-22","purchased_purges":1,"victory":false,"max_hp_per_floor":[70,70,70,70,70,70,70,70,70,70,70,70,75,75,75,75,75,75,75,75,75,75,75,75,75,75,75,75,75,75,75,75,75,80,80,80,90,90,90,90,90,90,90,90,90,90,90,90,95,95,95],"card_choices":[{"not_picked":["Dodge and Roll","Terror","Masterful Stab"],"picked":"SKIP","floor":1},{"not_picked":["Prepared","Fluid Movement"],"picked":"PiercingWail","floor":5},{"not_picked":["Dagger Throw","Slice"],"picked":"Dash","floor":10},{"not_picked":["Deadly Poison","Backflip"],"picked":"Blade Dance","floor":11},{"not_picked":["Tactician","Eviscerate"],"picked":"Deflect","floor":14},{"not_picked":["Venomology","Wraith Form v2"],"picked":"Doppelganger","floor":16},{"not_picked":["Escape Plan+1","Acrobatics"],"picked":"Slice","floor":18},{"not_picked":["Acrobatics","Bouncing Flask"],"picked":"Dagger Spray","floor":20},{"not_picked":["ReplayTheSpireMod:Scrap Shanks","Outmaneuver"],"picked":"Hidden Blade","floor":22},{"not_picked":["Sucker Punch+1","Blur","Storm of Steel"],"picked":"SKIP","floor":24},{"not_picked":["Underhanded Strike","Hidden Blade+1"],"picked":"ReplayTheSpireMod:Shiv Toss","floor":27},{"not_picked":["Dagger Spray+1","Bane+1"],"picked":"Hidden Blade+1","floor":30},{"not_picked":["Sucker Punch","Hidden Blade"],"picked":"After Image","floor":31},{"not_picked":["Corpse Explosion","Burst"],"picked":"Die Die Die","floor":33},{"not_picked":["Reflex","Sneak Up"],"picked":"Endless Agony+1","floor":34},{"not_picked":["Bouncing Flask","PiercingWail"],"picked":"Backflip+1","floor":35},{"not_picked":["Quick Slash+1","Expertise"],"picked":"Outmaneuver+1","floor":36},{"not_picked":["Poisoned Stab","Hidden Blade+1","Riddle With Holes+1"],"picked":"SKIP","floor":38},{"not_picked":["Poisoned Stab+1","Bane","Crippling Poison+1"],"picked":"SKIP","floor":41},{"not_picked":["ReplayTheSpireMod:Shiv Toss","Backstab+1"],"picked":"Dagger Spray+1","floor":42},{"not_picked":["Replay:Parry","Sadistic Nature"],"picked":"Good Instincts","floor":44},{"not_picked":["ReplayTheSpireMod:Tripwire","Riddle With Holes+1","Escape Plan+1"],"picked":"SKIP","floor":45},{"not_picked":["Prepared","Escape Plan+1","Dagger Throw"],"picked":"SKIP","floor":48}],"player_experience":108407,"relics_obtained":[{"floor":9,"key":"Simple Rune"},{"floor":14,"key":"Sundial"},{"floor":21,"key":"Enchiridion"},{"floor":24,"key":"Lizard Tail"},{"floor":25,"key":"Replay:Mystery Machine"},{"floor":26,"key":"Iron Hammer"},{"floor":43,"key":"Toy Ornithopter"}],"event_choices":[{"damage_healed":0,"gold_gain":0,"player_choice":"Ignored","damage_taken":0,"max_hp_gain":0,"max_hp_loss":0,"event_name":"Shining Light","floor":2,"gold_loss":0},{"cards_removed":["Defend_G"],"damage_healed":0,"gold_gain":0,"player_choice":"Forget","damage_taken":0,"max_hp_gain":0,"max_hp_loss":0,"event_name":"Living Wall","floor":3,"gold_loss":0},{"damage_healed":0,"gold_gain":0,"player_choice":"Donut","damage_taken":0,"max_hp_gain":5,"max_hp_loss":0,"event_name":"Big Fish","floor":13,"gold_loss":0},{"damage_healed":0,"gold_gain":0,"player_choice":"Read","damage_taken":0,"max_hp_gain":0,"max_hp_loss":0,"event_name":"The Library","floor":19,"gold_loss":0,"cards_obtained":["Accuracy"]},{"damage_healed":0,"gold_gain":0,"player_choice":"Obtained Book","damage_taken":16,"max_hp_gain":0,"max_hp_loss":0,"event_name":"Cursed Tome","floor":21,"gold_loss":0},{"damage_healed":0,"gold_gain":0,"player_choice":"Obtain J.A.X.","damage_taken":0,"max_hp_gain":0,"max_hp_loss":0,"event_name":"Drug Dealer","floor":28,"gold_loss":0,"cards_obtained":["J.A.X."]},{"damage_healed":0,"gold_gain":0,"player_choice":"Paid","damage_taken":0,"relics_obtained":["Red Mask"],"max_hp_gain":0,"max_hp_loss":0,"event_name":"Tomb of Lord Red Mask","floor":39,"gold_loss":51},{"damage_healed":0,"gold_gain":0,"player_choice":"Memory 1","damage_taken":0,"max_hp_gain":0,"max_hp_loss":0,"event_name":"SensoryStone","floor":44,"gold_loss":0},{"damage_healed":0,"gold_gain":0,"player_choice":"Copied","damage_taken":0,"max_hp_gain":0,"max_hp_loss":0,"event_name":"Duplicator","floor":46,"gold_loss":0,"cards_obtained":["Blade Dance"]}],"is_beta":false,"boss_relics":[{"not_picked":["Empty Cage","HoveringKite"],"picked":"Cursed Key"},{"not_picked":["Pandora\u0027s Box","Kintsugi"],"picked":"Tiny House"}],"items_purged_floors":[37],"is_endless":false,"potions_floor_spawned":[14,16,18,22,30,42,45],"killed_by":"Replay:Hell Engine","ascension_level":0}}