{"host":"0rn20prxkpuv2e47","time":1614239697,"event":{"mods":["100% Spire Juice","ATMod(阿瑾Mod)","Act Like it!","Arknights","BaseMod","Downfall","Gensokyo","Hallownest","Hermit","Koishi","Library of Ruina","Minty Spire (QoL Compilation)","MostiFishMod","Reimu（博丽灵梦）","Remilia（蕾米莉亚）","Robot Space Explorer","StSLib","The Animator","The Construct","The Cursed","The Mystic","The Runesmith","The Servant 0.9.4","Warlord Emblem","[GremlinLeader]The Maniac","[IsaacMod]以撒尖塔","[功能]功能增强和修复MOD","noobMod","【功能Mod】聪明的最终Boss","【遗物卡牌】REMEMod"],"gold_per_floor":[18,68,28,39,39,64,64,94,94,94,94,216,216,219,219,564,564,598,607,607],"floor_reached":19,"language":"ZHS","playtime":984,"items_purged":["Defend_S","Defend_S","Defend_S","Strike_S","Defend_S","Strike_S","Strike_S","Strike_S","SurpressingFire","MurderousAura","ShiftingGears"],"score":436,"play_id":"87e4a67d-0e58-4528-a827-bd233529c58b","local_time":"20210225155457","is_ascension_mode":true,"campfire_choices":[{"data":"Moondial","floor":13,"key":"SMITH"},{"data":"REME_TwoStrings","floor":15,"key":"SMITH"}],"circlet_count":0,"master_deck":["KidneyShot","Exchange","AT_EssenceShift+1","Rearm","BottledTime","Moondial+1","REME_ShortnessOfBreath+1","SilverBlades","Luminosity","REME_Flogging","SpecialFormula","BottledTime","BottledTime","REME_TwoStrings+1","BottledTime","Luminosity","Embodiment","Solidify","Starlight"],"relics":["Uniform","ice","AT_ATBox","REME_ComplimentaryCards","HushsDoor","DaveBox","SharpPlug","CombinedTypeHook","PageOfTheSilentOrchestra","SynthV:TestCard","PageOfWayBackHome","AT_BladeRuinedKing","AT_PhaseBoots","Chemical X","WarlordEmblem:MantleBaku","Runesmith:Locket","BookofShadows","Medical Kit","Blood Vial","Happy Flower","AntiCross","D6","WarlordEmblem:MantleLazz","Dodecahedron","ChiLing","Chi","Ling","WarlordEmblem:MantleWalana","AT_BellDemon","REME_ArchaeologicalTools","WarlordEmblem:OldTorch","NineVolt","Runesmith:AutoHammer","Vajra","Technique","CeramicFish","WarlordEmblem:MantleJean","Orichalcum","Damocles","HereWithMe","HollowDreamFlower","BookOfRevelations"],"acts_visited":["Gensokyo:Gensokyo","Gensokyo:Gensokyoer"],"potions_floor_usage":[],"damage_taken":[{"damage":22,"enemies":"Gensokyo:3_Fairies","floor":1,"turns":6},{"damage":63,"enemies":"Hiden Room Battle","floor":2,"turns":7},{"damage":0,"enemies":"Gensokyo:Python","floor":4,"turns":2},{"damage":0,"enemies":"Gensokyo:Cirno","floor":6,"turns":4},{"damage":0,"enemies":"Gensokyo:Aya","floor":8,"turns":2},{"damage":1,"enemies":"Gensokyo:Cirno","floor":12,"turns":4},{"damage":3,"enemies":"Gensokyo:Yukari","floor":16,"turns":3},{"damage":2,"enemies":"Gensokyo:AngelMirror","floor":18,"turns":1},{"damage":1,"enemies":"Gensokyo:Chomper","floor":19,"turns":1}],"seed_played":"-3891059416809512112","potions_obtained":[],"is_trial":false,"path_per_floor":["M","?","$","M","$","E","?","E","T","$","$","E","R","$","R","B",null,"M","M"],"character_chosen":"THE_SERVANT","items_purchased":["AT_SpeedBoots","Chemical X","WarlordEmblem:MantleBaku","BottledTime","ShiftingGears","MurderousAura","Runesmith:Locket","BookofShadows","Medical Kit","SurpressingFire","REME_ShortnessOfBreath","WarlordEmblem:MantleLazz","Dodecahedron","Luminosity","REME_Flogging","ChiLing","WarlordEmblem:MantleWalana","AT_BellDemon","SpecialFormula","REME_ArchaeologicalTools","WarlordEmblem:OldTorch","NineVolt","BottledTime","Technique","REME_TwoStrings","CeramicFish","WarlordEmblem:MantleJean","BottledTime","Luminosity"],"campfire_rested":0,"item_purchase_floors":[3,3,3,3,3,3,5,5,5,5,5,10,10,10,10,10,10,10,10,11,11,11,11,14,14,14,14,14,14],"current_hp_per_floor":[43,68,68,68,68,68,68,70,70,70,70,71,71,71,71,72,72,72,0,0],"gold":607,"neow_bonus":"ONE_RARE_RELIC","is_daily":false,"chose_seed":false,"campfire_upgraded":2,"win_rate":0.0,"timestamp":1614239697,"path_taken":["M","?","$","?","?","E","?","E","T","?","$","E","R","$","R","BOSS","M","M"],"items_purchased_type":["Relic","Relic","Relic","Card","Card","Card","Relic","Relic","Relic","Card","Card","Relic","Relic","Card","Card","Relic","Relic","Relic","Card","Relic","Relic","Relic","Card","Relic","Card","Relic","Relic","Card","Card"],"build_version":"2020-12-22","purchased_purges":11,"victory":false,"max_hp_per_floor":[65,70,70,70,70,71,71,71,71,71,71,71,71,71,71,72,72,72,72,72],"card_choices":[{"not_picked":["ShatteredReality","TimeTheft"],"picked":"Rearm","floor":1},{"not_picked":["Deadline","ShatteredReality","BestPractice","DoubleEdge"],"picked":"Moondial","floor":4},{"not_picked":["Moonlight","LightFlow","Unruled","FastForward"],"picked":"Starlight","floor":6},{"not_picked":["RealityMarble","Replace","DoubleEdge","Spin"],"picked":"SilverBlades","floor":8},{"not_picked":["Snipe","ShatteredReality","Unruled","Foresight"],"picked":"BottledTime","floor":12},{"not_picked":["Deny","Initiator","TheWorld","LightFlow"],"picked":"Embodiment","floor":16},{"not_picked":["Initiator","Sunlight","SilverMatrix","Duplication"],"picked":"Solidify","floor":16},{"not_picked":["Rearm","ShatteredReality+1","Replace","FastForward"],"picked":"Starlight","floor":18}],"player_experience":177746,"relics_obtained":[{"floor":1,"key":"SynthV:TestCard"},{"floor":2,"key":"PageOfWayBackHome"},{"floor":2,"key":"AT_BladeRuinedKing"},{"floor":6,"key":"Blood Vial"},{"floor":8,"key":"AntiCross"},{"floor":9,"key":"D6"},{"floor":12,"key":"Runesmith:AutoHammer"},{"floor":12,"key":"Vajra"},{"floor":16,"key":"Orichalcum"},{"floor":16,"key":"Damocles"},{"floor":18,"key":"HollowDreamFlower"},{"floor":18,"key":"BookOfRevelations"}],"event_choices":[{"damage_healed":0,"gold_gain":0,"player_choice":"Fight","damage_taken":0,"max_hp_gain":0,"max_hp_loss":0,"event_name":"HidenRoomEvent","floor":2,"gold_loss":0}],"is_beta":false,"boss_relics":[{"not_picked":["WarlordEmblem:VoidPower","GreenFoldingFan"],"picked":"HereWithMe"},{"not_picked":[]}],"items_purged_floors":[3,3,3,3,3,3,3,3,14,14,14],"is_endless":false,"potions_floor_spawned":[1,4,4,6,6,8,12,16,18],"killed_by":"Gensokyo:Chomper","ascension_level":4}}