{"host":"qfskrnw3pl1q86j0","time":1614283668,"event":{"mods":["BaseMod","Block Reminder","Hermit","Marisa????????","Minty Spire (QoL Compilation)","Quick Restart","Random Character Button","Relic Stats","StSLib","The Poker Player","slay the spire mod where everything is the same but ironclad has a cowboy hat"],"gold_per_floor":[12,30,30,50,63,63,138,138,164,164,164,183,183,218,218,342,342,356,356,243,253,265,265,280,311,311,311,14,14,14,27,27,122,122,136,156,156,170,170,170,70,70,70,89,100,100,131,143,143,143],"floor_reached":51,"language":"ENG","playtime":1248,"items_purged":["Strike_R"],"score":722,"play_id":"a81d7c1e-9bbe-43a6-b95a-0e28b7073144","local_time":"20210225210748","is_ascension_mode":false,"campfire_choices":[{"data":"Bash","floor":6.0,"key":"SMITH"},{"data":"True Grit","floor":8.0,"key":"SMITH"},{"data":"Flex","floor":11.0,"key":"SMITH"},{"data":"Twin Strike","floor":13.0,"key":"SMITH"},{"data":"Limit Break","floor":15.0,"key":"SMITH"},{"data":"Demon Form","floor":23.0,"key":"SMITH"},{"data":"Pummel","floor":27.0,"key":"SMITH"},{"data":"Spot Weakness","floor":30.0,"key":"SMITH"},{"data":"Heavy Blade","floor":32.0,"key":"SMITH"},{"data":"Twin Strike","floor":40,"key":"SMITH"},{"data":"Defend_R","floor":42,"key":"SMITH"},{"data":"Defend_R","floor":46,"key":"SMITH"},{"floor":49,"key":"REST"}],"circlet_count":0,"master_deck":["Strike_R","Strike_R","Defend_R+1","Defend_R+1","Defend_R+1","Defend_R+1","Bash+1","Limit Break+1","Twin Strike+1","Flex+1","Twin Strike+1","Armaments+1","True Grit+1","Spot Weakness+1","Demon Form+1","Pummel+1","Pummel+1","Heavy Blade+1","Sword Boomerang+1"],"relics":["Black Blood","Bloody Idol","Toy Ornithopter","Blood Vial","Philosopher\u0027s Stone","War Paint","Bottled Tornado","Ice Cream","Red Skull","Strawberry"],"acts_visited":["Exordium","TheCity","TheBeyond"],"potions_floor_usage":[36,50,50,50],"damage_taken":[{"damage":5.0,"enemies":"Jaw Worm","floor":1.0,"turns":4.0},{"damage":3.0,"enemies":"2 Louse","floor":2.0,"turns":2.0},{"damage":0.0,"enemies":"Cultist","floor":4.0,"turns":3.0},{"damage":18.0,"enemies":"Large Slime","floor":5.0,"turns":7.0},{"damage":7.0,"enemies":"Blue Slaver","floor":12.0,"turns":4.0},{"damage":7.0,"enemies":"Lagavulin","floor":14.0,"turns":5.0},{"damage":26.0,"enemies":"The Guardian","floor":16.0,"turns":8.0},{"damage":13.0,"enemies":"Shell Parasite","floor":18.0,"turns":4.0},{"damage":19.0,"enemies":"2 Thieves","floor":21.0,"turns":3.0},{"damage":26.0,"enemies":"3 Cultists","floor":22.0,"turns":4.0},{"damage":23.0,"enemies":"Snecko","floor":24.0,"turns":4.0},{"damage":25.0,"enemies":"Gremlin Leader","floor":25.0,"turns":4.0},{"damage":0.0,"enemies":"Centurion and Healer","floor":31.0,"turns":4.0},{"damage":25.0,"enemies":"Automaton","floor":33.0,"turns":6.0},{"damage":17,"enemies":"3 Shapes","floor":35,"turns":3},{"damage":31,"enemies":"3 Darklings","floor":36,"turns":3},{"damage":15,"enemies":"Maw","floor":38,"turns":5},{"damage":11,"enemies":"Sphere and 2 Shapes","floor":44,"turns":5},{"damage":22,"enemies":"3 Darklings","floor":45,"turns":3},{"damage":44,"enemies":"Reptomancer","floor":47,"turns":4},{"damage":26,"enemies":"Maw","floor":48,"turns":5},{"damage":30,"enemies":"Donu and Deca","floor":50,"turns":6}],"seed_played":"4719196390647716418","potions_obtained":[{"floor":1.0,"key":"Fruit Juice"},{"floor":4.0,"key":"SpeedPotion"},{"floor":5.0,"key":"AttackPotion"},{"floor":16.0,"key":"EssenceOfSteel"},{"floor":31.0,"key":"SteroidPotion"},{"floor":35,"key":"DistilledChaos"},{"floor":38,"key":"Energy Potion"}],"is_trial":false,"path_per_floor":["M","M","?","M","M","R","?","R","T","?","R","M","R","E","R","B",null,"M","?","$","M","M","R","M","E","T","R","$","?","R","M","R","B",null,"M","M","?","M","?","R","$","R","T","M","M","R","E","M","R","B",null],"character_chosen":"IRONCLAD","items_purchased":["Pummel","Ice Cream","HeartOfIron"],"campfire_rested":1,"item_purchase_floors":[20,28,41],"current_hp_per_floor":[80,80,74,74,62,62,51,51,51,51,51,50,50,54,54,36,74,67,67,67,66,64,64,54,42,42,42,42,42,42,55,55,43,79,79,70,70,74,74,74,74,74,74,79,74,74,56,49,74,73],"gold":143,"neow_bonus":"TRANSFORM_TWO_CARDS","is_daily":false,"chose_seed":false,"campfire_upgraded":12,"win_rate":0.0,"timestamp":1614283668,"path_taken":["M","M","?","M","M","R","?","R","T","?","R","?","R","E","R","BOSS","M","?","$","M","M","R","M","E","T","R","$","?","R","M","R","BOSS","M","M","?","M","?","R","$","R","T","M","M","R","E","M","R","BOSS"],"items_purchased_type":["Card","Relic","Potion"],"build_version":"2020-12-22","purchased_purges":1,"victory":true,"max_hp_per_floor":[80,80,74,74,74,74,74,74,74,74,74,74,74,74,74,74,74,74,74,74,74,79,79,79,79,79,79,79,79,79,79,79,79,79,79,79,79,79,79,79,79,79,79,79,79,79,86,86,86,86],"relic_stats":{"Blood Vial":24,"counters":[22,96],"Bloody Idol":67,"Black Blood":170,"War Paint":["Defend_R","Defend_R"],"obtain_stats":[{"Blood Vial":14,"Ice Cream":28,"Golden Idol":3,"Bloody Idol":19,"Strawberry":47,"Black Blood":34,"Philosopher\u0027s Stone":17,"War Paint":25,"Bottled Tornado":26,"Burning Blood":0,"Toy Ornithopter":9,"Red Skull":43},{"Blood Vial":6,"Ice Cream":12,"Golden Idol":2,"Bloody Idol":8,"Strawberry":20,"Black Blood":14,"Philosopher\u0027s Stone":7,"War Paint":12,"Bottled Tornado":12,"Burning Blood":0,"Toy Ornithopter":4,"Red Skull":17},{"Blood Vial":25,"Ice Cream":52,"Golden Idol":6,"Bloody Idol":37,"Strawberry":85,"Black Blood":62,"Philosopher\u0027s Stone":33,"War Paint":52,"Bottled Tornado":52,"Burning Blood":0,"Toy Ornithopter":16,"Red Skull":73}],"Toy Ornithopter":31},"card_choices":[{"not_picked":["Shockwave","Rampage"],"picked":"Flex","floor":1.0},{"not_picked":["Cleave","Clash"],"picked":"Twin Strike","floor":2.0},{"not_picked":["Pommel Strike","Wild Strike"],"picked":"Armaments","floor":4.0},{"not_picked":["Clash","Seeing Red"],"picked":"True Grit","floor":5.0},{"not_picked":["Warcry","Clash","Body Slam"],"picked":"SKIP","floor":12.0},{"not_picked":["Sentinel","Impervious"],"picked":"Spot Weakness","floor":14.0},{"not_picked":["Exhume","Reaper"],"picked":"Demon Form","floor":16.0},{"not_picked":["Iron Wave","Feel No Pain"],"picked":"Pummel+1","floor":18.0},{"not_picked":["True Grit","Warcry","Sentinel"],"picked":"SKIP","floor":21.0},{"not_picked":["Combust","Rage+1","Perfected Strike"],"picked":"SKIP","floor":22.0},{"not_picked":["Flex","Anger","Sentinel"],"picked":"SKIP","floor":24.0},{"not_picked":["Exhume","Whirlwind","Body Slam"],"picked":"SKIP","floor":25.0},{"not_picked":["Armaments","Havoc"],"picked":"Heavy Blade","floor":31.0},{"not_picked":["Blood for Blood+1","Feel No Pain"],"picked":"Sword Boomerang+1","floor":35},{"not_picked":["Anger","Warcry+1","Twin Strike"],"picked":"SKIP","floor":36},{"not_picked":["Pommel Strike","Clash","Spot Weakness"],"picked":"SKIP","floor":38},{"not_picked":["Second Wind+1","Sentinel+1","Clash+1"],"picked":"SKIP","floor":44},{"not_picked":["Whirlwind+1","Flex+1","Flame Barrier"],"picked":"SKIP","floor":45},{"not_picked":["Body Slam+1","Whirlwind+1","Combust+1"],"picked":"SKIP","floor":47},{"not_picked":["True Grit+1","Sword Boomerang+1","Rage+1"],"picked":"SKIP","floor":48}],"player_experience":1118872,"relics_obtained":[{"floor":9.0,"key":"Toy Ornithopter"},{"floor":14.0,"key":"Blood Vial"},{"floor":25.0,"key":"War Paint"},{"floor":26.0,"key":"Bottled Tornado"},{"floor":43,"key":"Red Skull"},{"floor":47,"key":"Strawberry"}],"event_choices":[{"damage_healed":0.0,"max_hp_gain":0.0,"max_hp_loss":6.0,"gold_gain":0.0,"event_name":"Golden Idol","player_choice":"Lose Max HP","floor":3.0,"gold_loss":0.0,"damage_taken":0.0,"relics_obtained":["Golden Idol"]},{"damage_healed":0.0,"max_hp_gain":0.0,"max_hp_loss":0.0,"gold_gain":75.0,"event_name":"World of Goop","player_choice":"Gather Gold","floor":7.0,"gold_loss":0.0,"damage_taken":11.0},{"damage_healed":0.0,"max_hp_gain":0.0,"max_hp_loss":0.0,"gold_gain":0.0,"event_name":"Accursed Blacksmith","player_choice":"Forge","floor":10.0,"gold_loss":0.0,"damage_taken":0.0,"cards_upgraded":["Armaments"]},{"damage_healed":0.0,"max_hp_gain":0.0,"max_hp_loss":0.0,"gold_gain":0.0,"event_name":"Forgotten Altar","player_choice":"Gave Idol","floor":19.0,"relics_lost":["Golden Idol"],"gold_loss":0.0,"damage_taken":0.0,"relics_obtained":["Bloody Idol"]},{"damage_healed":0.0,"max_hp_gain":0.0,"max_hp_loss":0.0,"gold_gain":0.0,"event_name":"Ghosts","player_choice":"Ignored","floor":29.0,"gold_loss":0.0,"damage_taken":0.0},{"damage_healed":0,"gold_gain":0,"player_choice":"Ignored","damage_taken":0,"max_hp_gain":0,"max_hp_loss":0,"event_name":"Tomb of Lord Red Mask","floor":37,"gold_loss":0},{"damage_healed":0,"gold_gain":0,"player_choice":"Memory 1","damage_taken":0,"max_hp_gain":0,"max_hp_loss":0,"event_name":"SensoryStone","floor":39,"gold_loss":0}],"is_beta":false,"boss_relics":[{"not_picked":["Runic Pyramid","Astrolabe"],"picked":"Philosopher\u0027s Stone"},{"not_picked":["Pandora\u0027s Box","Tiny House"],"picked":"Black Blood"}],"items_purged_floors":[20],"is_endless":false,"potions_floor_spawned":[1,4,5,16,21,31,35,38,44],"ascension_level":0}}