{"host":"sp1f3sybb350mzsh","time":1614284873,"event":{"mods":["AchievementEnabler","BaseMod","Bestiary","Colored Map","Colored Powertips","Filter the Spire","Highlight Path","Minty Spire (QoL Compilation)","Permanent Neow","Puzzle Mod","RNG Fix","Relic Stats","StSLib","everything is the same but u backflip on backflip"],"gold_per_floor":[116,131,141,155,29,29,29,29],"floor_reached":7,"language":"ENG","playtime":296,"items_purged":["Strike_G"],"score":47,"play_id":"361446e7-272a-49ed-b342-34032d1cc055","local_time":"20210225142753","is_ascension_mode":true,"campfire_choices":[{"data":"Blade Dance","floor":6,"key":"SMITH"}],"circlet_count":0,"master_deck":["Strike_G","Strike_G","Strike_G","Strike_G","Defend_G","Defend_G","Defend_G","Defend_G","Defend_G","Survivor","Neutralize","Burst","Quick Slash","Deadly Poison","Bane","Dodge and Roll","Blade Dance+1"],"relics":["Ring of the Snake"],"acts_visited":["Exordium"],"potions_floor_usage":[],"damage_taken":[{"damage":7,"enemies":"Jaw Worm","floor":1,"turns":5},{"damage":4,"enemies":"Small Slimes","floor":2,"turns":5},{"damage":1,"enemies":"Cultist","floor":3,"turns":3},{"damage":12,"enemies":"Gremlin Gang","floor":4,"turns":6},{"damage":10,"enemies":"3 Sentries","floor":7,"turns":4}],"seed_played":"-2114354403016343158","potions_obtained":[{"floor":2,"key":"Ancient Potion"}],"is_trial":false,"path_per_floor":["M","M","M","M","$","R","E"],"character_chosen":"THE_SILENT","items_purchased":["Blade Dance"],"campfire_rested":0,"item_purchase_floors":[5],"current_hp_per_floor":[63,59,58,46,46,46,36,36],"gold":29,"neow_bonus":"ONE_RANDOM_RARE_CARD","is_daily":false,"chose_seed":false,"campfire_upgraded":1,"win_rate":0.0,"timestamp":1614284873,"path_taken":["M","?","M","M","$","R","E"],"items_purchased_type":["Card"],"build_version":"2020-12-22","purchased_purges":1,"victory":false,"max_hp_per_floor":[70,70,70,70,70,70,70,70],"relic_stats":{"counters":[5,23],"obtain_stats":[{"Ring of the Snake":0},{"Ring of the Snake":0},{"Ring of the Snake":0}],"Ring of the Snake":[10]},"card_choices":[{"not_picked":["Distraction","Deflect"],"picked":"Quick Slash","floor":1},{"not_picked":["Expertise","Quick Slash"],"picked":"Deadly Poison","floor":2},{"not_picked":["Terror","Noxious Fumes"],"picked":"Bane","floor":3},{"not_picked":["Deadly Poison","Sucker Punch"],"picked":"Dodge and Roll","floor":4}],"player_experience":189654,"relics_obtained":[],"event_choices":[],"is_beta":false,"boss_relics":[],"items_purged_floors":[5],"is_endless":false,"potions_floor_spawned":[2],"killed_by":"3 Sentries","ascension_level":2}}