{"host":"irkvb15aeca84r2v","time":1614226177,"event":{"mods":["BaseMod","Block Reminder","Minty Spire (QoL Compilation)","Permanent Neow","Quick Restart"],"gold_per_floor":[19,119,135,152,152,177,177,197,221,221,233,263,276,289,289,289,289],"floor_reached":16,"language":"ENG","playtime":705,"items_purged":[],"score":114,"play_id":"30cd0425-3a7f-4715-8ea6-ce4ae8b1ae52","local_time":"20210224220937","is_ascension_mode":false,"campfire_choices":[{"floor":10,"key":"REST"},{"floor":15,"key":"RECALL"}],"circlet_count":0,"master_deck":["Strike_R","Strike_R","Strike_R","Strike_R","Strike_R","Defend_R","Defend_R","Defend_R","Defend_R","Bash","Bludgeon","Ghostly Armor","Fire Breathing","Rupture","Regret","Heavy Blade","Heavy Blade","Immolate","Whirlwind"],"relics":["Burning Blood","Anchor","Nunchaku","Strawberry"],"acts_visited":["Exordium"],"potions_floor_usage":[6,12,16],"damage_taken":[{"damage":11,"enemies":"Jaw Worm","floor":1,"turns":2},{"damage":0,"enemies":"Cultist","floor":3,"turns":2},{"damage":5,"enemies":"2 Louse","floor":4,"turns":3},{"damage":54,"enemies":"Lagavulin","floor":6,"turns":7},{"damage":0,"enemies":"Looter","floor":8,"turns":2},{"damage":4,"enemies":"Blue Slaver","floor":11,"turns":4},{"damage":12,"enemies":"3 Sentries","floor":12,"turns":6},{"damage":13,"enemies":"3 Louse","floor":13,"turns":4},{"damage":0,"enemies":"2 Fungi Beasts","floor":14,"turns":2},{"damage":54,"enemies":"The Guardian","floor":16,"turns":9}],"seed_played":"-5060667191814616268","potions_obtained":[{"floor":4,"key":"SkillPotion"},{"floor":8,"key":"FearPotion"},{"floor":11,"key":"Strength Potion"},{"floor":14,"key":"FearPotion"}],"is_trial":false,"path_per_floor":["M","?","M","M","?","E","?","M","T","R","M","E","M","M","R","B"],"character_chosen":"IRONCLAD","items_purchased":[],"campfire_rested":1,"item_purchase_floors":[],"current_hp_per_floor":[75,75,80,80,80,32,32,38,38,62,64,65,58,64,64,10,10],"gold":289,"neow_bonus":"THREE_RARE_CARDS","is_daily":false,"chose_seed":false,"campfire_upgraded":0,"win_rate":0.0,"timestamp":1614226177,"path_taken":["M","?","?","M","?","E","?","M","T","R","M","E","M","M","R","BOSS"],"items_purchased_type":[],"build_version":"2020-12-22","purchased_purges":0,"victory":false,"max_hp_per_floor":[80,80,80,80,80,80,80,80,80,80,80,87,87,87,87,87,87],"card_choices":[{"not_picked":["Impervious","Berserk"],"picked":"Bludgeon","floor":0},{"not_picked":["Wild Strike","Sword Boomerang"],"picked":"Ghostly Armor","floor":1},{"not_picked":["Body Slam","Seeing Red"],"picked":"Fire Breathing","floor":3},{"not_picked":["Thunderclap","Twin Strike"],"picked":"Rupture","floor":4},{"not_picked":["Anger","Sever Soul"],"picked":"Heavy Blade","floor":6},{"not_picked":["Twin Strike","Perfected Strike"],"picked":"Heavy Blade","floor":8},{"not_picked":["Dual Wield","Armaments","Dark Embrace"],"picked":"SKIP","floor":11},{"not_picked":["Warcry","Armaments","Pommel Strike"],"picked":"SKIP","floor":12},{"not_picked":["Body Slam","Second Wind"],"picked":"Immolate","floor":13},{"not_picked":["Wild Strike","Body Slam"],"picked":"Whirlwind","floor":14}],"player_experience":331070,"relics_obtained":[{"floor":6,"key":"Nunchaku"},{"floor":12,"key":"Strawberry"}],"event_choices":[{"damage_healed":0,"gold_gain":100,"player_choice":"Pray","damage_taken":0,"max_hp_gain":0,"max_hp_loss":0,"event_name":"Golden Shrine","floor":2,"gold_loss":0},{"damage_healed":0,"gold_gain":0,"player_choice":"Box","damage_taken":0,"relics_obtained":["Anchor"],"max_hp_gain":0,"max_hp_loss":0,"event_name":"Big Fish","floor":5,"gold_loss":0,"cards_obtained":["Regret"]},{"damage_healed":0,"gold_gain":0,"player_choice":"Ignored","damage_taken":0,"max_hp_gain":0,"max_hp_loss":0,"event_name":"Shining Light","floor":7,"gold_loss":0}],"is_beta":false,"boss_relics":[],"items_purged_floors":[],"is_endless":false,"potions_floor_spawned":[4,8,11,14],"killed_by":"The Guardian","ascension_level":0}}