{"host":"40vzoph344nwp0en","time":1614268151,"event":{"mods":["2.2 Compatiblity","Act Like it!","BaseMod","Bestiary","Challenge The Spire","Colored Map","DeckTracker","Downfall","Friendly Minions","GifTheSpireLib","Hermit","Highlight Path","Infinite Spire","Marisa????????","Minty Spire (QoL Compilation)","Permanent Neow","Relic Sorter","Replay The Spire","Ruina","Shapeshifter Mod","Spicy Shops","StSLib","SuperFastMode","The Bug Knight","The Cursed","The Disciple","The Elementalist","The Marked","The Servant 0.9.4","??????REMEMod"],"gold_per_floor":[100098,100117,100117,100130,99189,99189,99214,99234,97738,97888,97903,96845,96845,96860,96874,96974,96974,96974,96987,97001,97016,97036,96058,96084,96101,96113,96146,96159,96184,96184,96198,96208,96312,96312,96312,96326,96336,96336,94781,94791,94791,94806,94816,94816,94916,94932,94947,94996,95010,95010],"floor_reached":51,"language":"ENG","playtime":4321,"items_purged":["bronze:Strike","bronze:Defend","Injury","downfall:Icky","bronze:Defend","bronze:Strike","bronze:ShipIt+1","Crow Ritual"],"score":916,"play_id":"2a750baf-5c0c-43e8-a6b1-564026a63f4a","local_time":"20210225084911","is_ascension_mode":false,"campfire_choices":[{"data":"bronze:Replicate","floor":1,"key":"SMITH"},{"data":"bronze:Terminator","floor":13,"key":"SMITH"},{"data":"REME_ShortnessOfBreath","floor":30,"key":"SMITH"},{"floor":35,"key":"RECALL"},{"data":"bronze:GetLatest","floor":44,"key":"SMITH"}],"circlet_count":0,"master_deck":["bronze:Strike","bronze:Defend","bronze:Replicate+1","bronze:Goto+1","bronze:DelayedGuard+1","bronze:Spike+1","bronze:WhirlingStrike","bronze:Branch","Dramatic Entrance","bronze:Shell","REME_EyeOfCthun+1","Finesse","REME_ShortnessOfBreath+1","bronze:Terminator+1","bronze:Verify","bronze:ChosenStrike+1","bronze:ForLoop+1","bronze:DelayedGuard","bronze:BronzeOrb","bronze:DelayedSlice","bronze:ThunderWave+1","bronze:BronzeOrb","bronze:GetLatest+1","bronze:ChosenStrike","expansioncontent:QuickStudy+1","bronze:WhirlingStrike","bronze:ForceShield+1","bronze:Repair+1","bronze:Separator+1","bronze:Branch+1","bronze:DelayedSlice+1"],"relics":["REME_ComplimentaryCards","Coffee Dripper","Guardian:PocketSentry","bronze:ProtectiveGoggles","Pet Ghost","REME_CardOfGreed","MealTicket","Ancient Tea Set","HandDrill","Thread and Needle","Meat on the Bone","Boot","Bottled Lightning","infinitespire:FocusingShard","Orichalcum","Akabeko","Omamori","OrangePellets","ReplayTheSpireMod:ShopPack","infinitespire:Cupcake","Snack Pack","infinitespire:Lucky Rock","Replay:WaspNest","Dream Catcher","Guide Book","Centennial Puzzle","Toy Ornithopter","Ring of Chaos","Slimebound:PreparedRelic","Frozen Eye","Quantum Egg","Toxic Egg 2","Guardian:BottledAnomaly","Bag of Marbles","infinitespire:Golems Mask"],"acts_visited":["Exordium","TheCity","TheBeyond"],"potions_floor_usage":[5,50],"damage_taken":[{"damage":0,"enemies":"Cultist","floor":2,"turns":4},{"damage":20,"enemies":"Cultist","floor":3,"turns":4},{"damage":6,"enemies":"Jaw Worm","floor":4,"turns":3},{"damage":5,"enemies":"downfall:FleeingMerchant","floor":5,"turns":4},{"damage":6,"enemies":"Small Slimes","floor":8,"turns":2},{"damage":0,"enemies":"downfall:FleeingMerchant","floor":9,"turns":4},{"damage":0,"enemies":"Blue Slaver","floor":11,"turns":2},{"damage":0,"enemies":"downfall:FleeingMerchant","floor":12,"turns":4},{"damage":0,"enemies":"Gremlin Gang","floor":14,"turns":1},{"damage":1,"enemies":"2 Fungi Beasts","floor":15,"turns":2},{"damage":0,"enemies":"SI_SHIV_ARCHETYPE","floor":16,"turns":4},{"damage":0,"enemies":"downfall:LooterAlt2","floor":19,"turns":2},{"damage":0,"enemies":"3 Byrds","floor":20,"turns":2},{"damage":0,"enemies":"3 Cultists","floor":21,"turns":3},{"damage":0,"enemies":"Sentry and Sphere","floor":22,"turns":2},{"damage":0,"enemies":"downfall:FleeingMerchant","floor":23,"turns":2},{"damage":0,"enemies":"Snake Plant","floor":25,"turns":2},{"damage":3,"enemies":"Centurion and Healer","floor":26,"turns":4},{"damage":9,"enemies":"Slavers","floor":27,"turns":2},{"damage":0,"enemies":"Chosen and Byrds","floor":28,"turns":2},{"damage":0,"enemies":"Nightmare","floor":29,"turns":5},{"damage":0,"enemies":"Cultist and Chosen","floor":31,"turns":3},{"damage":0,"enemies":"3 Cultists","floor":32,"turns":2},{"damage":0,"enemies":"WA_ARCHETYPE_CALM","floor":33,"turns":4},{"damage":0,"enemies":"Orb Walker","floor":36,"turns":2},{"damage":0,"enemies":"3 Darklings","floor":37,"turns":2},{"damage":0,"enemies":"Transient","floor":40,"turns":5},{"damage":0,"enemies":"Sphere and 2 Shapes","floor":42,"turns":1},{"damage":0,"enemies":"Jaw Worm Horde","floor":43,"turns":2},{"damage":3,"enemies":"4 Shapes","floor":46,"turns":2},{"damage":0,"enemies":"3 Darklings","floor":47,"turns":2},{"damage":0,"enemies":"2 Orb Walkers","floor":48,"turns":3},{"damage":0,"enemies":"Writhing Mass","floor":49,"turns":3},{"damage":43,"enemies":"IC_BLOCK_ARCHETYPE","floor":50,"turns":4}],"seed_played":"472943836247177455","potions_obtained":[{"floor":2,"key":"Elixir"},{"floor":11,"key":"Block Potion"},{"floor":14,"key":"champ:CounterPotion"},{"floor":15,"key":"DistilledChaos"},{"floor":33,"key":"DistilledChaos"},{"floor":48,"key":"FairyPotion"}],"is_trial":false,"path_per_floor":["R_BF","M","?","M","$","?","T","M","$","?","M","$","R","M","M","B",null,"R_BF","M","M","M","M","$","T","M","M","E","M","NM","R","M","M","B",null,"R_BF","M","M","?","$","M","T","M","M","R","?","M","M","?","M","B",null],"character_chosen":"THE_AUTOMATON","items_purchased":["Guardian:PocketSentry","bronze:ProtectiveGoggles","Pet Ghost","REME_CardOfGreed","Fruit Juice","MealTicket","HandDrill","Thread and Needle","Meat on the Bone","Boot","Bottled Lightning","Dramatic Entrance","Crow Ritual","DistilledChaos","infinitespire:FocusingShard","Orichalcum","Akabeko","Omamori","OrangePellets","ReplayTheSpireMod:ShopPack","bronze:Terminator","Snack Pack","infinitespire:Lucky Rock","Replay:WaspNest","Dream Catcher","Guide Book","Slimebound:PreparedRelic","Frozen Eye","Quantum Egg","Toxic Egg 2","Guardian:BottledAnomaly","expansioncontent:QuickStudy+1"],"campfire_rested":0,"item_purchase_floors":[5,5,5,5,5,5,9,9,9,9,9,9,9,9,12,12,12,12,12,12,12,23,23,23,23,23,39,39,39,39,39,39],"current_hp_per_floor":[70,70,50,44,44,44,44,38,53,53,53,68,68,68,67,67,75,75,75,75,75,75,75,75,75,75,66,70,75,75,75,75,75,75,75,75,75,75,75,75,75,75,75,75,75,75,75,75,75,48],"gold":95010,"neow_bonus":"BOSS_RELIC","is_daily":false,"chose_seed":false,"campfire_upgraded":4,"win_rate":0.0,"timestamp":1614268151,"path_taken":["R_BF","M","?","M","$","?","T","?","$","?","M","$","R","M","M","BOSS","R_BF","M","M","M","M","$","T","M","M","E","M","NM","R","M","M","BOSS","R_BF","M","M","?","$","M","T","M","?","R","?","?","M","?","M","BOSS"],"items_purchased_type":["Relic","Relic","Relic","Relic","Potion","Relic","Relic","Relic","Relic","Relic","Relic","Card","Card","Potion","Relic","Relic","Relic","Relic","Relic","Relic","Card","Relic","Relic","Relic","Relic","Relic","Relic","Relic","Relic","Relic","Relic","Card"],"build_version":"2020-12-22","purchased_purges":8,"victory":true,"max_hp_per_floor":[70,70,70,70,75,75,75,75,75,75,75,75,75,75,75,75,75,75,75,75,75,75,75,75,75,75,75,75,75,75,75,75,75,75,75,75,75,75,75,75,75,75,75,75,75,75,75,75,75,75],"card_choices":[{"not_picked":["bronze:Boost","bronze:Branch"],"picked":"bronze:DelayedGuard","floor":2},{"not_picked":[],"picked":"bronze:Spike","floor":3},{"not_picked":["bronze:Constructor","bronze:MaxOutput"],"picked":"bronze:WhirlingStrike","floor":3},{"not_picked":["bronze:BitShift","bronze:Safeguard","bronze:WhirlingStrike"],"picked":"SKIP","floor":4},{"not_picked":["bronze:Safeguard","bronze:BronzeArmor","bronze:ItsAFeature"],"picked":"SKIP","floor":5},{"not_picked":["bronze:FollowUp","bronze:CloningBeam"],"picked":"bronze:Branch","floor":8},{"not_picked":["bronze:Turbo","bronze:FindAndReplace","bronze:Branch"],"picked":"SKIP","floor":9},{"not_picked":["bronze:BuggyMess","bronze:FineTuning","bronze:Turbo"],"picked":"SKIP","floor":11},{"not_picked":["bronze:Flail","bronze:CleanCode"],"picked":"bronze:Shell","floor":12},{"not_picked":["REME_PuzzleBox","Violence"],"picked":"REME_EyeOfCthun","floor":12},{"not_picked":["REME_ShortnessOfBreath","REME_BodyOfCthun"],"picked":"Finesse","floor":12},{"not_picked":["REME_TheoryOfElimination","Trip"],"picked":"REME_ShortnessOfBreath","floor":12},{"not_picked":["bronze:Separator","bronze:Branch","bronze:Shield"],"picked":"SKIP","floor":14},{"not_picked":["bronze:Separator","bronze:WildBeam","bronze:Overheat"],"picked":"SKIP","floor":15},{"not_picked":["bronze:CleanCode","bronze:Mutator"],"picked":"bronze:Verify","floor":16},{"not_picked":["bronze:Optimize","bronze:DelayedGuard+1"],"picked":"bronze:ChosenStrike+1","floor":19},{"not_picked":["bronze:BugBarrage","bronze:Separator"],"picked":"bronze:ForLoop+1","floor":20},{"not_picked":["bronze:ChosenStrike","bronze:Overheat+1","bronze:BugBarrage"],"picked":"SKIP","floor":21},{"not_picked":["bronze:Branch","bronze:Shield+1","bronze:DelayedGuard"],"picked":"SKIP","floor":22},{"not_picked":["bronze:Branch","bronze:Shield+1"],"picked":"bronze:DelayedGuard","floor":22},{"not_picked":["bronze:MaxOutput","bronze:Overheat+1","bronze:Separator"],"picked":"SKIP","floor":23},{"not_picked":["bronze:Overheat","bronze:ShipIt","bronze:WildBeam"],"picked":"SKIP","floor":25},{"not_picked":["bronze:Constructor","bronze:BugBarrage+1","bronze:WildBeam"],"picked":"SKIP","floor":26},{"not_picked":["bronze:Repulsor","bronze:Deprecate"],"picked":"bronze:BronzeOrb","floor":27},{"not_picked":["bronze:CleanCode","bronze:WildBeam","bronze:NullPointer"],"picked":"SKIP","floor":28},{"not_picked":["bronze:Safeguard","bronze:Invalidate"],"picked":"bronze:DelayedSlice","floor":29},{"not_picked":["bronze:Iterate","bronze:Flail+1","bronze:BugBarrage"],"picked":"SKIP","floor":31},{"not_picked":["bronze:FineTuning","bronze:Safeguard","bronze:Iterate"],"picked":"SKIP","floor":32},{"not_picked":["bronze:ShipIt","bronze:Virus"],"picked":"bronze:ThunderWave","floor":33},{"not_picked":["bronze:FineTuning","bronze:Overheat+1"],"picked":"bronze:BronzeOrb","floor":36},{"not_picked":["bronze:ForLoop","bronze:Branch+1"],"picked":"bronze:GetLatest","floor":37},{"not_picked":["bronze:Backtrace+1","bronze:Frontload+1"],"picked":"bronze:WhirlingStrike","floor":40},{"not_picked":["bronze:Turbo+1","bronze:DarkDash+1"],"picked":"bronze:ForceShield+1","floor":42},{"not_picked":["bronze:Branch+1","bronze:FineTuning+1"],"picked":"bronze:Repair+1","floor":43},{"not_picked":["bronze:Optimize+1","bronze:Frontload+1"],"picked":"bronze:Separator+1","floor":46},{"not_picked":["bronze:Branch+1","bronze:Turbo+1","bronze:BronzeOrb"],"picked":"SKIP","floor":47},{"not_picked":["bronze:OilSpill+1","bronze:Format+1"],"picked":"bronze:Branch+1","floor":48},{"not_picked":["bronze:WhirlingStrike+1","bronze:Invalidate+1"],"picked":"bronze:DelayedSlice+1","floor":49}],"player_experience":652213,"relics_obtained":[{"floor":7,"key":"Ancient Tea Set"},{"floor":27,"key":"Centennial Puzzle"},{"floor":29,"key":"Toy Ornithopter"},{"floor":41,"key":"Bag of Marbles"},{"floor":48,"key":"infinitespire:Golems Mask"}],"event_choices":[{"damage_healed":0,"gold_gain":0,"player_choice":"Fight","damage_taken":0,"max_hp_gain":0,"max_hp_loss":0,"event_name":"Mysterious Sphere","floor":48,"gold_loss":0}],"is_beta":false,"boss_relics":[{"not_picked":["Honey Jar","Runic Pyramid"],"picked":"infinitespire:Cupcake"},{"not_picked":["Velvet Choker","Tiny House"],"picked":"Ring of Chaos"}],"items_purged_floors":[5,5,9,12,23,23,39,39],"is_endless":false,"potions_floor_spawned":[2,11,14,15,16,21,22,25,26,27,29,33,36,42,48,49],"ascension_level":0}}