{"host":"08xvxt5w1s7zc7e5","time":1614264647,"event":{"mods":["AchievementEnabler","BaseMod","DeckTracker","Minty Spire (QoL Compilation)","Quick Restart","StSLib","SuperFastMode"],"gold_per_floor":[215,229,504,41,59,59,59,93,120,132,164,201,213,238,250,340,352,375,387,417,206,220,220,246,246,246,246,246,246,226,145,145,219,219,229,246,246,44,62,62,62,62],"floor_reached":41,"language":"KOR","playtime":996,"items_purged":["Regret","Wireheading+1","Writhe"],"score":984,"play_id":"bffafb84-9f88-41ae-aa1f-e62396b43db8","local_time":"20210225235047","is_ascension_mode":true,"campfire_choices":[{"data":"Eruption","floor":6.0,"key":"SMITH"},{"data":"MentalFortress","floor":10.0,"key":"SMITH"},{"data":"CrushJoints","floor":15.0,"key":"SMITH"},{"data":"Adaptation","floor":23,"key":"SMITH"},{"data":"Scrawl","floor":25,"key":"SMITH"},{"floor":27,"key":"REST"},{"data":"Meditate","floor":29,"key":"SMITH"},{"data":"Adaptation","floor":32,"key":"SMITH"},{"floor":40,"key":"REST"}],"circlet_count":0,"master_deck":["AscendersBane","Strike_P","Strike_P","Defend_P","Eruption+1","Vigilance","Meditate+1","FollowUp","Consecrate","Judgement","MentalFortress+1","FearNoEvil","EmptyFist","CrushJoints+1","Scrawl+1","FlurryOfBlows+1","Evaluate+1","Adaptation+1","Wallop","WheelKick","Halt","Adaptation+1","Scrawl","Prostrate+1","Sanctity","Worship+1","Brilliance","Pray"],"relics":["PureWater","Calipers","Centennial Puzzle","MawBank","Bottled Flame","Mummified Hand","Astrolabe","Prayer Wheel","Art of War","Sozu","Damaru"],"acts_visited":["Exordium","TheCity","TheBeyond"],"potions_floor_usage":[24,24,33],"damage_taken":[{"damage":6.0,"enemies":"Cultist","floor":1.0,"turns":4.0},{"damage":0.0,"enemies":"Small Slimes","floor":2.0,"turns":2.0},{"damage":7.0,"enemies":"Jaw Worm","floor":5.0,"turns":5.0},{"damage":15.0,"enemies":"Lagavulin","floor":8.0,"turns":5.0},{"damage":0.0,"enemies":"Looter","floor":11.0,"turns":1.0},{"damage":0.0,"enemies":"Gremlin Nob","floor":12.0,"turns":2.0},{"damage":9.0,"enemies":"2 Fungi Beasts","floor":14.0,"turns":2.0},{"damage":0.0,"enemies":"Slime Boss","floor":16.0,"turns":5.0},{"damage":11.0,"enemies":"Shell Parasite","floor":18.0,"turns":2.0},{"damage":0,"enemies":"Chosen","floor":20,"turns":3},{"damage":5,"enemies":"Snecko","floor":22,"turns":3},{"damage":26,"enemies":"Slavers","floor":24,"turns":2},{"damage":21,"enemies":"Champ","floor":33,"turns":9},{"damage":1,"enemies":"3 Shapes","floor":35,"turns":4},{"damage":0,"enemies":"3 Darklings","floor":36,"turns":3},{"damage":44,"enemies":"Sphere and 2 Shapes","floor":39,"turns":4},{"damage":29,"enemies":"Nemesis","floor":41,"turns":2}],"seed_played":"-3095897982047809675","potions_obtained":[{"floor":1.0,"key":"Swift Potion"},{"floor":11.0,"key":"BottledMiracle"},{"floor":14.0,"key":"Ancient Potion"},{"floor":16.0,"key":"StancePotion"},{"floor":20,"key":"Ambrosia"},{"floor":24,"key":"DuplicationPotion"},{"floor":30,"key":"Swift Potion"}],"is_trial":false,"path_per_floor":["M","M","?","$","M","R","?","E","T","R","M","E","?","M","R","B",null,"M","?","M","$","M","R","E","R","T","R","?","R","?","$","R","B",null,"M","M","T","$","M","R","E"],"character_chosen":"WATCHER","items_purchased":["Calipers","FollowUp","Wallop","WheelKick","Adaptation","Brilliance"],"campfire_rested":2,"item_purchase_floors":[4,4,21,21,31,38],"current_hp_per_floor":[55,55,55,55,48,48,48,33,33,33,33,33,22,13,13,13,54,43,43,43,43,38,38,12,12,12,32,32,32,32,32,32,11,54,53,53,53,53,9,29,0,0],"gold":62,"neow_bonus":"HUNDRED_GOLD","is_daily":false,"chose_seed":false,"campfire_upgraded":7,"win_rate":0.0,"timestamp":1614264647,"path_taken":["M","M","?","$","?","R","?","E","T","R","M","E","?","M","R","BOSS","M","?","M","$","M","R","E","R","T","R","?","R","?","$","R","BOSS","M","M","?","$","?","R","E"],"items_purchased_type":["Relic","Card","Card","Card","Card","Card"],"build_version":"2020-12-22","purchased_purges":3,"victory":false,"max_hp_per_floor":[68,68,68,68,68,68,68,68,68,68,68,68,68,68,68,68,68,68,68,68,68,68,68,68,68,68,68,68,68,68,68,68,68,68,68,68,68,68,68,68,68,68],"card_choices":[{"not_picked":["Worship","FollowUp"],"picked":"Meditate","floor":1.0},{"not_picked":["Study","CutThroughFate","Collect"],"picked":"SKIP","floor":2.0},{"not_picked":["CutThroughFate","ClearTheMind"],"picked":"Consecrate","floor":5.0},{"not_picked":["Collect","ReachHeaven"],"picked":"MentalFortress","floor":8.0},{"not_picked":["SignatureMove","ReachHeaven"],"picked":"FearNoEvil","floor":11.0},{"not_picked":["Protect","Crescendo"],"picked":"EmptyFist","floor":12.0},{"not_picked":["ThirdEye","Perseverance"],"picked":"CrushJoints","floor":14.0},{"not_picked":["Alpha","MasterReality"],"picked":"Scrawl","floor":16.0},{"not_picked":["Worship","WreathOfFlame","JustLucky"],"picked":"SKIP","floor":18.0},{"not_picked":["ThirdEye","Protect"],"picked":"Adaptation","floor":20},{"not_picked":["Consecrate","Crescendo","BowlingBash"],"picked":"SKIP","floor":22},{"not_picked":["BowlingBash","Consecrate+1"],"picked":"Halt","floor":24},{"not_picked":["MasterReality","Wish"],"picked":"Scrawl","floor":33},{"not_picked":["Wallop+1","Nirvana+1"],"picked":"Prostrate+1","floor":35},{"not_picked":["FollowUp","JustLucky"],"picked":"Sanctity","floor":35},{"not_picked":["Weave","ThirdEye"],"picked":"Worship+1","floor":36},{"not_picked":["DeceiveReality+1","ClearTheMind+1","WheelKick"],"picked":"SKIP","floor":36},{"not_picked":["CrushJoints","EmptyFist+1"],"picked":"Pray","floor":39},{"not_picked":["PathToVictory","Ragnarok","EmptyBody"],"picked":"SKIP","floor":39}],"player_experience":431316,"relics_obtained":[{"floor":8.0,"key":"Centennial Puzzle"},{"floor":9.0,"key":"MawBank"},{"floor":12.0,"key":"Bottled Flame"},{"floor":24,"key":"Prayer Wheel"},{"floor":37,"key":"Damaru"}],"event_choices":[{"damage_healed":0.0,"max_hp_gain":0.0,"max_hp_loss":0.0,"gold_gain":275.0,"event_name":"Golden Shrine","player_choice":"Desecrate","floor":3.0,"gold_loss":0.0,"damage_taken":0.0,"cards_obtained":["Regret"]},{"damage_healed":0.0,"max_hp_gain":0.0,"max_hp_loss":0.0,"gold_gain":0.0,"cards_transformed":["Defend_P"],"event_name":"Living Wall","player_choice":"Change","floor":7.0,"gold_loss":0.0,"damage_taken":0.0,"cards_obtained":["Judgement"]},{"damage_healed":0.0,"max_hp_gain":0.0,"max_hp_loss":0.0,"gold_gain":0.0,"event_name":"Scrap Ooze","player_choice":"Success","floor":13.0,"gold_loss":0.0,"damage_taken":11.0,"relics_obtained":["Mummified Hand"]},{"cards_removed":["Strike_P"],"damage_healed":0.0,"max_hp_gain":0.0,"max_hp_loss":0.0,"gold_gain":0.0,"event_name":"Back to Basics","player_choice":"Elegance","floor":19.0,"gold_loss":0.0,"damage_taken":0.0},{"damage_healed":0,"gold_gain":0,"player_choice":"Opened","damage_taken":0,"relics_obtained":["Art of War"],"max_hp_gain":0,"max_hp_loss":0,"event_name":"The Mausoleum","floor":28,"gold_loss":0,"cards_obtained":["Writhe"]},{"damage_healed":0,"gold_gain":0,"player_choice":"Bought 1 Potion","damage_taken":0,"max_hp_gain":0,"max_hp_loss":0,"event_name":"The Woman in Blue","floor":30,"gold_loss":0}],"is_beta":false,"boss_relics":[{"not_picked":["Calling Bell","Ectoplasm"],"picked":"Astrolabe"},{"not_picked":["Cursed Key","HolyWater"],"picked":"Sozu"}],"items_purged_floors":[4,21,38],"is_endless":false,"potions_floor_spawned":[1,11,14,16,20,24,36],"killed_by":"Nemesis","ascension_level":20}}