{"host":"9l1knhxfturzliqa","time":1614236430,"event":{"mods":["AchievementEnabler","BaseMod","Colored Map","Colored Powertips","DeckTracker","Highlight Path","Keyboard Shortcuts","Minty Spire (QoL Compilation)","Random Character Button"],"gold_per_floor":[115,131,146,146,161,161,180,180,262,276,276,276],"floor_reached":11,"language":"KOR","playtime":480,"items_purged":[],"score":124,"play_id":"fe3d31ee-e982-4b17-bf68-fb2d47ea3a22","local_time":"20210225160030","is_ascension_mode":true,"campfire_choices":[{"floor":6.0,"key":"REST"},{"data":"Zap","floor":8.0,"key":"SMITH"}],"circlet_count":0,"master_deck":["AscendersBane","Strike_B","Strike_B","Strike_B+1","Strike_B","Defend_B","Defend_B","Defend_B","Defend_B+1","Zap+1","Dualcast","Cold Snap","Defragment","Genetic Algorithm","Leap"],"relics":["Cracked Core","StoneCalendar","Eternal Feather"],"acts_visited":["Exordium"],"potions_floor_usage":[11],"damage_taken":[{"damage":10.0,"enemies":"Small Slimes","floor":1.0,"turns":4.0},{"damage":10.0,"enemies":"2 Louse","floor":2.0,"turns":3.0},{"damage":7.0,"enemies":"Jaw Worm","floor":3.0,"turns":4.0},{"damage":4.0,"enemies":"Looter","floor":5.0,"turns":3.0},{"damage":12.0,"enemies":"Large Slime","floor":7.0,"turns":6.0},{"damage":25.0,"enemies":"Lots of Slimes","floor":10.0,"turns":3.0},{"damage":11,"enemies":"3 Sentries","floor":11,"turns":4}],"seed_played":"-293373747379904873","potions_obtained":[{"floor":2.0,"key":"Energy Potion"},{"floor":3.0,"key":"Regen Potion"},{"floor":10.0,"key":"Explosive Potion"}],"is_trial":false,"path_per_floor":["M","M","M","?","M","R","M","R","T","M","E"],"character_chosen":"DEFECT","items_purchased":[],"campfire_rested":1,"item_purchase_floors":[],"current_hp_per_floor":[54,44,37,18,14,33,36,36,36,11,0,0],"gold":276,"neow_bonus":"ONE_RARE_RELIC","is_daily":false,"chose_seed":false,"campfire_upgraded":1,"win_rate":0.0,"timestamp":1614236430,"path_taken":["M","M","M","?","M","R","M","R","T","M","E"],"items_purchased_type":[],"build_version":"2020-12-22","purchased_purges":0,"victory":false,"max_hp_per_floor":[64,64,64,64,64,64,64,64,64,64,64,64],"card_choices":[{"not_picked":["Steam Power","Reprogram"],"picked":"Cold Snap","floor":1.0},{"not_picked":["Hello World","Beam Cell"],"picked":"Defragment","floor":2.0},{"not_picked":["Compile Driver","Undo","Cold Snap"],"picked":"SKIP","floor":3.0},{"not_picked":["Steam","Leap"],"picked":"Genetic Algorithm","floor":5.0},{"not_picked":["Steam Power","Stack","Barrage"],"picked":"SKIP","floor":7.0},{"not_picked":["Cold Snap","Turbo"],"picked":"Leap","floor":10.0}],"player_experience":739863,"relics_obtained":[{"floor":9.0,"key":"Eternal Feather"}],"event_choices":[{"damage_healed":0.0,"max_hp_gain":0.0,"max_hp_loss":0.0,"gold_gain":0.0,"event_name":"Shining Light","player_choice":"Entered Light","floor":4.0,"gold_loss":0.0,"damage_taken":19.0,"cards_upgraded":["Strike_B","Defend_B"]}],"is_beta":false,"boss_relics":[],"items_purged_floors":[],"is_endless":false,"potions_floor_spawned":[2,3,10],"killed_by":"3 Sentries","ascension_level":17}}