{"host":"ibonnlq6s1c814xj","time":1614226316,"event":{"mods":["BaseMod","BetterRewards","Minty Spire (QoL Compilation)","Quick Restart","Shop Mod","[功能]功能增强和修复MOD","【遗物卡牌】REMEMod"],"gold_per_floor":[119,194,194,194,270,270,15,51,51,305,163,186,186,211,211,339,339,353,126,126,201,89,89,124,124,124,142,142,142,183,161,161,282,282,307,370,370,222,222,222,213,213,213,213,213,300,108,121,121,41,41,41,93,124,4],"floor_reached":56,"language":"ZHS","playtime":5537,"items_purged":["Strike_B","REME_EyeOfCthun","Strike_B","Strike_B","Strike_B","Defend_B","Defend_B","REME_ForAll+1","Defend_B","Hologram"],"score":1766,"play_id":"6348e6ef-c176-48c9-bf1e-1a3adf8b9318","local_time":"20210225121156","is_ascension_mode":true,"campfire_choices":[{"data":"Double Energy","floor":13.0,"key":"SMITH"},{"data":"Loop","floor":15.0,"key":"SMITH"},{"data":"Defragment","floor":23,"key":"SMITH"},{"data":"REME_ForAll","floor":25,"key":"SMITH"},{"data":"Loop","floor":29,"key":"SMITH"},{"data":"Capacitor","floor":32,"key":"SMITH"},{"data":"Defend_B","floor":40,"key":"PURGE"},{"data":"Cold Snap","floor":42,"key":"PURGE"},{"floor":44,"key":"RECALL"},{"floor":45,"key":"DIG"},{"floor":49,"key":"DIG"},{"floor":52,"key":"DIG"}],"circlet_count":0,"master_deck":["Zap+1","Dualcast","Seek","Conserve Battery","Seek","Double Energy+1","Loop+1","Buffer","Cold Snap+1","Defragment+1","Loop+1","Seek","Ball Lightning","REME_Shoggoth","Capacitor+1","Hello World+1","Creative AI+1","Redo+1","Self Repair+1","White Noise","Conserve Battery+1","Capacitor+1","Storm+1"],"relics":["Cracked Core","REME_ComplimentaryCards","REME_OnlineShoppingPlatform","MerchantsRug","Ginger","Pantograph","ClockworkSouvenir","Bronze Scales","MealTicket","StoneCalendar","Golden Idol","Cables","Shuriken","Happy Flower","Lee\u0027s Waffle","Omamori","Toy Ornithopter","Bag of Marbles","Gremlin Horn","Regal Pillow","Calling Bell","Art of War","Pear","Gambling Chip","Medical Kit","Peace Pipe","WingedGreaves","Runic Capacitor","Anchor","Incense Burner","Sundial","Turnip","Frozen Egg 2","Fusion Hammer","Pocketwatch","Lantern","Singing Bowl","Orichalcum","Shovel","Ancient Tea Set","HandDrill","Emotion Chip","PreservedInsect","Oddly Smooth Stone","Toolbox","Vajra","Ornamental Fan","DataDisk","TheAbacus","Mercury Hourglass"],"acts_visited":["Exordium","TheCity","TheBeyond","TheEnding"],"potions_floor_usage":[41,41,50,50,50,50,55,55,55,55,55,55],"damage_taken":[{"damage":0.0,"enemies":"Small Slimes","floor":1.0,"turns":2.0},{"damage":17.0,"enemies":"3 Sentries","floor":6.0,"turns":5.0},{"damage":5.0,"enemies":"Lagavulin","floor":8.0,"turns":7.0},{"damage":20.0,"enemies":"Gremlin Nob","floor":11.0,"turns":4.0},{"damage":0.0,"enemies":"2 Louse","floor":12.0,"turns":1.0},{"damage":0.0,"enemies":"Cultist","floor":14.0,"turns":3.0},{"damage":2.0,"enemies":"The Guardian","floor":16.0,"turns":10.0},{"damage":2.0,"enemies":"Shell Parasite","floor":18.0,"turns":7.0},{"damage":6,"enemies":"Gremlin Leader","floor":24,"turns":5},{"damage":0,"enemies":"Spheric Guardian","floor":27,"turns":2},{"damage":35,"enemies":"Slavers","floor":30,"turns":4},{"damage":18,"enemies":"Collector","floor":33,"turns":6},{"damage":0,"enemies":"3 Shapes","floor":35,"turns":5},{"damage":43,"enemies":"Mind Bloom Boss Battle","floor":36,"turns":4},{"damage":0,"enemies":"Giant Head","floor":41,"turns":4},{"damage":17,"enemies":"3 Darklings","floor":48,"turns":3},{"damage":10,"enemies":"Donu and Deca","floor":50,"turns":2},{"damage":0,"enemies":"Shield and Spear","floor":54,"turns":2},{"damage":25,"enemies":"The Heart","floor":55,"turns":5}],"seed_played":"1620072998651774049","potions_obtained":[],"is_trial":false,"path_per_floor":["M","?","?","?","T","E","$","E","T","$","E","M","R","M","R","B",null,"M","$","?","?","$","R","E","R","T","M","?","R","E","$","R","B",null,"M","?","?","$","?","R","E","R","T","R","R","$","$","M","R","B",null,"R","$","E","B",null],"character_chosen":"DEFECT","items_purchased":["REME_OnlineShoppingPlatform","MerchantsRug","Pantograph","ClockworkSouvenir","Bronze Scales","MealTicket","Happy Flower","Lee\u0027s Waffle","Omamori","Bag of Marbles","Gremlin Horn","Seek","Double Energy","Loop","Medical Kit","Peace Pipe","Defragment","WingedGreaves","Runic Capacitor","Anchor","Loop","Seek","REME_ForAll","Frozen Egg 2","Hello World+1","Lantern","Singing Bowl","Self Repair+1","White Noise","Capacitor+1","HandDrill","Emotion Chip","Storm+1","PreservedInsect","Oddly Smooth Stone","Toolbox","DataDisk","TheAbacus"],"campfire_rested":0,"item_purchase_floors":[0,0,0,0,0,0,7,7,7,10,10,10,10,10,19,19,19,19,22,22,22,22,22,31,31,38,38,38,38,46,46,46,47,47,47,47,53,53],"current_hp_per_floor":[75,64,64,46,46,29,82,77,77,82,65,65,65,65,65,80,92,90,92,92,83,92,92,86,86,86,86,86,86,51,66,66,73,92,92,49,49,64,87,87,92,92,92,92,92,92,92,87,87,94,94,94,94,96,94],"gold":4,"neow_bonus":"","is_daily":false,"chose_seed":false,"campfire_upgraded":6,"win_rate":0.0,"timestamp":1614226316,"path_taken":["M","?","?","?","?","E","$","E","T","$","E","?","R","M","R","BOSS","M","$","?","?","$","R","E","R","T","?","?","R","E","?","R","BOSS","M","?","?","$","?","R","E","R","T","R","R","?","$","?","R","BOSS","R","$","E","BOSS"],"items_purchased_type":["Relic","Relic","Relic","Relic","Relic","Relic","Relic","Relic","Relic","Relic","Relic","Card","Card","Card","Relic","Relic","Card","Relic","Relic","Relic","Card","Card","Card","Relic","Card","Relic","Relic","Card","Card","Card","Relic","Relic","Card","Relic","Relic","Relic","Relic","Relic"],"build_version":"2020-12-22","purchased_purges":10,"victory":true,"max_hp_per_floor":[75,75,75,75,75,75,82,82,82,82,82,82,82,82,82,82,92,92,92,92,92,92,92,92,92,92,92,92,92,92,92,92,92,92,92,92,92,92,92,92,92,92,92,92,92,92,92,94,94,94,94,94,94,96,96],"card_choices":[{"not_picked":["Coolheaded","Beam Cell","Redo"],"picked":"SKIP","floor":1.0},{"not_picked":["Blizzard","Gash"],"picked":"Conserve Battery","floor":6.0},{"not_picked":["Streamline","Static Discharge"],"picked":"Hologram","floor":8.0},{"not_picked":["FTL","Biased Cognition","REME_SelfUpgrade"],"picked":"Cold Snap","floor":11.0},{"not_picked":["Self Repair","Stack","Aggregate"],"picked":"SKIP","floor":12.0},{"not_picked":["Barrage","Self Repair","Go for the Eyes"],"picked":"SKIP","floor":14.0},{"not_picked":["All For One","Fission"],"picked":"Buffer","floor":16.0},{"not_picked":["Beam Cell","Barrage"],"picked":"Cold Snap+1","floor":18.0},{"not_picked":["Redo","Compile Driver+1"],"picked":"Ball Lightning","floor":24},{"not_picked":["Tempest","FTL+1"],"picked":"REME_Shoggoth","floor":27},{"not_picked":["Conserve Battery","Rip and Tear"],"picked":"Capacitor","floor":30},{"not_picked":["Machine Learning+1","Rainbow"],"picked":"Creative AI+1","floor":33},{"not_picked":["Double Energy+1","Leap","Beam Cell+1","Sunder"],"picked":"Redo+1","floor":35},{"not_picked":["Beam Cell","Static Discharge+1"],"picked":"Conserve Battery+1","floor":41},{"not_picked":["Barrage","Rebound","Hologram+1"],"picked":"Singing Bowl","floor":48},{"not_picked":["Leap","Hologram+1","BootSequence+1"],"picked":"Singing Bowl","floor":54}],"player_experience":202417,"relics_obtained":[{"floor":5.0,"key":"Cables"},{"floor":6.0,"key":"Shuriken"},{"floor":8.0,"key":"Toy Ornithopter"},{"floor":11.0,"key":"Regal Pillow"},{"floor":17.0,"key":"Art of War"},{"floor":17.0,"key":"Pear"},{"floor":17.0,"key":"Gambling Chip"},{"floor":24,"key":"Incense Burner"},{"floor":26,"key":"Sundial"},{"floor":30,"key":"Turnip"},{"floor":36,"key":"Pocketwatch"},{"floor":41,"key":"Orichalcum"},{"floor":43,"key":"Shovel"},{"floor":45,"key":"Ancient Tea Set"},{"floor":49,"key":"Vajra"},{"floor":52,"key":"Ornamental Fan"},{"floor":54,"key":"Mercury Hourglass"}],"event_choices":[{"damage_healed":0.0,"max_hp_gain":0.0,"max_hp_loss":0.0,"gold_gain":75.0,"event_name":"World of Goop","player_choice":"Gather Gold","floor":2.0,"gold_loss":0.0,"damage_taken":11.0},{"damage_healed":0.0,"max_hp_gain":0.0,"max_hp_loss":0.0,"gold_gain":0.0,"event_name":"Living Wall","player_choice":"Grow","floor":3.0,"gold_loss":0.0,"damage_taken":0.0,"cards_upgraded":["Zap"]},{"damage_healed":0.0,"max_hp_gain":0.0,"max_hp_loss":0.0,"gold_gain":0.0,"event_name":"Golden Idol","player_choice":"Take Damage","floor":4.0,"gold_loss":0.0,"damage_taken":18.0,"relics_obtained":["Golden Idol"]},{"damage_healed":0.0,"max_hp_gain":0.0,"max_hp_loss":0.0,"gold_gain":0.0,"event_name":"Beggar","player_choice":"Ignored","floor":20.0,"gold_loss":0.0,"damage_taken":0.0},{"damage_healed":0,"gold_gain":75,"player_choice":"Touch","damage_taken":9,"max_hp_gain":0,"max_hp_loss":0,"event_name":"FaceTrader","floor":21,"gold_loss":0},{"damage_healed":0,"gold_gain":0,"player_choice":"Ignored","damage_taken":0,"max_hp_gain":0,"max_hp_loss":0,"event_name":"Vampires","floor":28,"gold_loss":0},{"damage_healed":0,"gold_gain":0,"player_choice":"Fight","damage_taken":0,"max_hp_gain":0,"max_hp_loss":0,"event_name":"MindBloom","floor":36,"gold_loss":0},{"damage_healed":0,"gold_gain":0,"player_choice":"Memory 1","damage_taken":0,"max_hp_gain":0,"max_hp_loss":0,"event_name":"SensoryStone","floor":37,"gold_loss":0},{"damage_healed":23,"gold_gain":0,"player_choice":"Writhe","damage_taken":0,"max_hp_gain":0,"max_hp_loss":0,"event_name":"Winding Halls","floor":39,"gold_loss":0,"cards_obtained":["Writhe"]}],"is_beta":false,"boss_relics":[{"not_picked":["FrozenCore","REME_DuelDisc"],"picked":"Calling Bell"},{"not_picked":["Empty Cage","Runic Dome"],"picked":"Fusion Hammer"}],"items_purged_floors":[0,0,0,7,10,19,22,31,38,46],"is_endless":false,"potions_floor_spawned":[1,8,8,11,12,14,24,24,24,27,27,33,33,35,41,41,48,48,54],"ascension_level":2}}