{"host":"cy4bqpzmmfw1b6lr","time":1614294918,"event":{"mods":["AchievementEnabler","BaseMod","Colored Map","Conspire","Downfall","Halation","Infinite Spire","Minty Spire (QoL Compilation)","Replay The Spire","StSLib"],"gold_per_floor":[111,124,134,134,184,215,215,241,241,256,256,256,256,276,276,378,378,389,404,404,421,371,371,402,428,428,428,428],"floor_reached":27,"language":"ENG","playtime":1136,"items_purged":["Normality"],"score":277,"play_id":"2a46ca21-0c46-482b-8c88-0b6dfbe95a69","local_time":"20210225161518","is_ascension_mode":true,"campfire_choices":[{"floor":7,"key":"REST"},{"floor":12,"key":"REST"},{"floor":15,"key":"REST"},{"floor":23,"key":"REST"}],"circlet_count":0,"master_deck":["Strike_R","Strike_R+1","Strike_R","Strike_R+1","Strike_R","Defend_R","Defend_R","Defend_R","Defend_R","Bash","Inflame","Whirlwind","infinitespire:Execution","ReplayTheSpireMod:Muscle Training","Armaments","ReplayTheSpireMod:Faulty Equipment","Demon Form","Heavy Blade","Shrug It Off","infinitespire:Starlight","infinitespire:OneForAll","Voices","infinitespire:Starlight","ReplayTheSpireMod:Limb From Limb"],"relics":["Burning Blood","NeowsBlessing","Ring of Greed","Smiling Mask","Tiny Chest","Nunchaku","halation:OrihimeAndHikoboshiSamaAndTears","halation:AfternoonTea","Mark of Pain","Ice Cream","halation:PrussianBluePaint","halation:BottledLove"],"acts_visited":["Exordium","TheCity"],"potions_floor_usage":[6,27],"damage_taken":[{"damage":0,"enemies":"2 Louse","floor":1,"turns":2},{"damage":0,"enemies":"Jaw Worm","floor":2,"turns":1},{"damage":0,"enemies":"Small Slimes","floor":3,"turns":1},{"damage":53,"enemies":"Lagavulin","floor":6,"turns":7},{"damage":26,"enemies":"Replay:BlueRogue","floor":8,"turns":6},{"damage":8,"enemies":"3 Louse","floor":10,"turns":2},{"damage":16,"enemies":"Red Slaver","floor":14,"turns":3},{"damage":22,"enemies":"Fading Forest","floor":16,"turns":11},{"damage":8,"enemies":"Chosen","floor":18,"turns":4},{"damage":29,"enemies":"Shell Parasite","floor":19,"turns":5},{"damage":56,"enemies":"Chosen and Byrds","floor":21,"turns":7},{"damage":52,"enemies":"Nightmare","floor":24,"turns":9},{"damage":37,"enemies":"Shelled Parasite and Fungi","floor":27,"turns":2}],"seed_played":"-3591456536168545591","potions_obtained":[{"floor":1,"key":"Block Potion"},{"floor":2,"key":"FairyPotion"},{"floor":10,"key":"PowerPotion"},{"floor":14,"key":"Venom Potion"},{"floor":19,"key":"Milkshake"},{"floor":21,"key":"Explosive Potion"}],"is_trial":false,"path_per_floor":["M","M","M","?","?","E","R","E","T","M","?","R","?","M","R","B",null,"M","M","AVR","M","$","R","NM","T","T","M"],"character_chosen":"IRONCLAD","items_purchased":[],"campfire_rested":4,"item_purchase_floors":[],"current_hp_per_floor":[80,80,80,60,60,13,37,17,17,15,24,48,48,38,62,69,80,78,55,55,15,15,39,18,18,18,0,0],"gold":428,"neow_bonus":"THREE_ENEMY_KILL","is_daily":false,"chose_seed":false,"campfire_upgraded":0,"win_rate":0.0,"timestamp":1614294918,"path_taken":["M","M","M","?","?","E","R","E","T","M","?","R","?","M","R","BOSS","M","M","AVR","M","?","R","NM","?","T","M"],"items_purchased_type":[],"build_version":"2020-12-22","purchased_purges":1,"victory":false,"max_hp_per_floor":[80,80,80,80,80,80,80,80,80,80,80,80,80,80,80,80,80,80,80,80,80,80,80,80,80,80,80,80],"card_choices":[{"not_picked":["Armaments","Clash"],"picked":"Inflame","floor":1},{"not_picked":["Headbutt","Cleave","Havoc"],"picked":"SKIP","floor":2},{"not_picked":["Anger","conspire:Charge"],"picked":"Whirlwind","floor":3},{"not_picked":["infinitespire:Gouge","ReplayTheSpireMod:Book of Names"],"picked":"infinitespire:Execution","floor":4},{"not_picked":["Body Slam","Warcry","Twin Strike"],"picked":"SKIP","floor":6},{"not_picked":["Hemokinesis","Cleave"],"picked":"ReplayTheSpireMod:Muscle Training","floor":8},{"not_picked":["Whirlwind","Sever Soul","Thunderclap"],"picked":"SKIP","floor":10},{"not_picked":["Searing Blow","Ghostly Armor"],"picked":"Armaments","floor":14},{"not_picked":["Replay:Many Hands","Impervious"],"picked":"Demon Form","floor":16},{"not_picked":["Headbutt","Anger"],"picked":"Heavy Blade","floor":18},{"not_picked":["ReplayTheSpireMod:LeadingStrike","Combust"],"picked":"Shrug It Off","floor":19},{"not_picked":["Wild Strike","Clothesline"],"picked":"infinitespire:OneForAll","floor":21},{"not_picked":["Replay:Fractal Strike","ReplayTheSpireMod:Haul"],"picked":"infinitespire:Starlight","floor":24},{"not_picked":["conspire:ExplosiveBarrier","Second Wind"],"picked":"ReplayTheSpireMod:Limb From Limb","floor":24}],"player_experience":37972,"relics_obtained":[{"floor":5,"key":"Ring of Greed"},{"floor":5,"key":"Smiling Mask"},{"floor":5,"key":"Tiny Chest"},{"floor":6,"key":"Nunchaku"},{"floor":8,"key":"halation:OrihimeAndHikoboshiSamaAndTears"},{"floor":24,"key":"Ice Cream"},{"floor":25,"key":"halation:PrussianBluePaint"},{"floor":26,"key":"halation:BottledLove"}],"event_choices":[{"damage_healed":0,"gold_gain":0,"player_choice":"Entered Light","damage_taken":16,"max_hp_gain":0,"max_hp_loss":0,"event_name":"Shining Light","floor":11,"gold_loss":0,"cards_upgraded":["Strike_R","Strike_R"]},{"damage_healed":0,"gold_gain":0,"player_choice":"Gave Potion","damage_taken":0,"relics_obtained":["halation:AfternoonTea"],"max_hp_gain":0,"max_hp_loss":0,"event_name":"WeMeetAgain","floor":13,"gold_loss":0}],"is_beta":false,"boss_relics":[{"not_picked":["Electric Blood","Ooze Armor"],"picked":"Mark of Pain"}],"items_purged_floors":[22],"is_endless":false,"potions_floor_spawned":[1,2,10,14,19,21],"killed_by":"Shelled Parasite and Fungi","ascension_level":3}}