{"host":"onfdonezo2qmaex3","time":1614240385,"event":{"mods":["2.2 Compatiblity","AchievementEnabler","Act Like it!","Aspiration","BaseMod","Colored Powertips","Downfall","Friendly Minions","Gensokyo","Hallownest","Hermit","Highlight Path","Jorbs\u0027s Wanderer Trilogy","Marisa????????","Marked Mod","Minty Spire (QoL Compilation)","Quick Restart","Reliquary","Ruina","Shop Mod","StSLib","The Disciple","The Hayseed","The Hierophant","The Marked","The Runesmith"],"gold_per_floor":[99,199,59,59,44,44,44,44,44,44,59,14,14,44,59,159,159,159,624,624,624,639,639,639,639],"floor_reached":23,"language":"ENG","playtime":1175,"items_purged":[],"score":233,"play_id":"5942f419-9a8a-4291-b1af-978727b5ba26","local_time":"20210225090625","daily_mods":["Specialized","Flight","downfall:WorldOfGoo"],"is_ascension_mode":false,"campfire_choices":[{"data":"champ:Taunt","floor":1,"key":"SMITH"},{"data":"champ:HoldFirm","floor":9,"key":"SMITH"},{"data":"champ:HoldFirm","floor":10,"key":"SMITH"},{"data":"champ:HoldFirm","floor":13,"key":"SMITH"},{"data":"champ:HoldFirm","floor":18,"key":"SMITH"}],"circlet_count":0,"master_deck":["champ:Execute","champ:Taunt+1","champ:HoldFirm+1","champ:HoldFirm+1","champ:HoldFirm+1","champ:HoldFirm+1","champ:PreciseThrust","champ:ShieldWall","champ:ShieldThrow","champ:Duel","champ:DefensiveShout","champ:EndlessRage","champ:UltimateStance","champ:Devastate","champ:CrownThrow+1","ruina:SwordSharpened"],"relics":["champ:ChampionCrown","Lizard Tail","HornCleat","Gensokyo:OccultBall","Pandora\u0027s Box","reliquary:WeakTea"],"acts_visited":["Gensokyo:Gensokyo","ruina:Briah"],"potions_floor_usage":[],"damage_taken":[{"damage":10,"enemies":"downfall:FleeingMerchant","floor":5,"turns":4},{"damage":0,"enemies":"Gensokyo:Gryphon","floor":11,"turns":2},{"damage":0,"enemies":"Gensokyo:Aya","floor":14,"turns":4},{"damage":10,"enemies":"Gensokyo:3_Fairies","floor":15,"turns":4},{"damage":13,"enemies":"SI_SHIV_ARCHETYPE","floor":16,"turns":6},{"damage":45,"enemies":"ruina:2_Scarecrows","floor":19,"turns":5},{"damage":5,"enemies":"ruina:Nosferatu","floor":22,"turns":5}],"seed_played":"3523290589944034342","potions_obtained":[{"floor":11,"key":"Ancient Potion"},{"floor":14,"key":"Regen Potion"},{"floor":16,"key":"GamblersBrew"},{"floor":19,"key":"EssenceOfSteel"},{"floor":22,"key":"FairyPotion"}],"is_trial":false,"path_per_floor":["R","?","?","?","$","?","T","?","R","R","M","COS","R","?","M","B",null,"R","M","?","?","M","R"],"character_chosen":"THE_CHAMP","items_purchased":[],"campfire_rested":0,"item_purchase_floors":[],"current_hp_per_floor":[90,90,90,54,54,81,81,81,81,81,81,81,81,81,81,78,90,90,45,45,30,30,30,30,30],"gold":639,"neow_bonus":"","is_daily":true,"chose_seed":false,"campfire_upgraded":5,"win_rate":0.0,"timestamp":1614240385,"path_taken":["R","?","?","?","?","?","T","?","R","R","?","COS","R","?","M","BOSS","R","M","?","?","?","R"],"items_purchased_type":[],"build_version":"2020-12-22","purchased_purges":0,"victory":false,"max_hp_per_floor":[90,90,90,90,90,90,90,90,90,90,90,90,90,90,90,90,90,90,90,83,83,83,83,83,83],"card_choices":[{"not_picked":["champ:BerserkersShout","champ:CheapShot"],"picked":"champ:PreciseThrust","floor":5},{"not_picked":["champ:HeartStrike","champ:Encircle","champ:BladeFlurry"],"picked":"SKIP","floor":11},{"not_picked":["champ:GladiatorStyle","champ:FanOfKnives"],"picked":"champ:ShieldWall","floor":14},{"not_picked":["champ:GutPunch","champ:FocusedDefense","champ:DefensiveShout"],"picked":"SKIP","floor":15},{"not_picked":["champ:HoldFirm","champ:LastStand"],"picked":"champ:ShieldThrow","floor":16},{"not_picked":["champ:EnGarde","champ:PreciseThrust"],"picked":"champ:CrownThrow+1","floor":19},{"not_picked":["ruina:FadedMemories","ruina:Mimicry"],"picked":"ruina:SwordSharpened","floor":20},{"not_picked":["champ:TornadoPunch","champ:DefensiveShout","champ:FocusedDefense"],"picked":"SKIP","floor":22}],"player_experience":240445,"relics_obtained":[{"floor":7,"key":"HornCleat"},{"floor":15,"key":"Gensokyo:OccultBall"},{"floor":16,"key":"Gensokyo:OccultBall"},{"floor":19,"key":"Gensokyo:OccultBall"},{"floor":22,"key":"Gensokyo:OccultBall"}],"event_choices":[],"is_beta":false,"boss_relics":[{"not_picked":["Runic Pyramid","reliquary:WritOfMandamus"],"picked":"Pandora\u0027s Box"}],"items_purged_floors":[],"is_endless":false,"potions_floor_spawned":[11,14,16,19,22],"ascension_level":0}}