{"host":"z9x5nldzhmx4jdfi","time":1614296707,"event":{"mods":["BaseMod","Better Altar","Better Note","Better Sensory Stone","Better Skull","Better Vampires","BetterRewards","Block Reminder","Card Filter","Colored Powertips","Infinite Spire","Minty Spire (QoL Compilation)","Relic Filter","StSLib","The Animator","Wandering Minibosses"],"gold_per_floor":[118,118,18,18,32,68,68,104,127,145,183,183,238,23,23,27,27],"floor_reached":16,"language":"ENG","playtime":1252,"items_purged":["animator:Strike","animator:Defend","animator:Strike"],"score":336,"play_id":"2eb7ce98-86df-4c6a-8425-848649cbc0e8","local_time":"20210225174507","is_ascension_mode":true,"campfire_choices":[{"data":"animator:KyokoSakura","floor":7,"key":"SMITH"},{"data":"animator:Biyorigo","floor":15,"key":"SMITH"}],"circlet_count":0,"master_deck":["AscendersBane","animator:Strike_GoblinSlayer","animator:Defend_GoblinSlayer","animator:Strike","animator:Defend","animator:Defend","animator:LizardPriest","animator:DwarfShaman","animator:YachiyoNanami","animator:KyokoSakura+1","animator:FeridBathory","animator:GuildGirl","animator:Spearman","animator:Biyorigo+1","animator:Aisha"],"relics":["animator:LivingPicture","animator:TheMissingPiece","Mummified Hand","Golden Idol","Meat on the Bone","Lantern","Boot","infinitespire:Beetle Shell"],"acts_visited":["Exordium"],"potions_floor_usage":[10,11,16],"damage_taken":[{"damage":0,"enemies":"Jaw Worm","floor":1,"turns":4},{"damage":2,"enemies":"Small Slimes","floor":5,"turns":4},{"damage":20,"enemies":"3 Sentries","floor":6,"turns":7},{"damage":4,"enemies":"2 Louse","floor":8,"turns":3},{"damage":0,"enemies":"Red Slaver","floor":10,"turns":7},{"damage":18,"enemies":"Gremlin Nob","floor":11,"turns":4},{"damage":11,"enemies":"3 Sentries","floor":13,"turns":7},{"damage":28,"enemies":"Slime Boss","floor":16,"turns":8}],"seed_played":"6746263497245301302","potions_obtained":[{"floor":5,"key":"LiquidBronze"},{"floor":8,"key":"FearPotion"},{"floor":10,"key":"SteroidPotion"}],"is_trial":false,"path_per_floor":["M","?","$","?","M","E","R","M","T","M","E","?","E","$","R","B"],"character_chosen":"THE_ANIMATOR","items_purchased":["Mummified Hand","animator:YachiyoNanami","animator:Aisha"],"campfire_rested":0,"item_purchase_floors":[0,0,14],"current_hp_per_floor":[42,42,42,42,40,20,20,28,28,28,23,23,24,24,24,0,0],"gold":27,"neow_bonus":"","is_daily":false,"chose_seed":false,"campfire_upgraded":2,"win_rate":0.0,"timestamp":1614296707,"path_taken":["M","?","$","?","M","E","R","M","T","M","E","?","E","?","R","BOSS"],"items_purchased_type":["Relic","Card","Card"],"build_version":"2020-12-22","purchased_purges":3,"victory":false,"max_hp_per_floor":[60,54,54,54,54,54,54,54,54,54,55,55,55,55,55,55,55],"card_choices":[{"not_picked":["animator:OrikoMikuni","animator:DolaStephanie","animator:Ciel"],"picked":"SKIP","floor":1},{"not_picked":["animator:YachiyoNanami","animator:ZankiKiguchi"],"picked":"animator:KyokoSakura","floor":5},{"not_picked":["animator:Laby","animator:Lu"],"picked":"animator:FeridBathory","floor":6},{"not_picked":["animator:DwarfShaman","animator:Priestess"],"picked":"animator:GuildGirl","floor":8},{"not_picked":["animator:Entoma","animator:Mitsuba","animator:Hitei"],"picked":"SKIP","floor":10},{"not_picked":["animator:Jibril","animator:DolaStephanie"],"picked":"animator:Spearman","floor":11},{"not_picked":["animator:Entoma","animator:Yuuichirou"],"picked":"animator:Biyorigo","floor":13}],"player_experience":1390007,"relics_obtained":[{"floor":6,"key":"Meat on the Bone"},{"floor":9,"key":"Lantern"},{"floor":11,"key":"Boot"},{"floor":13,"key":"infinitespire:Beetle Shell"}],"event_choices":[{"damage_healed":0,"gold_gain":0,"player_choice":"Lose Max HP","damage_taken":0,"relics_obtained":["Golden Idol"],"max_hp_gain":0,"max_hp_loss":6,"event_name":"Golden Idol","floor":2,"gold_loss":0},{"damage_healed":0,"gold_gain":0,"player_choice":"Ignored","damage_taken":0,"max_hp_gain":0,"max_hp_loss":0,"event_name":"Liars Game","floor":12,"gold_loss":0}],"is_beta":false,"boss_relics":[],"items_purged_floors":[0,3,14],"is_endless":false,"potions_floor_spawned":[5,8,10],"killed_by":"Slime Boss","ascension_level":20}}