{"host":"ELF","time":1614226364,"event":{"mods":["BaseMod","Bestiary","Minty Spire (QoL Compilation)","Relic Stats","Slay the Relics Exporter"],"gold_per_floor":[113,24,24,41,41,69,69,102,102,117,117,137,62,75,75,152,152,169,169,169],"floor_reached":19,"language":"ENG","playtime":868,"items_purged":["Strike_R"],"score":404,"play_id":"42a35249-a837-4747-88f8-70560f68b3e3","local_time":"20210224221244","is_ascension_mode":true,"campfire_choices":[{"data":"Feel No Pain","floor":7.0,"key":"SMITH"},{"data":"Fire Breathing","floor":15,"key":"SMITH"}],"circlet_count":0,"master_deck":["AscendersBane","Strike_R","Strike_R","Strike_R","Defend_R","Defend_R","Defend_R","Bash","Anger","Feel No Pain+1","Shrug It Off","Fire Breathing+1","True Grit","Battle Trance","Feed","Shrug It Off"],"relics":["Burning Blood","NeowsBlessing","Bottled Tornado","Kunai","Shuriken","CaptainsWheel","Empty Cage"],"acts_visited":["TheCity"],"potions_floor_usage":[],"damage_taken":[{"damage":0.0,"enemies":"Cultist","floor":1.0,"turns":1.0},{"damage":0.0,"enemies":"Jaw Worm","floor":4.0,"turns":1.0},{"damage":0.0,"enemies":"Lagavulin","floor":6.0,"turns":1.0},{"damage":20.0,"enemies":"3 Sentries","floor":8.0,"turns":6.0},{"damage":13.0,"enemies":"Small Slimes","floor":10.0,"turns":4.0},{"damage":1.0,"enemies":"2 Fungi Beasts","floor":12.0,"turns":4.0},{"damage":4.0,"enemies":"Exordium Wildlife","floor":14.0,"turns":4.0},{"damage":11,"enemies":"Slime Boss","floor":16,"turns":8},{"damage":15,"enemies":"Shell Parasite","floor":18,"turns":8},{"damage":75,"enemies":"Masked Bandits","floor":19,"turns":4}],"seed_played":"8091738501675406866","potions_obtained":[{"floor":6.0,"key":"LiquidBronze"},{"floor":12.0,"key":"AttackPotion"},{"floor":14,"key":"SteroidPotion"},{"floor":16,"key":"FearPotion"}],"is_trial":false,"path_per_floor":["M","$","$","M","$","E","R","E","T","M","?","M","$","M","R","B",null,"M","?"],"character_chosen":"IRONCLAD","items_purchased":["Feel No Pain"],"campfire_rested":0,"item_purchase_floors":[2],"current_hp_per_floor":[74,74,74,75,75,75,75,61,61,54,49,54,54,56,56,51,69,60,0,0],"gold":169,"neow_bonus":"THREE_ENEMY_KILL","is_daily":false,"chose_seed":false,"campfire_upgraded":2,"win_rate":0.0,"timestamp":1614226364,"path_taken":["M","?","$","?","$","E","R","E","T","M","?","M","$","M","R","BOSS","M","?"],"items_purchased_type":["Card"],"build_version":"2020-12-18","purchased_purges":1,"victory":false,"max_hp_per_floor":[75,75,75,75,75,75,75,75,75,75,75,75,75,75,75,75,75,75,75,75],"relic_stats":{"counters":[3,20],"Shuriken":[6],"Kunai":[6],"obtain_stats":[{"CaptainsWheel":0,"NeowsBlessing":0,"Shuriken":0,"Kunai":0,"Bottled Tornado":0,"Empty Cage":17,"Burning Blood":0},{"CaptainsWheel":0,"NeowsBlessing":0,"Shuriken":0,"Kunai":0,"Bottled Tornado":0,"Empty Cage":1,"Burning Blood":0},{"CaptainsWheel":0,"NeowsBlessing":0,"Shuriken":0,"Kunai":0,"Bottled Tornado":0,"Empty Cage":8,"Burning Blood":0}],"Burning Blood":12},"card_choices":[{"not_picked":["Havoc","Intimidate"],"picked":"Anger","floor":1.0},{"not_picked":["Thunderclap","Second Wind"],"picked":"Shrug It Off","floor":4.0},{"not_picked":["Pummel","Shrug It Off"],"picked":"Fire Breathing","floor":6.0},{"not_picked":["Inflame","Carnage"],"picked":"True Grit","floor":8.0},{"not_picked":["Flame Barrier","Flex","Thunderclap"],"picked":"SKIP","floor":10.0},{"not_picked":["Dropkick","Sword Boomerang"],"picked":"Battle Trance","floor":12.0},{"not_picked":["Armaments","Uppercut","Hemokinesis"],"picked":"SKIP","floor":14},{"not_picked":["Demon Form","Double Tap"],"picked":"Feed","floor":16},{"not_picked":["Anger","Sword Boomerang"],"picked":"Shrug It Off","floor":18}],"player_experience":3553820,"relics_obtained":[{"floor":6.0,"key":"Bottled Tornado"},{"floor":8.0,"key":"Kunai"},{"floor":9.0,"key":"Shuriken"}],"event_choices":[{"damage_healed":0.0,"max_hp_gain":0.0,"max_hp_loss":0.0,"gold_gain":0.0,"event_name":"Scrap Ooze","player_choice":"Success","floor":11.0,"gold_loss":0.0,"damage_taken":5.0,"relics_obtained":["CaptainsWheel"]},{"damage_healed":0,"gold_gain":0,"player_choice":"Fought Bandits","damage_taken":0,"max_hp_gain":0,"max_hp_loss":0,"event_name":"Masked Bandits","floor":19,"gold_loss":0}],"is_beta":true,"boss_relics":[{"not_picked":["Black Star","SacredBark"],"picked":"Empty Cage"}],"items_purged_floors":[13],"is_endless":false,"potions_floor_spawned":[6,12,14,16],"killed_by":"Masked Bandits","ascension_level":20}}