{"host":"w14xfy17z3c5mpoi","time":1614229737,"event":{"mods":["AchievementEnabler","BaseMod","Minty Spire (QoL Compilation)","Relic Stats"],"gold_per_floor":[116,134,134,150,21,21,52,66,89,89,105,116,130,164,164,235,235,250,263,282,298,13,43,59,59,59,91,119,131,143,155,167,179,179],"floor_reached":33,"language":"ENG","playtime":2564,"items_purged":["Strike_G","Strike_G"],"score":834,"play_id":"a22edab0-9fdf-47a1-ba7b-9d5663d07a5a","local_time":"20210225000857","is_ascension_mode":true,"campfire_choices":[{"data":"Sucker Punch","floor":6,"key":"SMITH"},{"data":"Malaise","floor":10,"key":"SMITH"},{"data":"Terror","floor":15,"key":"SMITH"},{"floor":25,"key":"REST"},{"floor":30,"key":"REST"},{"floor":32,"key":"REST"}],"circlet_count":0,"master_deck":["AscendersBane","Strike_G","Strike_G","Strike_G","Defend_G","Defend_G","Defend_G","Defend_G","Defend_G","Survivor","Neutralize+1","Dagger Throw","Poisoned Stab","Dagger Throw","Sucker Punch+1","Malaise+1","Terror+1","Bouncing Flask","Backflip","Deadly Poison","Burst","Escape Plan","PiercingWail","Dagger Spray","Well Laid Plans","Heel Hook","Poisoned Stab","Decay","Noxious Fumes"],"relics":["Ring of the Snake","Toy Ornithopter","Bronze Scales","Regal Pillow","Juzu Bracelet","Fusion Hammer","Centennial Puzzle","Ornamental Fan","MawBank"],"acts_visited":["Exordium","TheCity"],"potions_floor_usage":[2,7,14,20,20,21,23,23,28,28],"damage_taken":[{"damage":2,"enemies":"Jaw Worm","floor":1,"turns":4},{"damage":0,"enemies":"Cultist","floor":2,"turns":4},{"damage":0,"enemies":"2 Louse","floor":4,"turns":3},{"damage":19,"enemies":"3 Sentries","floor":7,"turns":8},{"damage":0,"enemies":"Exordium Wildlife","floor":8,"turns":3},{"damage":8,"enemies":"3 Louse","floor":11,"turns":3},{"damage":4,"enemies":"Red Slaver","floor":12,"turns":4},{"damage":5,"enemies":"Blue Slaver","floor":13,"turns":3},{"damage":8,"enemies":"Lagavulin","floor":14,"turns":6},{"damage":8,"enemies":"Hexaghost","floor":16,"turns":8},{"damage":9,"enemies":"Spheric Guardian","floor":18,"turns":6},{"damage":1,"enemies":"3 Byrds","floor":19,"turns":3},{"damage":16,"enemies":"Cultist and Chosen","floor":20,"turns":6},{"damage":12,"enemies":"Chosen and Byrds","floor":21,"turns":7},{"damage":29,"enemies":"Slavers","floor":23,"turns":7},{"damage":5,"enemies":"Snake Plant","floor":24,"turns":4},{"damage":27,"enemies":"Book of Stabbing","floor":27,"turns":7},{"damage":5,"enemies":"Sentry and Sphere","floor":28,"turns":4},{"damage":82,"enemies":"Champ","floor":33,"turns":13}],"seed_played":"2667252864953603497","potions_obtained":[{"floor":1,"key":"Explosive Potion"},{"floor":4,"key":"Explosive Potion"},{"floor":11,"key":"Weak Potion"},{"floor":12,"key":"LiquidMemories"},{"floor":14,"key":"BlessingOfTheForge"},{"floor":20,"key":"EssenceOfSteel"},{"floor":27,"key":"SteroidPotion"},{"floor":28,"key":"Fruit Juice"}],"is_trial":false,"path_per_floor":["M","M","?","M","$","R","E","M","T","R","M","M","M","E","R","B",null,"M","M","M","M","$","E","M","R","T","E","M","?","R","?","R","B"],"character_chosen":"THE_SILENT","items_purchased":["Sucker Punch","Well Laid Plans","DistilledChaos","ColorlessPotion"],"campfire_rested":3,"item_purchase_floors":[5,22,22,22],"current_hp_per_floor":[57,62,62,62,62,62,48,48,48,48,40,36,31,28,28,20,55,46,45,39,32,32,13,8,42,42,15,25,25,61,61,71,0,0],"gold":179,"neow_bonus":"RANDOM_COMMON_RELIC","is_daily":false,"chose_seed":false,"campfire_upgraded":3,"win_rate":0.0,"timestamp":1614229737,"path_taken":["M","M","?","?","$","R","E","M","T","R","M","M","M","E","R","BOSS","M","M","M","M","$","E","M","R","T","E","M","?","R","?","R","BOSS"],"items_purchased_type":["Card","Card","Potion","Potion"],"build_version":"2020-12-22","purchased_purges":2,"victory":false,"max_hp_per_floor":[66,66,66,66,66,66,66,66,66,66,66,66,66,66,66,66,66,66,66,66,66,66,66,66,66,66,66,71,71,71,71,71,71,71],"relic_stats":{"Regal Pillow":30,"Centennial Puzzle":[12],"counters":[19,103],"Ornamental Fan":[28],"Bronze Scales":[302],"Juzu Bracelet":1,"MawBank":72,"obtain_stats":[{"Regal Pillow":9,"Centennial Puzzle":23,"Ornamental Fan":26,"Bronze Scales":7,"Fusion Hammer":17,"Juzu Bracelet":14,"MawBank":27,"Toy Ornithopter":0,"Ring of the Snake":0},{"Regal Pillow":5,"Centennial Puzzle":15,"Ornamental Fan":16,"Bronze Scales":4,"Fusion Hammer":10,"Juzu Bracelet":9,"MawBank":17,"Toy Ornithopter":0,"Ring of the Snake":0},{"Regal Pillow":22,"Centennial Puzzle":75,"Ornamental Fan":79,"Bronze Scales":19,"Fusion Hammer":46,"Juzu Bracelet":38,"MawBank":86,"Toy Ornithopter":0,"Ring of the Snake":0}],"Toy Ornithopter":50,"Ring of the Snake":[38]},"card_choices":[{"not_picked":["Distraction","Outmaneuver"],"picked":"Dagger Throw","floor":1},{"not_picked":["Bane","Acrobatics"],"picked":"Poisoned Stab","floor":2},{"not_picked":["Distraction","Accuracy"],"picked":"Dagger Throw","floor":4},{"not_picked":["Choke","Concentrate"],"picked":"Malaise","floor":7},{"not_picked":["Bane","Skewer","Calculated Gamble"],"picked":"SKIP","floor":8},{"not_picked":["Deadly Poison","Skewer"],"picked":"Terror","floor":11},{"not_picked":["Acrobatics","Dagger Throw"],"picked":"Bouncing Flask","floor":12},{"not_picked":["Quick Slash","Cloak And Dagger"],"picked":"Backflip","floor":13},{"not_picked":["Quick Slash","Eviscerate"],"picked":"Deadly Poison","floor":14},{"not_picked":["Envenom","Malaise"],"picked":"Burst","floor":16},{"not_picked":["Tactician+1","Outmaneuver"],"picked":"Escape Plan","floor":18},{"not_picked":["Sucker Punch","Riddle With Holes"],"picked":"PiercingWail","floor":19},{"not_picked":["Dodge and Roll","Terror+1","Phantasmal Killer"],"picked":"SKIP","floor":20},{"not_picked":["Quick Slash","Flying Knee"],"picked":"Dagger Spray","floor":21},{"not_picked":["Slice","Dodge and Roll"],"picked":"Heel Hook","floor":23},{"not_picked":["Dodge and Roll","Dagger Spray","Storm of Steel"],"picked":"SKIP","floor":24},{"not_picked":["Reflex","Underhanded Strike","Eviscerate"],"picked":"SKIP","floor":27},{"not_picked":["Distraction","Slice"],"picked":"Poisoned Stab","floor":28}],"player_experience":812163,"relics_obtained":[{"floor":7,"key":"Bronze Scales"},{"floor":9,"key":"Regal Pillow"},{"floor":14,"key":"Juzu Bracelet"},{"floor":23,"key":"Centennial Puzzle"},{"floor":26,"key":"Ornamental Fan"},{"floor":27,"key":"MawBank"}],"event_choices":[{"damage_healed":0,"gold_gain":0,"player_choice":"Upgraded","damage_taken":0,"max_hp_gain":0,"max_hp_loss":0,"event_name":"Upgrade Shrine","floor":3,"gold_loss":0,"cards_upgraded":["Neutralize"]},{"damage_healed":0,"gold_gain":0,"player_choice":"Cursed","damage_taken":0,"max_hp_gain":0,"max_hp_loss":0,"event_name":"Wheel of Change","floor":29,"gold_loss":0,"cards_obtained":["Decay"]},{"damage_healed":0,"gold_gain":0,"player_choice":"Read","damage_taken":0,"max_hp_gain":0,"max_hp_loss":0,"event_name":"The Library","floor":31,"gold_loss":0,"cards_obtained":["Noxious Fumes"]}],"is_beta":false,"boss_relics":[{"not_picked":["Empty Cage","SacredBark"],"picked":"Fusion Hammer"}],"items_purged_floors":[5,22],"is_endless":false,"potions_floor_spawned":[1,4,11,12,14,18,20,27,28],"killed_by":"Champ","ascension_level":17}}