{"host":"emqr263yqun247y7","time":1614292463,"event":{"mods":["Aspiration","BaseMod","Bestiary","BetterRewards","Colored Map","Curses Come First","Downfall","Hubris","Infinite Spire","Jorbs\u0027s Wanderer Trilogy","Marisa????????","Minty Spire (QoL Compilation)","READ ME - Guardian Mod","Replay The Spire","Robot Space Explorer","Spire Arcade","StSLib","The Bug Knight","The Cursed","The Disciple","The Hierophant","The Runesmith","The Servant 0.9.4","Yuri Mod","slay the spire mod where everything is the same but ironclad has a cowboy hat"],"gold_per_floor":[109,129,144,144,144,144,178,178,178,178,193,209,242,242,242,338,338,355,368,368,368,47,61,95,114,189,189,189,189],"floor_reached":28,"language":"ENG","playtime":2116,"items_purged":[],"score":273,"play_id":"67748468-87cf-48fc-8ccd-df71935016b1","local_time":"20210225143423","is_ascension_mode":false,"campfire_choices":[{"data":"RobotSpaceExplorer:MiniLasers","floor":6,"key":"SMITH"},{"data":"RobotSpaceExplorer:ExhaustFan","floor":8,"key":"SMITH"},{"data":"RobotSpaceExplorer:LuckyStrike","floor":10,"key":"SMITH"},{"floor":15,"key":"REST"},{"floor":27,"key":"REST"}],"circlet_count":0,"master_deck":["RobotSpaceExplorer:Strike","RobotSpaceExplorer:Strike","RobotSpaceExplorer:Strike","RobotSpaceExplorer:Strike","RobotSpaceExplorer:Defend","RobotSpaceExplorer:Defend","RobotSpaceExplorer:Defend","RobotSpaceExplorer:Defend","RobotSpaceExplorer:Scan","RobotSpaceExplorer:MiniLasers+1","RobotSpaceExplorer:StarDust+1","RobotSpaceExplorer:SwiftStep","RobotSpaceExplorer:LuckyStrike+1","RobotSpaceExplorer:ExhaustFan+1","RobotSpaceExplorer:ExhaustFan","RobotSpaceExplorer:Reload","RobotSpaceExplorer:LuckyStrike","infinitespire:NeuralNetwork","RobotSpaceExplorer:Multitool","RobotSpaceExplorer:SurgingShield","RobotSpaceExplorer:DoubleBlock+1","RobotSpaceExplorer:ScrapMissile","RobotSpaceExplorer:ScrapMissile","hierophant:MirrorShield","Fire Breathing+1","Runesmith:MakeshiftArmor"],"relics":["RobotSpaceExplorer:RoboCore","Ring of Searing","Ring of Fury","HollowMod:LifeEnderRelic","Replay:Accelerometer","aspiration:SeaSaltIceCream","hubris:DisguiseKit","Velvet Choker","PrismaticShard","hubris:ScarierMask","hubris:Icosahedron","Replay:PocketPolymizer","infinitespire:Satchel"],"acts_visited":["Exordium","TheCity"],"potions_floor_usage":[16,28,28],"damage_taken":[{"damage":0,"enemies":"2 Louse","floor":1,"turns":2},{"damage":0,"enemies":"Small Slimes","floor":2,"turns":4},{"damage":6,"enemies":"Jaw Worm","floor":3,"turns":6},{"damage":32,"enemies":"3 Sentries","floor":7,"turns":6},{"damage":21,"enemies":"Exordium Thugs","floor":11,"turns":4},{"damage":0,"enemies":"Exordium Wildlife","floor":12,"turns":2},{"damage":0,"enemies":"HollowMod:MossKnight","floor":13,"turns":3},{"damage":8,"enemies":"Hexaghost","floor":16,"turns":6},{"damage":12,"enemies":"Spheric Guardian","floor":18,"turns":3},{"damage":27,"enemies":"Shell Parasite","floor":19,"turns":5},{"damage":0,"enemies":"Centurion and Healer","floor":23,"turns":3},{"damage":17,"enemies":"Book of Stabbing","floor":24,"turns":6},{"damage":20,"enemies":"Snecko","floor":25,"turns":7},{"damage":34,"enemies":"Gremlin Leader","floor":28,"turns":5}],"seed_played":"8268019724925688521","potions_obtained":[{"floor":11,"key":"RobotSpaceExplorer:PlasmaFlask"},{"floor":12,"key":"Toxic Potion"},{"floor":16,"key":"RobotSpaceExplorer:LiquidFusion"},{"floor":18,"key":"Languid Potion"},{"floor":19,"key":"Fire Potion"},{"floor":24,"key":"PowerPotion"}],"is_trial":false,"path_per_floor":["M","M","M","?","?","R","E","R","T","R","M","M","E","?","R","B",null,"M","M","AVR","?","$","M","E","M","T","R","E"],"character_chosen":"RobotSpaceExplorer","items_purchased":["Replay:PocketPolymizer","RobotSpaceExplorer:ScrapMissile"],"campfire_rested":2,"item_purchase_floors":[22,22],"current_hp_per_floor":[82,82,76,76,76,76,44,44,44,44,23,23,23,4,28,20,82,70,43,43,43,43,43,26,6,6,30,0,0],"gold":189,"neow_bonus":"TEN_PERCENT_HP_BONUS","is_daily":false,"chose_seed":false,"campfire_upgraded":3,"win_rate":0.0,"timestamp":1614292463,"path_taken":["M","M","M","?","?","R","E","R","T","R","M","M","E","?","R","BOSS","M","M","AVR","?","?","M","E","M","T","R","E"],"items_purchased_type":["Relic","Card"],"build_version":"2020-12-22","purchased_purges":0,"victory":false,"max_hp_per_floor":[82,82,82,82,82,82,82,82,82,82,82,82,82,82,82,82,82,82,82,82,82,82,82,82,82,82,82,82,82],"card_choices":[{"not_picked":["RobotSpaceExplorer:BigMissile","RobotSpaceExplorer:ScrapMissile"],"picked":"RobotSpaceExplorer:StarDust","floor":1},{"not_picked":["RobotSpaceExplorer:FrostMissile","RobotSpaceExplorer:StunGrenade"],"picked":"RobotSpaceExplorer:SwiftStep","floor":2},{"not_picked":["RobotSpaceExplorer:SwiftStep","RobotSpaceExplorer:Explosion"],"picked":"RobotSpaceExplorer:LuckyStrike","floor":3},{"not_picked":["RobotSpaceExplorer:Discharger","RobotSpaceExplorer:Ammunition"],"picked":"RobotSpaceExplorer:ExhaustFan","floor":7},{"not_picked":["RobotSpaceExplorer:StunGrenade","RobotSpaceExplorer:Probe"],"picked":"RobotSpaceExplorer:ExhaustFan","floor":11},{"not_picked":["RobotSpaceExplorer:GearShield","RobotSpaceExplorer:SlimeMissile"],"picked":"RobotSpaceExplorer:Reload","floor":12},{"not_picked":["RobotSpaceExplorer:MiniDrones","RobotSpaceExplorer:ScrapMissile"],"picked":"RobotSpaceExplorer:LuckyStrike","floor":13},{"not_picked":["infinitespire:FinalStrike","infinitespire:SealOfDarkness+"],"picked":"infinitespire:NeuralNetwork","floor":14},{"not_picked":["RobotSpaceExplorer:BlastShield","RobotSpaceExplorer:DroneSwarm","Runesmith:CraftMedicinae"],"picked":"RobotSpaceExplorer:Multitool","floor":16},{"not_picked":["RobotSpaceExplorer:SwiftStep","RobotSpaceExplorer:Electroshield+1","Runesmith:Overpower"],"picked":"RobotSpaceExplorer:SurgingShield","floor":18},{"not_picked":["RobotSpaceExplorer:ShockKick+1","RobotSpaceExplorer:ShovelStrike","Runesmith:HeatExchange"],"picked":"RobotSpaceExplorer:DoubleBlock+1","floor":19},{"not_picked":["Replay:Hum","yuri:SeeingDouble+1","Runesmith:Augment"],"picked":"hierophant:MirrorShield","floor":23},{"not_picked":["BasicCrystalCard","stsjorbsmod:Feint","Runesmith:Terraform"],"picked":"Fire Breathing+1","floor":24},{"not_picked":["yuri:SelfHarm","HollowMod:BlackTendrils","Slimebound:SplitAcid+1"],"picked":"Runesmith:MakeshiftArmor","floor":25}],"player_experience":736795,"relics_obtained":[{"floor":5,"key":"Ring of Searing"},{"floor":5,"key":"Ring of Fury"},{"floor":7,"key":"HollowMod:LifeEnderRelic"},{"floor":9,"key":"Replay:Accelerometer"},{"floor":13,"key":"aspiration:SeaSaltIceCream"},{"floor":24,"key":"infinitespire:Satchel"}],"event_choices":[],"is_beta":false,"boss_relics":[{"not_picked":["ReplayTheSpireMod:DimensionalGlitch","SacredBark"],"picked":"Velvet Choker"}],"items_purged_floors":[],"is_endless":false,"potions_floor_spawned":[11,12,16,18,19,24],"killed_by":"Gremlin Leader","ascension_level":0}}