{"host":"2lo6hma6kymb0g9i","time":1614235079,"event":{"mods":["BaseMod","Colored Map","DeckTracker","Minty Spire (QoL Compilation)"],"gold_per_floor":[116,191,191,191,203,203,228,242,269,289,289,289],"floor_reached":11,"language":"JPN","playtime":337,"items_purged":[],"score":196,"play_id":"f4d3c47d-1b7d-41d7-aab5-041e40384d54","local_time":"20210225153759","is_ascension_mode":true,"campfire_choices":[{"data":"Dash","floor":6,"key":"SMITH"}],"circlet_count":0,"master_deck":["AscendersBane","Strike_G","Strike_G","Strike_G","Strike_G","Strike_G","Defend_G","Defend_G","Defend_G","Defend_G","Defend_G","Survivor","Neutralize","Dash+1","Flying Knee","Outmaneuver","PiercingWail"],"relics":["Ring of the Snake","NeowsBlessing","Smiling Mask","Blood Vial","Bronze Scales"],"acts_visited":["Exordium"],"potions_floor_usage":[11,11],"damage_taken":[{"damage":0,"enemies":"2 Louse","floor":1,"turns":1},{"damage":0,"enemies":"Jaw Worm","floor":5,"turns":1},{"damage":0,"enemies":"Gremlin Nob","floor":7,"turns":1},{"damage":0,"enemies":"Cultist","floor":8,"turns":4},{"damage":7,"enemies":"Exordium Wildlife","floor":10,"turns":3},{"damage":5,"enemies":"Lagavulin","floor":11,"turns":6}],"seed_played":"6396835288677700074","potions_obtained":[{"floor":5,"key":"Weak Potion"},{"floor":8,"key":"Strength Potion"}],"is_trial":false,"path_per_floor":["M","?","$","?","M","R","E","M","T","M","E"],"character_chosen":"THE_SILENT","items_purchased":[],"campfire_rested":0,"item_purchase_floors":[],"current_hp_per_floor":[59,48,48,48,48,48,48,50,50,45,42,42],"gold":289,"neow_bonus":"THREE_ENEMY_KILL","is_daily":false,"chose_seed":false,"campfire_upgraded":1,"win_rate":0.0,"timestamp":1614235079,"path_taken":["M","?","$","?","M","R","E","M","T","M","E"],"items_purchased_type":[],"build_version":"2020-12-22","purchased_purges":0,"victory":false,"max_hp_per_floor":[66,66,66,66,66,66,66,66,66,66,66,66],"card_choices":[{"not_picked":["Deadly Poison","Backflip","Outmaneuver"],"picked":"SKIP","floor":1},{"not_picked":["Deadly Poison","Slice"],"picked":"Dash","floor":5},{"not_picked":["Escape Plan","Underhanded Strike"],"picked":"Flying Knee","floor":7},{"not_picked":["Deflect","Dodge and Roll","Outmaneuver"],"picked":"SKIP","floor":8},{"not_picked":["Deflect","Dodge and Roll"],"picked":"Outmaneuver","floor":8},{"not_picked":["Dodge and Roll","Deflect"],"picked":"PiercingWail","floor":10}],"player_experience":1250361,"relics_obtained":[{"floor":4,"key":"Smiling Mask"},{"floor":7,"key":"Blood Vial"},{"floor":9,"key":"Bronze Scales"}],"event_choices":[{"damage_healed":0,"gold_gain":75,"player_choice":"Gather Gold","damage_taken":11,"max_hp_gain":0,"max_hp_loss":0,"event_name":"World of Goop","floor":2,"gold_loss":0},{"damage_healed":0,"gold_gain":0,"player_choice":"Relic","damage_taken":0,"max_hp_gain":0,"max_hp_loss":0,"event_name":"Wheel of Change","floor":4,"gold_loss":0}],"is_beta":false,"boss_relics":[],"items_purged_floors":[],"is_endless":false,"potions_floor_spawned":[5,8],"killed_by":"Lagavulin","ascension_level":20}}