{"host":"k653q14gphaoox56","time":1614224512,"event":{"mods":["BaseMod","Colored Map","Conspire","DeckTracker","Hubris","Infinite Spire","Minty Spire (QoL Compilation)","Replay The Spire","StSLib"],"gold_per_floor":[115,115,115,125,300,300,13,13,65,84,94,94,125,138,138,237,237,253,253,253,253,265,265,141,203,249,260,260,260,279,350,350,453,453,464,574,624,637,647,672,207,207,207,207,234,253,291,311,311,325,325],"floor_reached":50,"language":"ENG","playtime":3219,"items_purged":["Shame","Strike_G","Strike_G","Dagger Throw"],"score":627,"play_id":"729f61e4-0800-4763-a9e6-edd257446f85","local_time":"20210224224152","is_ascension_mode":false,"campfire_choices":[{"data":"Noxious Fumes","floor":6,"key":"SMITH"},{"data":"Survivor","floor":8,"key":"SMITH"},{"floor":23,"key":"REST"},{"data":"Strike_G","floor":42,"key":"PURGE"},{"floor":49,"key":"REST"}],"circlet_count":0,"master_deck":["Defend_G","Defend_G","Defend_G","Defend_G","Defend_G","Survivor+1","Neutralize","Noxious Fumes+1","Noxious Fumes+1","Dagger Throw","Noxious Fumes","Poisoned Stab","Noxious Fumes","Catalyst","Catalyst","infinitespire:Neurotoxin+1","Deadly Poison","Bane","Caltrops","Tools of the Trade","hubris:SlightOfHand+1","Replay:Bootleg Shield Generator","Swift Strike","Madness","hubris:Fate","infinitespire:Fortify","Cloak And Dagger","Deadly Poison","Caltrops","Slice","Deadly Poison+1","Replay:Poison Smokescreen","ReplayTheSpireMod:Necrosis","Bane","Toxin Wave+1","Toxin Wave","Prepared+1","Bane","Infinite Blades","Burst","Mayhem","Infinite Blades","hubris:SlightOfHand","Sucker Punch+1","Toxin Wave"],"relics":["Ring of the Snake","ReplayFunnel","Ring of Peace","Ring of Panic","Orrery","Snake Skull","infinitespire:Beetle Shell","Blood Vial","Replay:Drink Me","hubris:Icosahedron","White Beast Statue","infinitespire:Bottled Soul","Replay:Mystery Machine","Mirror","hubris:ScarierMask","Peace Pipe","Replay:Bandana","infinitespire:Golems Mask","Meat on the Bone","conspire:Dentures"],"acts_visited":["Exordium","TheCity","TheBeyond"],"potions_floor_usage":[16,16,16,27,33,35,36,37,38,40,45,46,47,50,50],"damage_taken":[{"damage":0,"enemies":"Jaw Worm","floor":1,"turns":6},{"damage":0,"enemies":"2 Louse","floor":4,"turns":4},{"damage":0,"enemies":"Cultist","floor":10,"turns":3},{"damage":12,"enemies":"Large Slime","floor":11,"turns":5},{"damage":0,"enemies":"Gremlin Nob","floor":13,"turns":3},{"damage":0,"enemies":"2 Fungi Beasts","floor":14,"turns":3},{"damage":19,"enemies":"The Guardian","floor":16,"turns":6},{"damage":0,"enemies":"Chosen","floor":18,"turns":4},{"damage":0,"enemies":"3 Byrds","floor":22,"turns":4},{"damage":0,"enemies":"Cultist and Chosen","floor":27,"turns":6},{"damage":0,"enemies":"3 Cultists","floor":30,"turns":4},{"damage":46,"enemies":"Automaton","floor":33,"turns":7},{"damage":0,"enemies":"Orb Walker","floor":35,"turns":4},{"damage":0,"enemies":"3 Darklings","floor":36,"turns":2},{"damage":0,"enemies":"Mind Bloom Boss Battle","floor":37,"turns":2},{"damage":0,"enemies":"4 Shapes","floor":38,"turns":3},{"damage":0,"enemies":"Sphere and 2 Shapes","floor":39,"turns":3},{"damage":15,"enemies":"Nemesis","floor":40,"turns":7},{"damage":0,"enemies":"Jaw Worm Horde","floor":45,"turns":3},{"damage":0,"enemies":"Transient","floor":46,"turns":5},{"damage":43,"enemies":"Nightmare","floor":47,"turns":8},{"damage":0,"enemies":"Spire Growth","floor":48,"turns":3},{"damage":89,"enemies":"LordOfAnnihilation","floor":50,"turns":10}],"seed_played":"-4232341231902199890","potions_obtained":[{"floor":1,"key":"Dexterity Potion"},{"floor":13,"key":"SpeedPotion"},{"floor":14,"key":"Elixir"},{"floor":22,"key":"SkillPotion"},{"floor":27,"key":"Toxic Potion"},{"floor":30,"key":"SteroidPotion"},{"floor":33,"key":"ColorlessPotion"},{"floor":35,"key":"Fire Potion"},{"floor":36,"key":"LifebloodPotion"},{"floor":37,"key":"SteroidPotion"},{"floor":38,"key":"Toxic Potion"},{"floor":39,"key":"SkillPotion"},{"floor":40,"key":"DistilledChaos"},{"floor":45,"key":"AttackPotion"},{"floor":46,"key":"AttackPotion"},{"floor":47,"key":"Dexterity Potion"},{"floor":48,"key":"Poison Potion"}],"is_trial":false,"path_per_floor":["M","?","?","M","?","R","$","R","T","M","M","?","E","M","R_BF","B",null,"M","?","?","AVR","M","R","$","?","T","M","?","?","M","T","R_BF","B",null,"M","M","?","M","M","E","$","R","T","AVR","M","M","NM","M","R","B"],"character_chosen":"THE_SILENT","items_purchased":["Orrery","Catalyst","Deadly Poison","Burst","Mayhem"],"campfire_rested":2,"item_purchase_floors":[7,7,24,41,41],"current_hp_per_floor":[70,70,70,70,70,70,70,70,70,70,58,58,58,60,70,51,53,53,53,26,26,28,43,43,22,22,39,39,39,41,41,53,7,53,53,53,53,53,53,38,38,38,38,38,40,42,13,27,42,0,0],"gold":325,"neow_bonus":"RANDOM_COMMON_RELIC","is_daily":false,"chose_seed":false,"campfire_upgraded":2,"win_rate":0.0,"timestamp":1614224512,"path_taken":["M","?","?","?","?","R","$","R","T","M","M","?","E","M","R_BF","BOSS","M","?","?","AVR","?","R","$","?","T","M","?","?","M","?","R_BF","BOSS","M","?","?","M","M","E","$","R","T","AVR","M","M","NM","M","R","BOSS"],"items_purchased_type":["Relic","Card","Card","Card","Card"],"build_version":"2020-12-22","purchased_purges":4,"victory":false,"max_hp_per_floor":[70,70,70,70,70,70,70,70,70,70,70,70,70,70,70,70,53,53,53,53,53,53,53,53,53,53,53,53,53,53,53,53,53,53,53,53,53,53,53,53,53,53,53,53,53,53,53,53,53,53,53],"card_choices":[{"not_picked":["Underhanded Strike","Outmaneuver"],"picked":"Dagger Throw","floor":1},{"not_picked":["Prepared","Deadly Poison"],"picked":"Noxious Fumes","floor":4},{"not_picked":["Bouncing Flask","All Out Attack"],"picked":"Noxious Fumes","floor":7},{"not_picked":["Sucker Punch","Flechettes"],"picked":"Dagger Throw","floor":7},{"not_picked":["Blade Dance","Prepared"],"picked":"Noxious Fumes","floor":7},{"not_picked":["Sucker Punch","Hidden Blade"],"picked":"Poisoned Stab","floor":7},{"not_picked":["Underhanded Strike","Blur"],"picked":"Noxious Fumes","floor":7},{"not_picked":["Masterful Stab","Escape Plan"],"picked":"infinitespire:Neurotoxin","floor":10},{"not_picked":["Outmaneuver","hubris:Sniper"],"picked":"Deadly Poison","floor":11},{"not_picked":["Slice","Adrenaline"],"picked":"Bane","floor":13},{"not_picked":["Flying Knee","ReplayTheSpireMod:Speed Training"],"picked":"Caltrops","floor":14},{"not_picked":["Malaise","Night Terror"],"picked":"Tools of the Trade","floor":16},{"not_picked":["Acrobatics","Slice"],"picked":"hubris:SlightOfHand+1","floor":18},{"not_picked":["hubris:SlightOfHand","Deflect"],"picked":"Cloak And Dagger","floor":22},{"not_picked":["Dagger Spray","Underhanded Strike+1"],"picked":"Caltrops","floor":25},{"not_picked":["Heel Hook","After Image"],"picked":"Slice","floor":25},{"not_picked":["conspire:DoublingDagger+1","Bane+1"],"picked":"Deadly Poison+1","floor":27},{"not_picked":["Outmaneuver","Choke"],"picked":"Replay:Poison Smokescreen","floor":30},{"not_picked":["Unload","Storm of Steel"],"picked":"ReplayTheSpireMod:Necrosis","floor":33},{"not_picked":["Prepared+1","Well Laid Plans+1"],"picked":"Bane","floor":35},{"not_picked":["PiercingWail+1","Blade Dance"],"picked":"Toxin Wave+1","floor":36},{"not_picked":["Heel Hook+1","hubris:Counter"],"picked":"Toxin Wave","floor":37},{"not_picked":["Riddle With Holes+1","PiercingWail+1"],"picked":"Prepared+1","floor":38},{"not_picked":["Deflect+1","Predator+1"],"picked":"Bane","floor":39},{"not_picked":["Heel Hook","Flechettes"],"picked":"Infinite Blades","floor":40},{"not_picked":["All Out Attack","Slice+1"],"picked":"Infinite Blades","floor":45},{"not_picked":["Acrobatics","Fluid Movement"],"picked":"hubris:SlightOfHand","floor":46},{"not_picked":["infinitespire:Neurotoxin","Predator"],"picked":"Sucker Punch+1","floor":47},{"not_picked":["Flying Knee","Deflect"],"picked":"Toxin Wave","floor":48}],"player_experience":150039,"relics_obtained":[{"floor":2,"key":"Ring of Peace"},{"floor":2,"key":"Ring of Panic"},{"floor":9,"key":"Snake Skull"},{"floor":12,"key":"infinitespire:Beetle Shell"},{"floor":13,"key":"Blood Vial"},{"floor":25,"key":"infinitespire:Bottled Soul"},{"floor":26,"key":"Replay:Mystery Machine"},{"floor":31,"key":"Mirror"},{"floor":37,"key":"Peace Pipe"},{"floor":40,"key":"Replay:Bandana"},{"floor":43,"key":"infinitespire:Golems Mask"},{"floor":47,"key":"conspire:Dentures"}],"event_choices":[{"damage_healed":0,"gold_gain":0,"cards_transformed":["Voices"],"player_choice":"Transformed","damage_taken":0,"max_hp_gain":0,"max_hp_loss":0,"event_name":"Transmorgrifier","floor":3,"gold_loss":0,"cards_obtained":["Shame"]},{"damage_healed":0,"gold_gain":175,"player_choice":"AGREE","damage_taken":0,"max_hp_gain":0,"max_hp_loss":0,"event_name":"Liars Game","floor":5,"gold_loss":0,"cards_obtained":["Doubt"]},{"damage_healed":0,"gold_gain":0,"player_choice":"CARD CARD CARD ","damage_taken":27,"max_hp_gain":0,"max_hp_loss":0,"event_name":"Knowing Skull","floor":20,"potions_obtained":[],"gold_loss":0,"cards_obtained":["Replay:Bootleg Shield Generator","Swift Strike","Madness"]},{"damage_healed":0,"gold_gain":0,"player_choice":"Ignored","damage_taken":0,"max_hp_gain":0,"max_hp_loss":0,"event_name":"Ghosts","floor":28,"gold_loss":0},{"damage_healed":0,"gold_gain":0,"player_choice":"Fight","damage_taken":0,"max_hp_gain":0,"max_hp_loss":0,"event_name":"MindBloom","floor":37,"gold_loss":0}],"is_beta":false,"boss_relics":[{"not_picked":["Cursed Key","SacredBark"],"picked":"Replay:Drink Me"},{"not_picked":["Pandora\u0027s Box","Astrolabe"],"picked":"hubris:ScarierMask"}],"items_purged_floors":[7,24,41,44],"is_endless":true,"potions_floor_spawned":[1,13,14,22,27,30,33,35,36,37,38,39,40,45,46,47,48],"killed_by":"LordOfAnnihilation","ascension_level":0}}