{"host":"kh6fvhxn285ncg0o","time":1614244242,"event":{"mods":["Act Like it!","BaseMod","Colored Map","Friendly Minions","Keyboard Shortcuts","Minty Spire (QoL Compilation)","Quick Restart","Relic Stats","StSLib","SuperFastMode","UnlockEverythingMod"],"gold_per_floor":[113,38,38,55,71,96,96,123,123,123,143,174,190,206,206,283,283,303,203,118,130,148,148,148,148],"floor_reached":24,"language":"KOR","playtime":568,"items_purged":["Strike_R","Strike_R"],"score":436,"play_id":"6af2c1f4-3102-4beb-b1b8-9c22c0f5747c","local_time":"20210225181042","is_ascension_mode":true,"campfire_choices":[{"floor":10,"key":"DIG"},{"floor":15,"key":"DIG"},{"floor":23,"key":"DIG"}],"circlet_count":0,"master_deck":["AscendersBane","Strike_R","Defend_R","Defend_R","Defend_R","Defend_R","Bash","Immolate+1","Flame Barrier","Hemokinesis","Seeing Red","Burning Pact","Shrug It Off","Disarm","Feed","Feel No Pain+1"],"relics":["Burning Blood","WingedGreaves","Torii","Shovel","Toy Ornithopter","Frozen Egg 2","Thread and Needle","Runic Dome","Kunai","Darkstone Periapt"],"acts_visited":["Exordium","TheCity"],"potions_floor_usage":[12,16,18],"damage_taken":[{"damage":12,"enemies":"Cultist","floor":1,"turns":4},{"damage":0,"enemies":"2 Louse","floor":4,"turns":1},{"damage":7,"enemies":"Jaw Worm","floor":5,"turns":3},{"damage":32,"enemies":"Gremlin Nob","floor":6,"turns":4},{"damage":12,"enemies":"3 Sentries","floor":8,"turns":5},{"damage":0,"enemies":"2 Fungi Beasts","floor":11,"turns":1},{"damage":22,"enemies":"Lagavulin","floor":12,"turns":5},{"damage":0,"enemies":"3 Louse","floor":13,"turns":1},{"damage":3,"enemies":"Looter","floor":14,"turns":5},{"damage":30,"enemies":"Slime Boss","floor":16,"turns":8},{"damage":4,"enemies":"Shell Parasite","floor":18,"turns":3},{"damage":9,"enemies":"2 Thieves","floor":21,"turns":3},{"damage":4,"enemies":"3 Cultists","floor":22,"turns":5},{"damage":75,"enemies":"Gremlin Leader","floor":24,"turns":6}],"seed_played":"-6408845576412477902","potions_obtained":[{"floor":6,"key":"Explosive Potion"},{"floor":8,"key":"Strength Potion"},{"floor":13,"key":"Swift Potion"},{"floor":21,"key":"Block Potion"}],"is_trial":false,"path_per_floor":["M","$","?","M","M","E","?","E","T","R","M","E","M","M","R","B",null,"M","$","?","M","M","R","E"],"character_chosen":"IRONCLAD","items_purchased":[],"campfire_rested":0,"item_purchase_floors":[],"current_hp_per_floor":[62,62,62,68,67,41,41,35,35,35,41,30,36,39,39,20,56,66,66,66,63,68,68,0,0],"gold":148,"neow_bonus":"REMOVE_TWO","is_daily":false,"chose_seed":false,"campfire_upgraded":0,"win_rate":0.0,"timestamp":1614244242,"path_taken":["M","?","?","M","?","E","?","E","T","R","M","E","M","M","R","BOSS","M","$","?","M","M","R","E"],"items_purchased_type":[],"build_version":"2020-12-22","purchased_purges":2,"victory":false,"max_hp_per_floor":[68,68,68,68,68,68,68,68,68,68,68,68,68,68,68,68,68,71,71,71,71,74,74,74,74],"relic_stats":{"Darkstone Periapt":0,"Shovel":3,"Torii":20,"counters":[14,54],"Kunai":[0],"obtain_stats":[{"Darkstone Periapt":23,"Runic Dome":17,"Shovel":9,"Torii":8,"Thread and Needle":15,"WingedGreaves":6,"Kunai":20,"Frozen Egg 2":12,"Burning Blood":0,"Toy Ornithopter":10},{"Darkstone Periapt":13,"Runic Dome":10,"Shovel":5,"Torii":5,"Thread and Needle":9,"WingedGreaves":4,"Kunai":11,"Frozen Egg 2":7,"Burning Blood":0,"Toy Ornithopter":5},{"Darkstone Periapt":48,"Runic Dome":37,"Shovel":17,"Torii":17,"Thread and Needle":29,"WingedGreaves":12,"Kunai":40,"Frozen Egg 2":23,"Burning Blood":0,"Toy Ornithopter":17}],"Burning Blood":78,"Toy Ornithopter":15},"card_choices":[{"not_picked":["Anger","Pommel Strike","Flex"],"picked":"SKIP","floor":4},{"not_picked":["Pommel Strike","Warcry"],"picked":"Flame Barrier","floor":5},{"not_picked":["Exhume","Reckless Charge"],"picked":"Hemokinesis","floor":6},{"not_picked":["Pommel Strike","Hemokinesis"],"picked":"Seeing Red","floor":8},{"not_picked":["Warcry","Metallicize"],"picked":"Burning Pact","floor":11},{"not_picked":["Sentinel","Havoc"],"picked":"Shrug It Off","floor":12},{"not_picked":["Pummel","Blood for Blood"],"picked":"Disarm","floor":13},{"not_picked":["Flex","Rupture+1","Ghostly Armor"],"picked":"SKIP","floor":14},{"not_picked":["Barricade+1","Berserk+1"],"picked":"Feed","floor":16},{"not_picked":["Pommel Strike","Shrug It Off","Searing Blow"],"picked":"SKIP","floor":21},{"not_picked":["Warcry","Headbutt"],"picked":"Feel No Pain+1","floor":22}],"player_experience":1529640,"relics_obtained":[{"floor":6,"key":"WingedGreaves"},{"floor":8,"key":"Torii"},{"floor":9,"key":"Shovel"},{"floor":10,"key":"Toy Ornithopter"},{"floor":12,"key":"Frozen Egg 2"},{"floor":15,"key":"Thread and Needle"},{"floor":23,"key":"Darkstone Periapt"}],"event_choices":[{"damage_healed":0,"gold_gain":0,"player_choice":"1 cards matched","damage_taken":0,"max_hp_gain":0,"max_hp_loss":0,"event_name":"Match and Keep!","floor":3,"gold_loss":0,"cards_obtained":["Immolate"]},{"damage_healed":0,"gold_gain":0,"player_choice":"Grow","damage_taken":0,"max_hp_gain":0,"max_hp_loss":0,"event_name":"Living Wall","floor":7,"gold_loss":0,"cards_upgraded":["Immolate"]},{"damage_healed":0,"gold_gain":0,"player_choice":"Obtained Relic","damage_taken":0,"relics_obtained":["Kunai"],"max_hp_gain":0,"max_hp_loss":0,"event_name":"Addict","floor":20,"gold_loss":85}],"is_beta":false,"boss_relics":[{"not_picked":["Mark of Pain","Tiny House"],"picked":"Runic Dome"}],"items_purged_floors":[2,19],"is_endless":false,"potions_floor_spawned":[6,8,11,13,14,21],"killed_by":"Gremlin Leader","ascension_level":20}}