{"host":"Ringo","time":1614270092,"event":{"mods":["BaseMod","Colored Map","Conspire","Dota2Spire","Hubris","Minty Spire (QoL Compilation)","Replay The Spire","StSLib","The Construct","[IsaacMod]ÒÔÈö¼âËþ","¡¾ÒÅÎï¿¨ÅÆ¡¿REMEMod"],"gold_per_floor":[114,114,114,131,143,176,246,246,291,320,355,355,355,386,386,386,386],"floor_reached":16,"language":"ZHS","playtime":414,"items_purged":[],"score":422,"play_id":"b0f882be-86b3-4d07-8963-df8c3ede2825","local_time":"20210226002132","daily_mods":["SealedDeck","Vintage","Colorless Cards","Heirloom","Time Dilation","Flight","DeadlyEvents","Elite Swarm","Lethality","Binary"],"is_ascension_mode":true,"campfire_choices":[{"data":"conspire:PoisonWeapons","floor":12.0,"key":"SMITH"},{"data":"Crescendo","floor":13.0,"key":"SMITH"}],"circlet_count":0,"master_deck":["AscendersBane","Consecrate","Protect+1","EmptyBody","SashWhip","FollowUp","Evaluate","ThirdEye","Replay:BluntJabs+1","Swift Strike","FearNoEvil","conspire:PoisonWeapons+1","Crescendo+1"],"relics":["PureWater","Busted Crown","HushsDoor","REME_ComplimentaryCards","replay:Trail_Library","REME_IWantAll","Chaos","Replay:WaspNest","construct:ClawGrip","D4","Mummified Hand","Orrery","hubris:Backtick","Dota2Spire:DivineRapier","Ginger","conspire:Dentures","hubris:Reverence"],"acts_visited":["Exordium"],"potions_floor_usage":[],"damage_taken":[{"damage":0.0,"enemies":"Small Slimes","floor":1.0,"turns":2.0},{"damage":0.0,"enemies":"2 Louse","floor":4.0,"turns":2.0},{"damage":0.0,"enemies":"Cultist","floor":5.0,"turns":2.0},{"damage":16.0,"enemies":"3 Sentries","floor":6.0,"turns":4.0},{"damage":5.0,"enemies":"Lagavulin","floor":7.0,"turns":3.0},{"damage":0.0,"enemies":"Gremlin Nob","floor":10.0,"turns":2.0},{"damage":0.0,"enemies":"Lagavulin","floor":11.0,"turns":3.0},{"damage":0.0,"enemies":"Gremlin Nob","floor":14.0,"turns":2.0},{"damage":0,"enemies":"Hexaghost","floor":16,"turns":2}],"seed_played":"8887329184239964389","potions_obtained":[{"floor":4.0,"key":"BottledMiracle"},{"floor":7.0,"key":"Block Potion"}],"is_trial":true,"path_per_floor":["M","?","?","M","M","E","E","?","T","E","E","R","R","E","R_BF","B"],"character_chosen":"WATCHER","items_purchased":[],"campfire_rested":0,"item_purchase_floors":[],"current_hp_per_floor":[61,61,57,57,57,41,36,36,36,36,36,36,36,36,56,56,56],"gold":386,"neow_bonus":"","is_daily":false,"chose_seed":false,"campfire_upgraded":2,"win_rate":0.0,"timestamp":1614270092,"path_taken":["M","?","?","M","M","E","E","?","T","E","E","R","R","E","R_BF","BOSS"],"items_purchased_type":[],"build_version":"2020-12-18","purchased_purges":0,"victory":false,"max_hp_per_floor":[68,68,68,68,68,68,68,68,68,68,68,68,68,68,68,68,68],"card_choices":[],"player_experience":757074,"relics_obtained":[{"floor":1.0,"key":"Replay:WaspNest"},{"floor":4.0,"key":"construct:ClawGrip"},{"floor":5.0,"key":"D4"},{"floor":6.0,"key":"Mummified Hand"},{"floor":7.0,"key":"Orrery"},{"floor":9.0,"key":"hubris:Backtick"},{"floor":10.0,"key":"Ginger"},{"floor":11.0,"key":"conspire:Dentures"},{"floor":14.0,"key":"hubris:Reverence"}],"event_choices":[{"damage_healed":0.0,"max_hp_gain":0.0,"max_hp_loss":0.0,"gold_gain":0.0,"event_name":"conspire:Investor","player_choice":"Leave","floor":3.0,"gold_loss":0.0,"damage_taken":0.0}],"is_beta":true,"boss_relics":[],"items_purged_floors":[],"is_endless":false,"potions_floor_spawned":[4,7],"killed_by":"Hexaghost","ascension_level":20}}