{"host":"3zmssa4s99zhxek5","time":1614223320,"event":{"mods":["AchievementEnabler","BaseMod","Minty Spire (QoL Compilation)","Permanent Neow","Relic Stats"],"gold_per_floor":[114,114,114,133,45,85,118,151,178,178,219,242,61,61,61,61,61],"floor_reached":16,"language":"KOR","playtime":606,"items_purged":["Strike_R"],"score":282,"play_id":"5e40e684-1505-440d-8d4a-e94a1f524631","local_time":"20210225122200","is_ascension_mode":true,"campfire_choices":[{"data":"Bash","floor":10.0,"key":"SMITH"},{"data":"Dropkick","floor":15,"key":"SMITH"}],"circlet_count":0,"master_deck":["AscendersBane","Strike_R","Strike_R","Strike_R","Defend_R","Defend_R","Defend_R","Defend_R","Bash+1","Dropkick+1","Seeing Red","Sever Soul","Ghostly Armor","Havoc","Trip","Ghostly Armor"],"relics":["Burning Blood","NeowsBlessing","Golden Idol","Meat on the Bone","Champion Belt","Odd Mushroom","Happy Flower","Red Skull","Bag of Preparation"],"acts_visited":["Exordium"],"potions_floor_usage":[],"damage_taken":[{"damage":0.0,"enemies":"Small Slimes","floor":1.0,"turns":1.0},{"damage":0.0,"enemies":"Jaw Worm","floor":4.0,"turns":1.0},{"damage":0.0,"enemies":"3 Sentries","floor":6.0,"turns":2.0},{"damage":28.0,"enemies":"The Mushroom Lair","floor":7.0,"turns":6.0},{"damage":24.0,"enemies":"Gremlin Nob","floor":8.0,"turns":4.0},{"damage":40.0,"enemies":"3 Sentries","floor":11.0,"turns":9.0},{"damage":6,"enemies":"2 Louse","floor":12,"turns":2},{"damage":36,"enemies":"Hexaghost","floor":16,"turns":9}],"seed_played":"2535418082045134021","potions_obtained":[{"floor":1.0,"key":"Strength Potion"},{"floor":7.0,"key":"SteroidPotion"},{"floor":11.0,"key":"SpeedPotion"}],"is_trial":false,"path_per_floor":["M","?","T","M","$","E","?","E","T","R","E","M","$","?","R","B"],"character_chosen":"IRONCLAD","items_purchased":["Sever Soul","Trip"],"campfire_rested":0,"item_purchase_floors":[5,13],"current_hp_per_floor":[74,48,48,54,54,60,50,44,44,44,22,34,34,34,34,0,0],"gold":61,"neow_bonus":"THREE_ENEMY_KILL","is_daily":false,"chose_seed":false,"campfire_upgraded":2,"win_rate":0.0,"timestamp":1614223320,"path_taken":["M","?","?","?","$","E","?","E","T","R","E","M","$","?","R","BOSS"],"items_purchased_type":["Card","Card"],"build_version":"2020-12-22","purchased_purges":1,"victory":false,"max_hp_per_floor":[75,75,75,75,75,75,75,75,75,75,75,75,75,75,75,75,75],"relic_stats":{"Happy Flower":[6],"counters":[8,34],"Golden Idol":39,"Bag of Preparation":[4],"Champion Belt":[9],"obtain_stats":[{"NeowsBlessing":0,"Happy Flower":8,"Golden Idol":2,"Bag of Preparation":11,"Champion Belt":6,"Odd Mushroom":7,"Burning Blood":0,"Red Skull":9,"Meat on the Bone":3},{"NeowsBlessing":0,"Happy Flower":5,"Golden Idol":1,"Bag of Preparation":6,"Champion Belt":3,"Odd Mushroom":4,"Burning Blood":0,"Red Skull":5,"Meat on the Bone":1},{"NeowsBlessing":0,"Happy Flower":14,"Golden Idol":1,"Bag of Preparation":23,"Champion Belt":4,"Odd Mushroom":10,"Burning Blood":0,"Red Skull":14,"Meat on the Bone":1}],"Burning Blood":42,"Meat on the Bone":48},"card_choices":[{"not_picked":["Sword Boomerang","Shrug It Off"],"picked":"Dropkick","floor":1.0},{"not_picked":["Anger","Heavy Blade"],"picked":"Seeing Red","floor":4.0},{"not_picked":["Whirlwind","Combust","Cleave"],"picked":"SKIP","floor":6.0},{"not_picked":["Power Through","Bloodletting"],"picked":"Ghostly Armor","floor":7.0},{"not_picked":["Twin Strike","Carnage","Armaments"],"picked":"SKIP","floor":8.0},{"not_picked":["Body Slam","Searing Blow"],"picked":"Havoc","floor":11.0},{"not_picked":["Armaments","Sword Boomerang","Havoc"],"picked":"SKIP","floor":12}],"player_experience":1690938,"relics_obtained":[{"floor":3.0,"key":"Meat on the Bone"},{"floor":6.0,"key":"Champion Belt"},{"floor":7.0,"key":"Odd Mushroom"},{"floor":8.0,"key":"Happy Flower"},{"floor":9.0,"key":"Red Skull"},{"floor":11.0,"key":"Bag of Preparation"}],"event_choices":[{"damage_healed":0.0,"max_hp_gain":0.0,"max_hp_loss":0.0,"gold_gain":0.0,"event_name":"Golden Idol","player_choice":"Take Damage","floor":2.0,"gold_loss":0.0,"damage_taken":26.0,"relics_obtained":["Golden Idol"]},{"damage_healed":0.0,"max_hp_gain":0.0,"max_hp_loss":0.0,"gold_gain":0.0,"event_name":"Mushrooms","player_choice":"Fought Mushrooms","floor":7.0,"gold_loss":0.0,"damage_taken":0.0},{"damage_healed":0,"gold_gain":0,"cards_transformed":["Strike_R"],"player_choice":"Transformed","damage_taken":0,"max_hp_gain":0,"max_hp_loss":0,"event_name":"Transmorgrifier","floor":14,"gold_loss":0,"cards_obtained":["Ghostly Armor"]}],"is_beta":false,"boss_relics":[],"items_purged_floors":[13],"is_endless":false,"potions_floor_spawned":[1,7,11],"killed_by":"Hexaghost","ascension_level":20}}