{"host":"flm17o2q7bfjyna6","time":1614214237,"event":{"mods":["2.2 Compatiblity","Act Like it!","BaseMod","Better Altar","Better Match","Better Note","Better Sensory Stone","Better Skull","Better Third Choice","Better Vampires","Colored Map","Colored Powertips","DeckTracker","Downfall","Fox Events","Minty Spire (QoL Compilation)","Quick Restart","Reworked Bosses","Spicy Shops","StSLib","TheSwordswoman","Wandering Minibosses"],"gold_per_floor":[99,99,99,76,91,5,31,31,31,31,56,74,105,115,133,235,285,85,96,115,25,25,25,25],"floor_reached":22,"language":"ENG","playtime":1458,"items_purged":["champ:Strike"],"score":255,"play_id":"576726af-0e7a-47d1-afc3-f8ee3d8b5ba7","local_time":"20210224195037","is_ascension_mode":true,"campfire_choices":[{"floor":1.0,"key":"RECALL"},{"data":"champ:Taunt","floor":8.0,"key":"SMITH"},{"data":"champ:PerfectedStrike","floor":10.0,"key":"SMITH"},{"data":"champ:EnchantShield","floor":18,"key":"SMITH"}],"circlet_count":0,"master_deck":["champ:Strike","champ:Strike","champ:Strike","champ:Defend","champ:Defend","champ:Defend","champ:Defend","champ:Execute","champ:Taunt+1","champ:DeathBlow+1","champ:GutPunch","champ:StanceDance","champ:PerfectedStrike+1","champ:RisingSlash","champ:FlashCut","Bandage Up","champ:EnchantShield+1","champ:EnragedBash","champ:RageSigil","champ:EnragedBash","champ:Backstep","champ:StrikeOfGenius","champ:DefensiveShout","champ:ShieldSlam+1","champ:DefensiveShout"],"relics":["champ:ChampionCrown","downfall:HeartsMalice","Orichalcum","Calipers","bronze:DecasWashers","Tiny House","downfall:HeartBlessingRed","downfall:HeartBlessingBlue"],"acts_visited":["Exordium","TheCity"],"potions_floor_usage":[21,22],"damage_taken":[{"damage":0.0,"enemies":"Cultist","floor":2.0,"turns":1.0},{"damage":0.0,"enemies":"2 Louse","floor":3.0,"turns":1.0},{"damage":0.0,"enemies":"downfall:FleeingMerchant","floor":4.0,"turns":1.0},{"damage":0.0,"enemies":"Jaw Worm","floor":5.0,"turns":3.0},{"damage":42.0,"enemies":"downfall:FleeingMerchant","floor":6.0,"turns":5.0},{"damage":41,"enemies":"Gremlin Nob","floor":11,"turns":4},{"damage":0,"enemies":"Red Slaver","floor":12,"turns":2},{"damage":45,"enemies":"Lagavulin","floor":13,"turns":5},{"damage":5,"enemies":"Blue Slaver","floor":14,"turns":2},{"damage":33,"enemies":"downfall:LooterAlt","floor":15,"turns":5},{"damage":65,"enemies":"IC_STATUS_ARCHETYPE","floor":16,"turns":6},{"damage":27,"enemies":"Spheric Guardian","floor":19,"turns":4},{"damage":31,"enemies":"Shell Parasite","floor":20,"turns":6},{"damage":30,"enemies":"downfall:FleeingMerchant","floor":21,"turns":4},{"damage":88,"enemies":"Cultist and Chosen","floor":22,"turns":5}],"seed_played":"-4683276055509998100","potions_obtained":[{"floor":5.0,"key":"FearPotion"},{"floor":11,"key":"bronze:BurnAndBuffPotion"},{"floor":12,"key":"FairyPotion"},{"floor":17,"key":"Slimebound:ThreeZeroPotion"}],"is_trial":false,"path_per_floor":["R","M","M","$","M","$","T","R","?","R","E","M","E","M","M","B",null,"R","M","M","$","M"],"character_chosen":"THE_CHAMP","items_purchased":["champ:PerfectedStrike","Orichalcum"],"campfire_rested":0,"item_purchase_floors":[4,6],"current_hp_per_floor":[90,90,90,90,90,68,68,68,68,68,46,46,35,39,35,42,95,105,97,80,84,0,0,0],"gold":25,"neow_bonus":"THREE_ENEMY_KILL","is_daily":false,"chose_seed":false,"campfire_upgraded":3,"win_rate":0.0,"timestamp":1614214237,"path_taken":["R","M","M","?","?","$","T","R","?","R","E","M","E","M","M","BOSS","R","M","M","$","M"],"items_purchased_type":["Card","Relic"],"build_version":"2020-12-22","purchased_purges":1,"victory":false,"max_hp_per_floor":[90,90,90,90,90,90,90,90,90,90,90,90,90,90,90,90,95,105,105,105,105,105,105,105],"card_choices":[{"not_picked":["champ:SkillfulDodge","champ:FancyFootwork"],"picked":"champ:DeathBlow","floor":2.0},{"not_picked":["champ:GladiatorStyle","champ:DeathBlow"],"picked":"champ:GutPunch","floor":3.0},{"not_picked":["champ:EndlessRage","champ:FanOfKnives"],"picked":"champ:StanceDance","floor":4.0},{"not_picked":["champ:AdrenalArmor","champ:FanOfKnives"],"picked":"champ:RisingSlash","floor":5.0},{"not_picked":["champ:GutPunch","champ:SkillfulDodge"],"picked":"champ:FlashCut","floor":6.0},{"not_picked":["Transmutation","Mayhem"],"picked":"Bandage Up","floor":9.0},{"not_picked":["champ:TornadoPunch","champ:AdrenalArmor"],"picked":"champ:EnchantShield","floor":11},{"not_picked":["champ:FaceSlap","champ:FocusedDefense"],"picked":"champ:EnragedBash","floor":12},{"not_picked":["champ:BladeFlurry","champ:CrownThrow"],"picked":"champ:RageSigil","floor":13},{"not_picked":["champ:Circumvent","champ:TornadoPunch"],"picked":"champ:EnragedBash","floor":14},{"not_picked":["champ:BladeFlurry","champ:SkillfulDodge"],"picked":"champ:Backstep","floor":15},{"not_picked":["champ:MurderStrike","champ:SteelEdge"],"picked":"champ:StrikeOfGenius","floor":16},{"not_picked":["champ:Parry","champ:RapidStrikes"],"picked":"champ:DefensiveShout","floor":17},{"not_picked":["champ:EndlessRage+1","champ:BerserkersShout"],"picked":"champ:ShieldSlam+1","floor":19},{"not_picked":["champ:PerfectedStrike","champ:StanceDance"],"picked":"champ:DefensiveShout","floor":20},{"not_picked":["champ:DefensiveShout","champ:FalseCounter","champ:CrownThrow"],"picked":"SKIP","floor":21}],"player_experience":2007664,"relics_obtained":[{"floor":11,"key":"Calipers"},{"floor":13,"key":"bronze:DecasWashers"}],"event_choices":[{"damage_healed":0.0,"max_hp_gain":0.0,"max_hp_loss":0.0,"gold_gain":1.0,"event_name":"betterStone:BetterStone","player_choice":"1","floor":9.0,"gold_loss":0.0,"damage_taken":0.0}],"is_beta":false,"boss_relics":[{"not_picked":["Coffee Dripper","Pandora\u0027s Box"],"picked":"Tiny House"}],"items_purged_floors":[21],"is_endless":false,"potions_floor_spawned":[5,11,12,14,20],"killed_by":"Cultist and Chosen","ascension_level":4}}