{"host":"zp8jvycvinn13jdb","time":1614275318,"event":{"mods":["BaseMod","Better Match","Colored Powertips","Downfall","Googly Eyes","Hermit","Minty Spire (QoL Compilation)","Rare Cards Sparkle","Relic Stats","StSLib","SuperFastMode","Synergy Search","The Bug Knight","The Cursed"],"gold_per_floor":[210,227,240,258,258,114,114,126,150,150,170,170,170,184,184,282,282,299,107,125,0,0,0,17,17,69,94,94,94],"floor_reached":28,"language":"ENG","playtime":1965,"items_purged":["Strike_R","Strike_R","Strike_R"],"score":230,"play_id":"1085d154-2dd1-4d2f-a03b-c50e3cf60006","local_time":"20210225124838","is_ascension_mode":false,"campfire_choices":[{"data":"Armaments","floor":7,"key":"SMITH"},{"data":"Metallicize","floor":10,"key":"SMITH"},{"data":"Searing Blow","floor":12,"key":"SMITH"},{"data":"Searing Blow+1","floor":15,"key":"SMITH"},{"data":"Enlightenment","floor":23,"key":"SMITH"},{"floor":25,"key":"REST"}],"circlet_count":0,"master_deck":["Strike_R","Strike_R","Defend_R","Defend_R","Defend_R","Defend_R","Bash","Armaments+1","Rage","Shrug It Off","Searing Blow+2","Metallicize+1","Flex","Feed","CurseOfTheBell","Enlightenment+1","Searing Blow+2","Searing Blow+1","Regret","Injury"],"relics":["Burning Blood","Potion Belt","downfall:ExtraCursedKey","Calling Bell","Vajra","HollowMod:LifeEnderRelic","Charon\u0027s Ashes","Pen Nib","InkBottle"],"acts_visited":["Exordium","TheCity"],"potions_floor_usage":[24,27,27,28],"damage_taken":[{"damage":10,"enemies":"Cultist","floor":1,"turns":6},{"damage":6,"enemies":"Jaw Worm","floor":2,"turns":5},{"damage":0,"enemies":"2 Louse","floor":3,"turns":4},{"damage":5,"enemies":"Red Slaver","floor":4,"turns":5},{"damage":5,"enemies":"Exordium Wildlife","floor":8,"turns":7},{"damage":4,"enemies":"Looter","floor":11,"turns":4},{"damage":3,"enemies":"Red Slaver","floor":14,"turns":4},{"damage":39,"enemies":"Hexaghost","floor":16,"turns":12},{"damage":4,"enemies":"Shell Parasite","floor":18,"turns":6},{"damage":9,"enemies":"Chosen","floor":20,"turns":5},{"damage":37,"enemies":"Snecko","floor":24,"turns":8},{"damage":70,"enemies":"Gremlin Leader","floor":27,"turns":9},{"damage":14,"enemies":"Snake Plant","floor":28,"turns":2}],"seed_played":"-6974363031542055820","potions_obtained":[{"floor":2,"key":"BlessingOfTheForge"},{"floor":3,"key":"Fire Potion"},{"floor":11,"key":"SkillPotion"},{"floor":14,"key":"ColorlessPotion"},{"floor":16,"key":"ElixirPotion"}],"is_trial":false,"path_per_floor":["M","M","M","M","T","$","R","M","T","R","M","R","?","M","R","B",null,"M","$","M","$","?","R","M","R","T","E","M"],"character_chosen":"IRONCLAD","items_purchased":["Metallicize","Enlightenment"],"campfire_rested":1,"item_purchase_floors":[6,19],"current_hp_per_floor":[76,76,80,80,80,80,80,80,80,80,80,80,80,80,80,47,80,83,83,80,80,80,80,49,73,73,9,0,0],"gold":94,"neow_bonus":"HUNDRED_GOLD","is_daily":false,"chose_seed":false,"campfire_upgraded":5,"win_rate":0.0,"timestamp":1614275318,"path_taken":["M","?","M","M","?","$","R","M","T","R","M","R","?","M","R","BOSS","M","$","M","$","?","R","M","R","T","E","M"],"items_purchased_type":["Card","Card"],"build_version":"2020-12-22","purchased_purges":3,"victory":false,"max_hp_per_floor":[80,80,80,80,80,80,80,80,80,80,80,80,80,80,80,80,80,83,83,83,83,83,83,83,83,83,83,83,83],"relic_stats":{"counters":[13,77],"Charon\u0027s Ashes":[12],"Pen Nib":[1],"obtain_stats":[{"Potion Belt":9,"Calling Bell":17,"HollowMod:LifeEnderRelic":17,"Vajra":17,"downfall:ExtraCursedKey":13,"Charon\u0027s Ashes":17,"Pen Nib":26,"Burning Blood":0,"InkBottle":27},{"Potion Belt":5,"Calling Bell":8,"HollowMod:LifeEnderRelic":8,"Vajra":8,"downfall:ExtraCursedKey":6,"Charon\u0027s Ashes":8,"Pen Nib":11,"Burning Blood":0,"InkBottle":12},{"Potion Belt":27,"Calling Bell":47,"HollowMod:LifeEnderRelic":47,"Vajra":47,"downfall:ExtraCursedKey":31,"Charon\u0027s Ashes":47,"Pen Nib":66,"Burning Blood":0,"InkBottle":75}],"Burning Blood":61,"InkBottle":[0]},"card_choices":[{"not_picked":["Battle Trance","True Grit"],"picked":"Armaments","floor":1},{"not_picked":["Infernal Blade","Flame Barrier"],"picked":"Rage","floor":2},{"not_picked":["Reckless Charge","Iron Wave"],"picked":"Shrug It Off","floor":3},{"not_picked":["Hemokinesis","Brutality"],"picked":"Searing Blow","floor":4},{"not_picked":["Warcry","Clothesline","Sword Boomerang"],"picked":"SKIP","floor":8},{"not_picked":["Headbutt","Sever Soul","Shockwave"],"picked":"SKIP","floor":11},{"not_picked":["Pummel","Armaments"],"picked":"Flex","floor":14},{"not_picked":["Impervious","Limit Break"],"picked":"Feed","floor":16},{"not_picked":["Feel No Pain+1","Pommel Strike","Cleave+1"],"picked":"SKIP","floor":18},{"not_picked":["Clash","Sword Boomerang","Sever Soul"],"picked":"SKIP","floor":20},{"not_picked":["Havoc","Sword Boomerang"],"picked":"Searing Blow+1","floor":24},{"not_picked":["Sever Soul","Shrug It Off+1","Pommel Strike"],"picked":"SKIP","floor":27}],"player_experience":177953,"relics_obtained":[{"floor":9,"key":"Potion Belt"},{"floor":17,"key":"Vajra"},{"floor":17,"key":"HollowMod:LifeEnderRelic"},{"floor":17,"key":"Charon\u0027s Ashes"},{"floor":26,"key":"Pen Nib"},{"floor":27,"key":"InkBottle"}],"event_choices":[{"damage_healed":0,"gold_gain":0,"player_choice":"Copied","damage_taken":0,"max_hp_gain":0,"max_hp_loss":0,"event_name":"Duplicator","floor":22,"gold_loss":0,"cards_obtained":["Searing Blow"]}],"is_beta":false,"boss_relics":[{"not_picked":["Runic Dome","Astrolabe"],"picked":"Calling Bell"}],"items_purged_floors":[6,19,21],"is_endless":false,"potions_floor_spawned":[2,3,11,14,16,18,20],"killed_by":"Snake Plant","ascension_level":0}}