{"host":"htvce8wym9d6pe5b","time":1614284385,"event":{"mods":["Act Like it!","BaseMod","Colored Map","Conspire","Downfall","Hermit","Highlight Path","Hubris","Infinite Spire","Jorbs\u0027s Wanderer Trilogy","Minty Spire (QoL Compilation)","Replay The Spire","StSLib","The Bug Knight","The Cursed","The Disciple","The Hierophant","The Runesmith"],"gold_per_floor":[130,130,153,33,56,84,84,97,97,97,97,97,126,148,148,255,255,143,145,145,145,186,186,239,239,265,309,371,371,367,367],"floor_reached":30,"language":"ENG","playtime":2185,"items_purged":[],"score":407,"play_id":"f386c395-fa4b-4b86-83cd-f1b14acdfefd","local_time":"20210225141945","daily_mods":["SealedDeck"],"is_ascension_mode":false,"campfire_choices":[{"floor":7,"key":"REST"},{"floor":10,"key":"REST"},{"floor":12,"key":"REST"},{"floor":15,"key":"REST"},{"floor":23,"key":"REST"},{"floor":25,"key":"REST"}],"circlet_count":0,"master_deck":["hierophant:Remorse","hierophant:Sermon","hierophant:HolyVerse","hierophant:FlamingChariot","hierophant:FieryStrike","hierophant:CursedGold","hierophant:ThreeLashes","hierophant:ThreeLashes","hierophant:ThreeLashes","hierophant:Doubloon","hierophant:Doubloon","hierophant:Community","hierophant:OrnateBuckler","hierophant:OrnateBuckler","hierophant:Glossolalia","hierophant:MorningPrayer","hierophant:Prophecy","hierophant:Purify","hierophant:Doubloon","hierophant:AuricForm","hierophant:FieryStrike+1","hierophant:HolyVerse","hierophant:Doubloon","hierophant:Remorse","hierophant:Sermon","hierophant:HolyVerse","hierophant:FlamingChariot","hierophant:FieryStrike","hierophant:Doubloon","hierophant:CursedGold","hierophant:ThreeLashes","hierophant:ThreeLashes","hierophant:ThreeLashes","hierophant:Doubloon","hierophant:Doubloon","hierophant:Community","hierophant:OrnateBuckler","hierophant:OrnateBuckler","hierophant:Glossolalia","hierophant:MorningPrayer","hierophant:Prophecy","hierophant:Purify","hierophant:Doubloon","hierophant:AuricForm","hierophant:FieryStrike+1","hierophant:HolyVerse","hierophant:HammerAndAnvil","hierophant:Doubloon","hierophant:Remorse+1","hierophant:ArchangelShield","hierophant:SealAway","hierophant:Smite"],"relics":["bronze:BronzeCore","infinitespire:Cubic Diamond","infinitespire:Lucky Rock","hubris:DisguiseKit","Darkstone Periapt","Painkiller Herb","bronze:BronzeIdol"],"acts_visited":["Exordium","TheCity"],"potions_floor_usage":[16,22,28],"damage_taken":[{"damage":6,"enemies":"2 Louse","floor":1,"turns":2},{"damage":11,"enemies":"Jaw Worm","floor":5,"turns":4},{"damage":37,"enemies":"3 Sentries","floor":6,"turns":9},{"damage":13,"enemies":"Cultist","floor":8,"turns":5},{"damage":11,"enemies":"Looter","floor":13,"turns":5},{"damage":12,"enemies":"Lots of Slimes","floor":14,"turns":4},{"damage":19,"enemies":"Slime Boss","floor":16,"turns":8},{"damage":22,"enemies":"2 Thieves","floor":18,"turns":5},{"damage":10,"enemies":"Spheric Guardian","floor":19,"turns":3},{"damage":36,"enemies":"Snecko","floor":22,"turns":6},{"damage":22,"enemies":"conspire:HollyBat","floor":24,"turns":10},{"damage":27,"enemies":"Chosen and Byrds","floor":27,"turns":8},{"damage":0,"enemies":"Sentry and Sphere","floor":28,"turns":2},{"damage":9,"enemies":"Centurion and Healer","floor":30,"turns":3}],"seed_played":"-1298298421597635960","potions_obtained":[{"floor":1,"key":"SkillPotion"},{"floor":5,"key":"champ:CounterPotion"},{"floor":8,"key":"SteroidPotion"},{"floor":14,"key":"DistilledChaos"},{"floor":16,"key":"ColorlessPotion"},{"floor":22,"key":"Slimebound:ThreeZeroPotion"},{"floor":27,"key":"Elixir"}],"is_trial":true,"path_per_floor":["M","?","T","$","M","E","R","M","T","R","?","R","M","M","R","B",null,"?","?","?","?","?","T","?","T","T","?","?","?","?"],"character_chosen":"HIEROPHANT","items_purchased":["hierophant:OrnateBuckler","hierophant:Glossolalia"],"campfire_rested":6,"item_purchase_floors":[4,4],"current_hp_per_floor":[69,69,69,69,58,21,43,30,30,52,52,74,63,51,73,54,75,53,43,43,43,7,29,7,29,29,2,2,2,0,0],"gold":367,"neow_bonus":"","is_daily":false,"chose_seed":false,"campfire_upgraded":0,"win_rate":0.0,"timestamp":1614284385,"path_taken":["M","?","?","$","M","E","R","M","T","R","?","R","M","M","R","BOSS","?","?","?","?","?","T","?","T","T","?","?","?","?"],"items_purchased_type":["Card","Card"],"build_version":"2020-12-22","purchased_purges":0,"victory":false,"max_hp_per_floor":[75,75,75,75,75,75,75,75,75,75,75,75,75,75,75,75,75,75,75,75,75,75,75,75,75,75,75,75,75,75,75],"card_choices":[{"not_picked":["hierophant:Remorse","hierophant:PassingBell"],"picked":"hierophant:Community","floor":1},{"not_picked":["hierophant:Purify","hierophant:Upheaval"],"picked":"hierophant:MorningPrayer","floor":5},{"not_picked":["hierophant:OrnateJavelin","hierophant:Shelter"],"picked":"hierophant:Prophecy","floor":6},{"not_picked":["hierophant:ConvertCurrency","hierophant:FaithHealing","stsjorbsmod:ChatteringStrike"],"picked":"hierophant:Purify","floor":8},{"not_picked":["hierophant:PassingBell","hierophant:FaithHealing","hierophant:Embezzle","stsjorbsmod:FranticSearch"],"picked":"SKIP","floor":13},{"not_picked":["hierophant:Embezzle","hierophant:HammerAndAnvil","stsjorbsmod:Pyromancy"],"picked":"hierophant:Doubloon","floor":14},{"not_picked":["hierophant:Cornucopia","hierophant:Invocation","stsjorbsmod:Withdraw"],"picked":"hierophant:AuricForm","floor":16},{"not_picked":["hierophant:MorningPrayer","hierophant:Sermon","stsjorbsmod:OldPocket"],"picked":"hierophant:FieryStrike+1","floor":18},{"not_picked":["hierophant:PassingBell","hierophant:Sermon","stsjorbsmod:MagicMissiles"],"picked":"hierophant:HolyVerse","floor":19},{"not_picked":["hierophant:SecretStash","hierophant:Patience","stsjorbsmod:ArcaneWeapon"],"picked":"hierophant:HammerAndAnvil","floor":22},{"not_picked":["hierophant:RustyCrate","hierophant:Zeal","stsjorbsmod:ChatteringStrike"],"picked":"hierophant:Remorse+1","floor":24},{"not_picked":["hierophant:MorningPrayer","hierophant:TollTheBells","stsjorbsmod:ChainLightning"],"picked":"hierophant:ArchangelShield","floor":27},{"not_picked":["hierophant:Charity","hierophant:OrnateJavelin","stsjorbsmod:DoubleCheck"],"picked":"hierophant:SealAway","floor":28}],"player_experience":27060,"relics_obtained":[{"floor":3,"key":"infinitespire:Lucky Rock"},{"floor":6,"key":"hubris:DisguiseKit"},{"floor":9,"key":"Darkstone Periapt"},{"floor":26,"key":"bronze:BronzeIdol"}],"event_choices":[{"cards_removed":["hierophant:Empathy"],"damage_healed":0,"gold_gain":0,"player_choice":"Purged","damage_taken":0,"max_hp_gain":0,"max_hp_loss":0,"event_name":"Purifier","floor":11,"gold_loss":0},{"damage_healed":0,"gold_gain":0,"player_choice":"Ignored","damage_taken":0,"max_hp_gain":0,"max_hp_loss":0,"event_name":"Vampires","floor":20,"gold_loss":0}],"is_beta":false,"boss_relics":[{"not_picked":["Astrolabe","bronze:MakeshiftBattery"],"picked":"Painkiller Herb"}],"items_purged_floors":[],"is_endless":false,"potions_floor_spawned":[1,5,8,14,16,22,27],"killed_by":"Centurion and Healer","ascension_level":0}}