{"host":"misaya","time":1614279115,"event":{"mods":["ATMod(阿瑾Mod)","BaseMod","Conspire","Decade(王小明)","Downfall","Minty Spire (QoL Compilation)","Replay The Spire","StSLib","TestMod","The Blackbeard","The Construct","[IsaacMod]以撒尖塔","【遗物卡牌】REMEMod"],"gold_per_floor":[116,129,29,29,86,155,155,78,125,151,151],"floor_reached":10,"language":"ZHS","playtime":1019,"items_purged":["Normality"],"score":66,"play_id":"00673703-da95-43be-b362-75b3f2a078e6","local_time":"20210226025155","is_ascension_mode":false,"campfire_choices":[{"floor":7,"key":"RECALL"}],"circlet_count":0,"master_deck":["Decade_Attack","Decade_Attack","Decade_Attack","Decade_Attack","KamenRide","Decade_SpecialSkill","Decade_Defend","Decade_Defend","Decade_Defend","Decade_Defend","AT_TearsDenial","Buffer","conspire:SpireCoStock","conspire:SpireCoStock","KamenRideFaiz","Decade_Defend2","UnarmedAttack6"],"relics":["Decadriver","TOEIDeficitBill","HushsDoor","AT_ATBox","testmod-TestBox","REME_ComplimentaryCards","testmod-HeartOfDaVinci","BelialBook","testmod-Nyarlathotep","Art of War","ReplayTheSpireMod:CursedCoin","AT_BellDemon"],"acts_visited":["Exordium"],"potions_floor_usage":[10,10],"damage_taken":[{"damage":22,"enemies":"Jaw Worm","floor":1,"turns":6},{"damage":21,"enemies":"Small Slimes","floor":2,"turns":4},{"damage":25,"enemies":"Cultist","floor":5,"turns":7},{"damage":21,"enemies":"Replay:BlueRogue","floor":6,"turns":12},{"damage":36,"enemies":"3 Sentries","floor":10,"turns":2}],"seed_played":"5792167232217457822","potions_obtained":[{"floor":1,"key":"SkillPotion"},{"floor":6,"key":"Block Potion"}],"is_trial":false,"path_per_floor":["M","M","?","$","M","E","R","$","T","E"],"character_chosen":"Decade","items_purchased":["ReplayTheSpireMod:CursedCoin","AT_BellDemon"],"campfire_rested":0,"item_purchase_floors":[8,8],"current_hp_per_floor":[41,20,20,20,15,9,9,9,9,0,0],"gold":151,"neow_bonus":"ONE_RARE_RELIC","is_daily":false,"chose_seed":false,"campfire_upgraded":0,"win_rate":0.0,"timestamp":1614279115,"path_taken":["M","M","?","$","M","E","R","?","T","E"],"items_purchased_type":["Relic","Relic"],"build_version":"2020-12-18","purchased_purges":1,"victory":false,"max_hp_per_floor":[63,63,63,63,63,63,63,63,63,63,63],"card_choices":[{"not_picked":["AutoVajin","Blade_Mach"],"picked":"KamenRideFaiz","floor":5},{"not_picked":["Decade_Dash1","FormRidePegasus","Blade_Slash"],"picked":"SKIP","floor":5},{"not_picked":["DragClaw","UnarmedAttack9"],"picked":"Decade_Defend2","floor":6},{"not_picked":["FormRideDogga","PhotonAcceleration"],"picked":"UnarmedAttack6","floor":6}],"player_experience":137648,"relics_obtained":[{"floor":6,"key":"Art of War"}],"event_choices":[{"damage_healed":0,"gold_gain":0,"player_choice":"Invest 2","damage_taken":0,"max_hp_gain":0,"max_hp_loss":0,"event_name":"conspire:Investor","floor":3,"gold_loss":0}],"is_beta":true,"boss_relics":[],"items_purged_floors":[8],"is_endless":false,"potions_floor_spawned":[1,6],"killed_by":"3 Sentries","ascension_level":0}}