{"host":"35vgacm1r34infpf","time":1614230579,"event":{"mods":["2.2 Compatiblity","AchievementEnabler","BaseMod","BetterRewards","Card Forge","Colored Map","Colored Powertips","Conspire","GifTheSpireLib","Minty Spire (QoL Compilation)","Rare Cards Sparkle","Replay The Spire","Shop Mod","StSLib","Stuff the Spire"],"gold_per_floor":[109,129,146,161,161,186,197,197,197,197,222,241,274,274,274,373,373,390,390,405,423,437,467,467,501,570,582,609,809,809,822,822,921,921,934,970,986,986,417,449,461,495,545,755,755,770,816,833,833,833,833,833,379,407,407],"floor_reached":56,"language":"ENG","playtime":3508,"items_purged":[],"score":1833,"play_id":"7af727d1-11f7-4f35-83b6-a38f3bddf800","local_time":"20210224232259","is_ascension_mode":true,"campfire_choices":[{"floor":8,"key":"RECALL"},{"floor":10,"key":"REST"},{"floor":15,"key":"REST"},{"floor":24,"key":"DIG"},{"floor":30,"key":"DIG"},{"floor":32,"key":"DIG"},{"floor":49,"key":"DIG"},{"floor":52,"key":"DIG"}],"circlet_count":0,"master_deck":["Offering+1","Limit Break+1","Seeing Red+1","Burst+1","Dark Echo+1","Flash of Steel+1","Demon Form+1","Seeing Red+1","Seeing Red+1","Offering+1","Demon Form+1","Limit Break+1","Demon Form+1","Spot Weakness+1","Limit Break+1","Inflame+1","ReplayTheSpireMod:Muscle Training+1","ReplayUltimateDefense+1","Inflame+1"],"relics":["Burning Blood","Hammer of Thor","Seething Fire","Anvil of the Gods","conspire:Flyswatter","Durian","ReplayTheSpireMod:Ring of Exchange","Ring of Peace","Ooze Armor","Nloth\u0027s Gift","Replay:Multitool","ReplayTheSpireMod:Lightbulb","Prayer Wheel","Blood Vial","Toy Ornithopter","ReplayTheSpireMod:TigerMarble","Frozen Eye","Vajra","ReplayFunnel","Lee\u0027s Waffle","StuffTheSpire:GrapeVine","Paper Frog","Bag of Marbles","conspire:TopHat","PreservedInsect","Shovel","Replay:Bottled Snecko","ReplayTheSpireMod:Ninjato","ClockworkSouvenir","StuffTheSpire:Experiment12","Snack Pack"],"acts_visited":["Exordium","TheCity","TheBeyond","TheEnding"],"potions_floor_usage":[],"damage_taken":[{"damage":4,"enemies":"conspire:RoseBush","floor":1,"turns":1},{"damage":5,"enemies":"2 Louse","floor":2,"turns":2},{"damage":6,"enemies":"Cultist","floor":3,"turns":1},{"damage":0,"enemies":"Looter","floor":4,"turns":1},{"damage":12,"enemies":"Replay:BlueRogue","floor":6,"turns":1},{"damage":0,"enemies":"Red Slaver","floor":7,"turns":1},{"damage":12,"enemies":"Gremlin Nob","floor":11,"turns":1},{"damage":0,"enemies":"3 Louse","floor":12,"turns":1},{"damage":15,"enemies":"Replay:BlueRogue","floor":13,"turns":2},{"damage":0,"enemies":"Fading Forest","floor":16,"turns":8},{"damage":0,"enemies":"3 Byrds","floor":18,"turns":2},{"damage":0,"enemies":"Chosen","floor":20,"turns":2},{"damage":0,"enemies":"Snake Plant","floor":21,"turns":2},{"damage":0,"enemies":"Centurion and Healer","floor":22,"turns":2},{"damage":0,"enemies":"conspire:SneckoGhost","floor":23,"turns":3},{"damage":27,"enemies":"Gremlin Leader","floor":25,"turns":2},{"damage":0,"enemies":"Cultist and Chosen","floor":27,"turns":2},{"damage":0,"enemies":"conspire:Head Lice","floor":28,"turns":2},{"damage":0,"enemies":"Snake Plant","floor":31,"turns":2},{"damage":0,"enemies":"Collector","floor":33,"turns":3},{"damage":2,"enemies":"3 Shapes","floor":35,"turns":3},{"damage":9,"enemies":"conspire:MimicChest","floor":36,"turns":3},{"damage":0,"enemies":"Orb Walker","floor":37,"turns":2},{"damage":0,"enemies":"Reptomancer","floor":40,"turns":2},{"damage":0,"enemies":"Maw","floor":41,"turns":1},{"damage":0,"enemies":"R_Hoarder","floor":42,"turns":2},{"damage":0,"enemies":"Jaw Worm Horde","floor":46,"turns":1},{"damage":3,"enemies":"2 Orb Walkers","floor":47,"turns":2},{"damage":0,"enemies":"Sphere and 2 Shapes","floor":48,"turns":2},{"damage":0,"enemies":"Time Eater","floor":50,"turns":3},{"damage":0,"enemies":"Shield and Spear","floor":54,"turns":1},{"damage":27,"enemies":"The Heart","floor":55,"turns":6}],"seed_played":"-2253322305035101639","potions_obtained":[{"floor":1,"key":"Ancient Potion"},{"floor":4,"key":"Venom Potion"},{"floor":6,"key":"Dexterity Potion"}],"is_trial":false,"path_per_floor":["M","M","M","M","?","E","M","R","T","R","E","M","E","?","R","B",null,"M","?","M","M","M","E","R","E","T","M","E","?","R","M","R","B",null,"M","?","M","?","$","E","M","E","T","?","$","M","?","M","R","B",null,"R","$","E","B",null],"character_chosen":"IRONCLAD","items_purchased":["Lee\u0027s Waffle","StuffTheSpire:GrapeVine","Paper Frog","ClockworkSouvenir","ReplayUltimateDefense","StuffTheSpire:Experiment12"],"campfire_rested":2,"item_purchase_floors":[39,39,39,53,53,53],"current_hp_per_floor":[80,80,80,80,80,74,80,80,80,80,74,80,76,76,85,85,85,85,85,85,85,85,85,85,64,64,70,76,76,76,84,84,85,85,88,85,88,88,95,95,95,95,95,95,95,96,96,96,96,96,96,96,96,96,75],"gold":407,"neow_bonus":"","is_daily":false,"chose_seed":false,"campfire_upgraded":0,"win_rate":0.0,"timestamp":1614230579,"path_taken":["M","M","M","M","?","E","M","R","T","R","E","M","E","?","R","BOSS","M","?","?","M","M","E","R","E","T","M","E","?","R","?","R","BOSS","M","?","M","?","$","E","M","E","T","?","$","M","?","M","R","BOSS","R","$","E","BOSS"],"items_purchased_type":["Relic","Relic","Relic","Relic","Card","Relic"],"build_version":"2020-12-22","purchased_purges":0,"victory":true,"max_hp_per_floor":[80,80,80,80,80,80,80,80,80,80,80,80,85,85,85,85,85,85,85,85,85,85,85,85,85,85,85,85,85,85,85,85,85,85,88,88,88,88,95,95,95,95,95,95,95,96,96,96,96,96,96,96,96,96,96],"card_choices":[{"not_picked":["Metallicize","Thunderclap","Pommel Strike"],"picked":"SKIP","floor":1},{"not_picked":["Iron Wave","Power Through","Shrug It Off"],"picked":"SKIP","floor":2},{"not_picked":["Pummel","Rampage"],"picked":"Seeing Red","floor":3},{"not_picked":["Life Link","Cleave","Clothesline"],"picked":"SKIP","floor":4},{"not_picked":["Rage","Clothesline"],"picked":"Seeing Red","floor":6},{"not_picked":["ReplayTheSpireMod:LeadingStrike","Headbutt","Warcry"],"picked":"SKIP","floor":7},{"not_picked":["StuffTheSpire:Pyroclast","Reaper"],"picked":"Anger","floor":11},{"not_picked":["Clothesline","conspire:ExplosiveBarrier"],"picked":"Anger","floor":12},{"not_picked":["Brutality","ReplayTheSpireMod:LeadingStrike","Blood for Blood"],"picked":"SKIP","floor":13},{"not_picked":["Immolate","Eclipse"],"picked":"Offering","floor":16},{"not_picked":["Pommel Strike+1","Armaments","Clothesline"],"picked":"SKIP","floor":18},{"not_picked":["ReplayTheSpireMod:Strike From Hell","Defy Death"],"picked":"Rupture+1","floor":20},{"not_picked":["Shockwave+1","Sword Boomerang","Juggernaut"],"picked":"SKIP","floor":21},{"not_picked":["Flex","Havoc","Dual Wield"],"picked":"SKIP","floor":22},{"not_picked":["Anger","conspire:Purge","Sword Boomerang"],"picked":"SKIP","floor":23},{"not_picked":["Clash","StuffTheSpire:TitanForm","Impervious"],"picked":"SKIP","floor":25},{"not_picked":["Replay:Undeath\u0027s Touch","Iron Wave","Clash"],"picked":"SKIP","floor":27},{"not_picked":["Clothesline","Blood for Blood+1","Battle Trance"],"picked":"SKIP","floor":27},{"not_picked":["Pummel","Rupture"],"picked":"Demon Form","floor":28},{"not_picked":["Twin Strike","True Grit","Thunderclap+1"],"picked":"SKIP","floor":31},{"not_picked":["Rampage","Twin Strike","ReplayTheSpireMod:LeadingStrike+1"],"picked":"SKIP","floor":31},{"not_picked":["Headbutt","Cleave+1"],"picked":"Spot Weakness+1","floor":35},{"not_picked":["Perfected Strike+1","StuffTheSpire:RagingBull","Double Tap"],"picked":"SKIP","floor":35},{"not_picked":["ReplayTheSpireMod:Muscle Training+1","Clothesline"],"picked":"Limit Break","floor":37},{"not_picked":["Second Wind+1","Iron Wave+1"],"picked":"Inflame","floor":37},{"not_picked":["Perfected Strike","Dual Wield+1"],"picked":"ReplayTheSpireMod:Muscle Training","floor":40},{"not_picked":["Flame Barrier","Headbutt","Sword Boomerang"],"picked":"SKIP","floor":41},{"not_picked":["StuffTheSpire:Slingshot+1","Immolate","Wild Strike+1"],"picked":"SKIP","floor":41},{"not_picked":["StuffTheSpire:RockThrow","Anger+1","Defy Death+1"],"picked":"SKIP","floor":42},{"not_picked":["Perfected Strike+1","Cleave+1","Dropkick"],"picked":"SKIP","floor":46},{"not_picked":["Havoc+1","Replay:Many Hands","StuffTheSpire:Slingshot"],"picked":"SKIP","floor":46},{"not_picked":["Wild Strike+1","ReplayTheSpireMod:Muscle Training","Clothesline+1"],"picked":"SKIP","floor":48},{"not_picked":["Anger+1","Searing Blow","Body Slam+1"],"picked":"SKIP","floor":48},{"not_picked":["Run Through","Headbutt"],"picked":"Inflame+1","floor":54}],"player_experience":250652,"relics_obtained":[{"floor":6,"key":"Pet Ghost"},{"floor":9,"key":"conspire:Flyswatter"},{"floor":11,"key":"Oddly Smooth Stone"},{"floor":13,"key":"Durian"},{"floor":14,"key":"ReplayTheSpireMod:Ring of Exchange"},{"floor":14,"key":"Ring of Peace"},{"floor":23,"key":"Replay:Multitool"},{"floor":24,"key":"ReplayTheSpireMod:Lightbulb"},{"floor":25,"key":"Prayer Wheel"},{"floor":28,"key":"Blood Vial"},{"floor":30,"key":"Toy Ornithopter"},{"floor":32,"key":"ReplayTheSpireMod:TigerMarble"},{"floor":36,"key":"Vajra"},{"floor":40,"key":"Bag of Marbles"},{"floor":42,"key":"conspire:TopHat"},{"floor":43,"key":"PreservedInsect"},{"floor":47,"key":"Shovel"},{"floor":49,"key":"Replay:Bottled Snecko"},{"floor":52,"key":"ReplayTheSpireMod:Ninjato"},{"floor":54,"key":"Snack Pack"}],"event_choices":[{"damage_healed":0,"gold_gain":0,"player_choice":"Leave","damage_taken":0,"max_hp_gain":0,"max_hp_loss":0,"event_name":"conspire:Investor","floor":5,"gold_loss":0},{"damage_healed":0,"gold_gain":0,"player_choice":"Traded Relic","damage_taken":0,"relics_obtained":["Nloth\u0027s Gift"],"max_hp_gain":0,"max_hp_loss":0,"event_name":"N\u0027loth","floor":19,"relics_lost":["Oddly Smooth Stone"],"gold_loss":0},{"damage_healed":0,"gold_gain":0,"player_choice":"Fight","damage_taken":0,"max_hp_gain":0,"max_hp_loss":0,"event_name":"Mysterious Sphere","floor":47,"gold_loss":0}],"is_beta":false,"boss_relics":[{"not_picked":["Cursed Key","Sozu"],"picked":"Ooze Armor"},{"not_picked":["Empty Cage","Tiny House"],"picked":"Frozen Eye"}],"items_purged_floors":[],"is_endless":false,"potions_floor_spawned":[1,4,6,12,21,22,25,27,36,37,40,41,46],"ascension_level":1}}