{"host":"tlbbab9afexrkdtf","time":1614218177,"event":{"mods":["2.2 Compatiblity","AchievementEnabler","BaseMod","Colored Map","Colored Powertips","Minty Spire (QoL Compilation)","Rare Cards Sparkle","StSLib"],"gold_per_floor":[116,116,81,97,108,108,142,142,167,197,209,284,62,72,72,174,174,190,190,190,61,61,61,61],"floor_reached":23,"language":"ENG","playtime":453,"items_purged":[],"score":311,"play_id":"98176808-be95-47cf-9346-2fc1fcc2c0aa","local_time":"20210224205617","is_ascension_mode":true,"campfire_choices":[{"floor":6,"key":"REST"},{"floor":8,"key":"REST"},{"floor":15,"key":"REST"}],"circlet_count":0,"master_deck":["Strike_B","Strike_B","Strike_B+1","Strike_B","Defend_B","Defend_B","Defend_B","Defend_B+1","Zap","Dualcast","Coolheaded","Beam Cell","Coolheaded","Auto Shields","Coolheaded","Darkness","Conserve Battery","Beam Cell","Cold Snap","Rainbow","Cold Snap","Coolheaded","Capacitor"],"relics":["Cracked Core","Bag of Preparation","PreservedInsect","Cables","Sling","Sozu","Enchiridion"],"acts_visited":["Exordium","TheCity"],"potions_floor_usage":[10,16,16],"damage_taken":[{"damage":22,"enemies":"Small Slimes","floor":1,"turns":3},{"damage":4,"enemies":"2 Louse","floor":4,"turns":3},{"damage":2,"enemies":"Jaw Worm","floor":5,"turns":3},{"damage":55,"enemies":"Gremlin Nob","floor":7,"turns":5},{"damage":17,"enemies":"Lagavulin","floor":10,"turns":6},{"damage":0,"enemies":"Blue Slaver","floor":11,"turns":5},{"damage":1,"enemies":"Exordium Wildlife","floor":14,"turns":4},{"damage":17,"enemies":"Hexaghost","floor":16,"turns":11},{"damage":6,"enemies":"Shell Parasite","floor":18,"turns":6},{"damage":32,"enemies":"Gremlin Leader","floor":23,"turns":2}],"seed_played":"7010145021646338798","potions_obtained":[{"floor":5,"key":"PotionOfCapacity"},{"floor":7,"key":"DuplicationPotion"},{"floor":11,"key":"CultistPotion"}],"is_trial":false,"path_per_floor":["M","?","?","M","M","R","E","R","T","E","M","?","$","M","R","B",null,"M","?","?","$","?","E"],"character_chosen":"DEFECT","items_purchased":["Sling","Conserve Battery","Beam Cell","Coolheaded","Capacitor"],"campfire_rested":3,"item_purchase_floors":[13,13,13,21,21],"current_hp_per_floor":[53,37,57,53,51,75,20,44,44,27,27,16,16,15,39,22,67,61,61,45,45,29,0,0],"gold":61,"neow_bonus":"TEN_PERCENT_HP_BONUS","is_daily":false,"chose_seed":false,"campfire_upgraded":0,"win_rate":0.0,"timestamp":1614218177,"path_taken":["M","?","?","M","M","R","E","R","T","E","M","?","?","M","R","BOSS","M","?","?","$","?","E"],"items_purchased_type":["Relic","Card","Card","Card","Card"],"build_version":"2020-12-22","purchased_purges":0,"victory":false,"max_hp_per_floor":[82,82,82,82,82,82,82,82,82,82,82,82,82,82,82,82,82,82,82,87,87,87,87,87],"card_choices":[{"not_picked":["Ball Lightning","Capacitor"],"picked":"Coolheaded","floor":1},{"not_picked":["Rip and Tear","Streamline"],"picked":"Beam Cell","floor":4},{"not_picked":["FTL","Hologram"],"picked":"Coolheaded","floor":5},{"not_picked":["BootSequence","Hologram"],"picked":"Auto Shields","floor":7},{"not_picked":["Steam","Streamline"],"picked":"Coolheaded","floor":10},{"not_picked":["Gash","Streamline"],"picked":"Darkness","floor":11},{"not_picked":["Core Surge","Scrape"],"picked":"Cold Snap","floor":14},{"not_picked":["Multi-Cast","Fission"],"picked":"Rainbow","floor":16},{"not_picked":["Hello World","Undo"],"picked":"Cold Snap","floor":18}],"player_experience":367864,"relics_obtained":[{"floor":7,"key":"Bag of Preparation"},{"floor":9,"key":"PreservedInsect"},{"floor":10,"key":"Cables"},{"floor":22,"key":"Enchiridion"}],"event_choices":[{"damage_healed":0,"gold_gain":0,"player_choice":"Entered Light","damage_taken":16,"max_hp_gain":0,"max_hp_loss":0,"event_name":"Shining Light","floor":2,"gold_loss":0,"cards_upgraded":["Strike_B","Defend_B"]},{"damage_healed":20,"gold_gain":0,"player_choice":"Healed","damage_taken":0,"max_hp_gain":0,"max_hp_loss":0,"event_name":"The Cleric","floor":3,"gold_loss":35},{"damage_healed":0,"gold_gain":75,"player_choice":"Gather Gold","damage_taken":11,"max_hp_gain":0,"max_hp_loss":0,"event_name":"World of Goop","floor":12,"gold_loss":0},{"damage_healed":0,"gold_gain":0,"player_choice":"Ignored","damage_taken":0,"max_hp_gain":0,"max_hp_loss":0,"event_name":"Vampires","floor":19,"gold_loss":0},{"damage_healed":0,"gold_gain":0,"player_choice":"Shed Blood","damage_taken":21,"max_hp_gain":5,"max_hp_loss":0,"event_name":"Forgotten Altar","floor":20,"gold_loss":0},{"damage_healed":0,"gold_gain":0,"player_choice":"Obtained Book","damage_taken":16,"max_hp_gain":0,"max_hp_loss":0,"event_name":"Cursed Tome","floor":22,"gold_loss":0}],"is_beta":false,"boss_relics":[{"not_picked":["Ectoplasm","Tiny House"],"picked":"Sozu"}],"items_purged_floors":[],"is_endless":false,"potions_floor_spawned":[5,7,11],"killed_by":"Gremlin Leader","ascension_level":9}}