{"host":"d4hjo1dp8g06u19c","time":1614274022,"event":{"mods":["Act Like it!","Arknights","BaseMod","Better Match","BetterRewards","Colored Map","Colored Powertips","Downfall","LagranYue(¿≠∏Ò¿ °§‘¬)","Marisa£®ÏF”Í°°ƒß¿Ì…≥£©","Minty Spire (QoL Compilation)","Quick Restart","Remove Card Discount Mod","Shop Mod","Spicy Shops","StSLib","The Animator","The Servant 0.9.4","TheSwordswoman","UnlockEverythingMod","Youmu£®ªÍ∆«—˝√Œ£©","noobMod","ÛÙª÷∏ƒœ"],"gold_per_floor":[109,31,51,51,51,85,106,141,141,64,108,108],"floor_reached":11,"language":"ZHS","playtime":309,"items_purged":["Injury"],"score":106,"play_id":"a315b3b3-2e8b-4ab6-84de-5be6cb2dadd4","local_time":"20210226012702","is_ascension_mode":false,"campfire_choices":[],"circlet_count":0,"master_deck":["Strike_B","Strike_B+1","Strike_B","Strike_B","Defend_B","Defend_B","Defend_B","Defend_B","Zap","Dualcast","Chaos","Turbo","Coolheaded","Cold Snap+1","Capacitor"],"relics":["Cracked Core","ice","LagranYue:RandomDrawCardRelic","NeowsBlessing","Happy Flower","Golden Idol","Pantograph","Odd Mushroom","Whetstone","Smiling Mask"],"acts_visited":["Exordium"],"potions_floor_usage":[11,11,11],"damage_taken":[{"damage":0,"enemies":"Jaw Worm","floor":1,"turns":1},{"damage":0,"enemies":"ats:Genji","floor":3,"turns":1},{"damage":0,"enemies":"3 Sentries","floor":6,"turns":1},{"damage":0,"enemies":"2 Louse","floor":7,"turns":3},{"damage":38,"enemies":"The Mushroom Lair","floor":8,"turns":7},{"damage":3,"enemies":"Gremlin Nob","floor":11,"turns":3}],"seed_played":"7097587148483609207","potions_obtained":[{"floor":1,"key":"champ:CounterPotion"},{"floor":7,"key":"Fire Potion"},{"floor":8,"key":"ColorlessPotion"}],"is_trial":false,"path_per_floor":["M","$","M","$","?","E","M","?","T","$","E"],"character_chosen":"DEFECT","items_purchased":["Happy Flower","Capacitor"],"campfire_rested":0,"item_purchase_floors":[2,10],"current_hp_per_floor":[75,75,75,75,75,75,75,37,37,37,34,34],"gold":108,"neow_bonus":"THREE_ENEMY_KILL","is_daily":false,"chose_seed":false,"campfire_upgraded":0,"win_rate":0.0,"timestamp":1614274022,"path_taken":["M","$","M","$","?","E","M","?","T","?","E"],"items_purchased_type":["Relic","Card"],"build_version":"2020-12-22","purchased_purges":1,"victory":false,"max_hp_per_floor":[75,75,75,75,75,75,75,75,75,75,75,75],"card_choices":[{"not_picked":["Steam","Steam Power"],"picked":"Chaos","floor":1},{"not_picked":["Coolheaded","Blizzard"],"picked":"Turbo","floor":3},{"not_picked":["Turbo","Biased Cognition"],"picked":"Coolheaded","floor":6},{"not_picked":["Turbo","Lockon"],"picked":"Cold Snap","floor":7}],"player_experience":146257,"relics_obtained":[{"floor":6,"key":"Pantograph"},{"floor":8,"key":"Odd Mushroom"},{"floor":9,"key":"Whetstone"},{"floor":11,"key":"Smiling Mask"}],"event_choices":[{"damage_healed":0,"gold_gain":0,"player_choice":"Take Wound","damage_taken":0,"relics_obtained":["Golden Idol"],"max_hp_gain":0,"max_hp_loss":0,"event_name":"Golden Idol","floor":5,"gold_loss":0,"cards_obtained":["Injury"]},{"damage_healed":0,"gold_gain":0,"player_choice":"Fought Mushrooms","damage_taken":0,"max_hp_gain":0,"max_hp_loss":0,"event_name":"Mushrooms","floor":8,"gold_loss":0}],"is_beta":false,"boss_relics":[],"items_purged_floors":[10],"is_endless":false,"potions_floor_spawned":[1,7,8],"killed_by":"Gremlin Nob","ascension_level":0}}