{"host":"uyfpom4rlahfoee4","time":1614284046,"event":{"mods":["BaseMod","Downfall","Minty Spire (QoL Compilation)","StSLib"],"gold_per_floor":[99,111,128,147,147,147,147,147,147,164,178,198,198,373,392,490,490,490,509,522,541,551,551,551,566,36,36,36,36,36],"floor_reached":28,"language":"ENG","playtime":1199,"items_purged":["Doubt"],"score":214,"play_id":"8b09937d-8403-4ab1-a291-bbf5c7df6386","local_time":"20210225121406","is_ascension_mode":false,"campfire_choices":[{"data":"champ:PerfectedStrike","floor":1,"key":"SMITH"},{"data":"champ:Taunt","floor":8,"key":"SMITH"},{"data":"champ:PerfectedStrike","floor":13,"key":"SMITH"},{"floor":18,"key":"DIG"},{"floor":23,"key":"REST"}],"circlet_count":0,"master_deck":["champ:Strike","champ:Strike","champ:Strike","champ:Strike","champ:Defend","champ:Defend","champ:Defend","champ:Defend","champ:Execute+1","champ:Taunt+1","champ:PerfectedStrike+1","champ:BerserkerStyle","champ:StanceDance+1","champ:EnGarde+1","champ:PerfectedStrike+1","champ:StanceDance","champ:CrookedStrike","champ:StanceDance","champ:EnchantSword","champ:Shatter","champ:BringItOn+1","champ:DefensiveStyle","champ:FancyFootwork","champ:FaceSlap","champ:CheapShot"],"relics":["champ:ChampionCrown","Shovel","Darkstone Periapt","Sozu","Art of War","Shuriken","Torii","PrismaticShard"],"acts_visited":["Exordium","TheCity"],"potions_floor_usage":[16,16,20],"damage_taken":[{"damage":0,"enemies":"Jaw Worm","floor":2,"turns":2},{"damage":0,"enemies":"2 Louse","floor":3,"turns":2},{"damage":22,"enemies":"Small Slimes","floor":4,"turns":4},{"damage":15,"enemies":"3 Louse","floor":10,"turns":3},{"damage":2,"enemies":"Exordium Wildlife","floor":11,"turns":2},{"damage":0,"enemies":"2 Fungi Beasts","floor":12,"turns":2},{"damage":31,"enemies":"Exordium Thugs","floor":15,"turns":4},{"damage":86,"enemies":"DF_ARCHETYPE_STREAMLINE","floor":16,"turns":8},{"damage":40,"enemies":"Spheric Guardian","floor":19,"turns":4},{"damage":2,"enemies":"Shell Parasite","floor":20,"turns":4},{"damage":24,"enemies":"Cultist and Chosen","floor":21,"turns":7},{"damage":24,"enemies":"Centurion and Healer","floor":22,"turns":5},{"damage":50,"enemies":"Chosen and Byrds","floor":25,"turns":6},{"damage":0,"enemies":"downfall:FleeingMerchant","floor":26,"turns":4},{"damage":43,"enemies":"downfall:FleeingMerchant","floor":28,"turns":6}],"seed_played":"123683127893679675","potions_obtained":[{"floor":4,"key":"Fire Potion"},{"floor":11,"key":"ColorlessPotion"},{"floor":15,"key":"sneckomod:MuddlingPotion"},{"floor":16,"key":"SkillPotion"}],"is_trial":false,"path_per_floor":["R","M","M","M","?","?","T","R","?","M","M","M","R","?","M","B",null,"R","M","M","M","M","R","T","M","$","?","?"],"character_chosen":"THE_CHAMP","items_purchased":["Torii","PrismaticShard"],"campfire_rested":1,"item_purchase_floors":[26,26],"current_hp_per_floor":[90,90,90,88,88,88,88,88,81,81,79,79,79,85,85,35,96,96,71,69,55,41,69,69,34,34,34,1,1,1],"gold":36,"neow_bonus":"THREE_CARDS","is_daily":false,"chose_seed":false,"campfire_upgraded":3,"win_rate":0.0,"timestamp":1614284046,"path_taken":["R","M","M","M","?","?","T","R","?","M","M","M","R","?","M","BOSS","R","M","M","M","M","R","T","M","$","?","?"],"items_purchased_type":["Relic","Relic"],"build_version":"2020-12-22","purchased_purges":1,"victory":false,"max_hp_per_floor":[90,90,90,90,90,90,90,90,90,90,90,90,90,96,96,96,96,96,96,96,96,96,96,96,96,96,96,96,96,96],"card_choices":[{"not_picked":["champ:Shatter","champ:DefensiveShout"],"picked":"champ:PerfectedStrike","floor":0},{"not_picked":["champ:GutPunch","champ:TornadoPunch"],"picked":"champ:BerserkerStyle","floor":2},{"not_picked":["champ:Backstep","champ:SkillfulDodge"],"picked":"champ:StanceDance","floor":3},{"not_picked":["champ:BladeFlurry","champ:PreemptiveStrike"],"picked":"champ:EnGarde","floor":4},{"not_picked":["champ:DefensiveShout","champ:FaceSlap"],"picked":"champ:PerfectedStrike","floor":10},{"not_picked":["champ:EnGarde","champ:PreciseThrust"],"picked":"champ:StanceDance","floor":11},{"not_picked":["champ:RageSigil","champ:Endure"],"picked":"champ:CrookedStrike","floor":12},{"not_picked":["champ:ShieldSlam","champ:Circumvent"],"picked":"champ:StanceDance","floor":15},{"not_picked":["champ:StrikeOfGenius","champ:SwordThrow"],"picked":"champ:EnchantSword","floor":16},{"not_picked":["champ:BerserkersShout+1","champ:SkillfulDodge"],"picked":"champ:Shatter","floor":19},{"not_picked":["champ:ArenaPreparation+1","champ:CalledShot"],"picked":"champ:BringItOn+1","floor":20},{"not_picked":["champ:Duel","champ:Backstep"],"picked":"champ:DefensiveStyle","floor":21},{"not_picked":["champ:StanceDance","champ:BladeFlurry"],"picked":"champ:FancyFootwork","floor":22},{"not_picked":["champ:DefensiveStyle","champ:CrownThrow"],"picked":"champ:FaceSlap","floor":25},{"not_picked":["champ:ArenaPreparation+1","champ:ShieldWall"],"picked":"champ:CheapShot","floor":26}],"player_experience":204539,"relics_obtained":[{"floor":7,"key":"Shovel"},{"floor":18,"key":"Art of War"},{"floor":24,"key":"Shuriken"}],"event_choices":[{"cards_removed":["downfall:Malfunctioning"],"damage_healed":0,"gold_gain":0,"player_choice":"Card Removal","damage_taken":0,"max_hp_gain":0,"max_hp_loss":0,"event_name":"The Cleric","floor":6,"gold_loss":0},{"damage_healed":0,"gold_gain":0,"player_choice":"Success","damage_taken":7,"relics_obtained":["Darkstone Periapt"],"max_hp_gain":0,"max_hp_loss":0,"event_name":"Scrap Ooze","floor":9,"gold_loss":0}],"is_beta":false,"boss_relics":[{"not_picked":["Tiny House","Astrolabe"],"picked":"Sozu"}],"items_purged_floors":[26],"is_endless":false,"potions_floor_spawned":[4,11,15,16,19,22],"killed_by":"downfall:FleeingMerchant","ascension_level":0}}