{"host":"ki8bdgqnhyu1xulu","time":1614291365,"event":{"mods":["AchievementEnabler","BaseMod","Hermit","Minty Spire (QoL Compilation)","StSLib","The Bug Knight","The Cursed","Together in Spire"],"gold_per_floor":[119,29,29,29,29,29,52,76,103,103,118,118,152,171,171,302,302,327,327,327,352,375,408,408,421,475,1,37,55,3,22,22,22,22],"floor_reached":33,"language":"ENG","playtime":1897,"items_purged":[],"score":362,"play_id":"71e22802-5afb-4dfa-94e4-f0c1e95bdd25","local_time":"20210225171605","is_ascension_mode":false,"campfire_choices":[{"floor":6,"key":"REST"},{"floor":10,"key":"REST"},{"data":"Bouncing Flask","floor":12,"key":"SMITH"},{"floor":15,"key":"REST"},{"floor":24,"key":"REST"},{"floor":32,"key":"REST"}],"circlet_count":0,"master_deck":["Strike_G+1","Strike_G+1","Strike_G+1","Strike_G+1","Strike_G+1","Defend_G+1","Defend_G+1","Defend_G+1","Survivor","Neutralize","Dagger Throw","Bouncing Flask+1","Finisher","Slice","Glass Knife","Injury","Deadly Poison","Slice","Deflect","Underhanded Strike","Bouncing Flask","Bullet Time","Dodge and Roll","Heel Hook+1","Deadly Poison","Venomology","Acrobatics","Poisoned Stab","Leg Sweep+1","Underhanded Strike","Predator"],"relics":["Ring of the Snake","Golden Idol","Snake Skull","PreservedInsect","Busted Crown","Gremlin Horn","Happy Flower","Bag of Marbles","Meat on the Bone","ClockworkSouvenir","TungstenRod"],"acts_visited":["Exordium","TheCity"],"potions_floor_usage":[11,11,13,13,16,18,25,28,28,29,31,33,33,33],"damage_taken":[{"damage":10,"enemies":"Jaw Worm","floor":1,"turns":5},{"damage":2,"enemies":"Small Slimes","floor":7,"turns":2},{"damage":0,"enemies":"Cultist","floor":8,"turns":2},{"damage":0,"enemies":"Large Slime","floor":11,"turns":2},{"damage":10,"enemies":"Gremlin Nob","floor":13,"turns":3},{"damage":0,"enemies":"2 Fungi Beasts","floor":14,"turns":2},{"damage":0,"enemies":"Slime Boss","floor":16,"turns":3},{"damage":16,"enemies":"Spheric Guardian","floor":18,"turns":4},{"damage":12,"enemies":"2 Thieves","floor":21,"turns":3},{"damage":11,"enemies":"Centurion and Healer","floor":22,"turns":4},{"damage":12,"enemies":"Slavers","floor":23,"turns":3},{"damage":21,"enemies":"Snake Plant","floor":25,"turns":2},{"damage":0,"enemies":"Gremlin Leader","floor":28,"turns":3},{"damage":10,"enemies":"3 Cultists","floor":29,"turns":4},{"damage":8,"enemies":"Chosen and Byrds","floor":31,"turns":3},{"damage":67,"enemies":"Champ","floor":33,"turns":7}],"seed_played":"8533795156169618055","potions_obtained":[{"floor":7,"key":"ColorlessPotion"},{"floor":8,"key":"EntropicBrew"},{"floor":13,"key":"AttackPotion"},{"floor":14,"key":"PowerPotion"},{"floor":18,"key":"SteroidPotion"},{"floor":22,"key":"Dexterity Potion"},{"floor":25,"key":"Swift Potion"},{"floor":31,"key":"Poison Potion"}],"is_trial":false,"path_per_floor":["M","$","?","?","$","R","M","M","T","R","M","R","E","M","R","B",null,"M","?","?","M","M","E","R","M","T","$","E","M","$","M","R","B"],"character_chosen":"THE_SILENT","items_purchased":["Finisher","Slice","Meat on the Bone","ClockworkSouvenir","Poisoned Stab","AttackPotion","Fire Potion"],"campfire_rested":5,"item_purchase_floors":[2,2,27,27,27,27,30],"current_hp_per_floor":[60,60,60,60,60,70,68,68,68,70,70,70,60,60,70,70,70,54,54,54,42,31,19,40,19,19,19,31,33,33,37,58,0,0],"gold":22,"neow_bonus":"TRANSFORM_CARD","is_daily":false,"chose_seed":false,"campfire_upgraded":1,"win_rate":0.0,"timestamp":1614291365,"path_taken":["M","$","?","?","?","R","M","?","T","R","M","R","E","M","R","BOSS","M","?","?","?","M","E","R","M","T","$","E","M","$","M","R","BOSS"],"items_purchased_type":["Card","Card","Relic","Relic","Card","Potion","Potion"],"build_version":"2020-12-22","purchased_purges":0,"victory":false,"max_hp_per_floor":[70,70,70,70,70,70,70,70,70,70,70,70,70,70,70,70,70,70,70,70,70,70,70,70,70,70,70,70,70,70,70,70,70,70],"card_choices":[{"not_picked":["Dagger Spray","Noxious Fumes"],"picked":"Bouncing Flask","floor":1},{"not_picked":["Dagger Spray","Dagger Throw"],"picked":"Deadly Poison","floor":7},{"not_picked":["Sucker Punch","Backflip"],"picked":"Slice","floor":8},{"not_picked":["Quick Slash","Skewer"],"picked":"Deflect","floor":11},{"not_picked":["Slice","Reflex"],"picked":"Underhanded Strike","floor":13},{"not_picked":["Escape Plan","Dodge and Roll"],"picked":"Bouncing Flask","floor":14},{"not_picked":["Glass Knife","Tools of the Trade"],"picked":"Bullet Time","floor":16},{"not_picked":[],"picked":"Dodge and Roll","floor":18},{"not_picked":[],"picked":"Heel Hook+1","floor":21},{"not_picked":[],"picked":"Deadly Poison","floor":22},{"not_picked":[],"picked":"Venomology","floor":23},{"not_picked":[],"picked":"Acrobatics","floor":25},{"not_picked":[],"picked":"Leg Sweep+1","floor":28},{"not_picked":[],"picked":"Underhanded Strike","floor":29},{"not_picked":[],"picked":"Predator","floor":31}],"player_experience":61362,"relics_obtained":[{"floor":9,"key":"Snake Skull"},{"floor":13,"key":"PreservedInsect"},{"floor":23,"key":"Happy Flower"},{"floor":26,"key":"Bag of Marbles"},{"floor":28,"key":"TungstenRod"}],"event_choices":[{"damage_healed":0,"gold_gain":0,"cards_transformed":["Defend_G"],"player_choice":"Change","damage_taken":0,"max_hp_gain":0,"max_hp_loss":0,"event_name":"Living Wall","floor":3,"gold_loss":0,"cards_obtained":["Glass Knife"]},{"damage_healed":0,"gold_gain":0,"player_choice":"Take Wound","damage_taken":0,"relics_obtained":["Golden Idol"],"max_hp_gain":0,"max_hp_loss":0,"event_name":"Golden Idol","floor":4,"gold_loss":0,"cards_obtained":["Injury"]},{"damage_healed":0,"gold_gain":0,"player_choice":"Simplicity","damage_taken":0,"max_hp_gain":0,"max_hp_loss":0,"event_name":"Back to Basics","floor":19,"gold_loss":0,"cards_upgraded":["Strike_G","Strike_G","Strike_G","Strike_G","Strike_G","Defend_G","Defend_G","Defend_G"]},{"damage_healed":0,"gold_gain":0,"player_choice":"Gave Potion","damage_taken":0,"relics_obtained":["Gremlin Horn"],"max_hp_gain":0,"max_hp_loss":0,"event_name":"WeMeetAgain","floor":20,"gold_loss":0}],"is_beta":false,"boss_relics":[{"not_picked":["Runic Dome","Ring of the Serpent"],"picked":"Busted Crown"}],"items_purged_floors":[],"is_endless":false,"potions_floor_spawned":[7,8,13,14,18,22,25,31],"killed_by":"Champ","ascension_level":0}}