{"host":"5tnmlfm2arf82kze","time":1614246334,"event":{"mods":["Act Like it!","Arknights","BaseMod","CapriCore","Colored Powertips","Gensokyo","Minty Spire (QoL Compilation)","Replay The Spire","RumiaBox-露米娅的神秘盒子","Shop Mod","Spicy Shops","StSLib","Waifu the Spire","Yakumo Yukari mod","Youmu（魂魄妖梦）","Yuyuko","【功能Mod】聪明的最终Boss","【遗物卡牌】REMEMod"],"gold_per_floor":[131,150,150,150,169,29,29,29,44,44,71,391,446,475,475,506,506,602,602,620,620,633,335,335,136,0,27,27,27,47,47,47,267,267,370,370,385,69,89,89,105,105,134,134,134,169,180,180,180,193,193,193,193,193,49,84,84],"floor_reached":58,"language":"ZHS","playtime":10289,"items_purged":["AT_purpleEX","Extrememeaning_purpleEX"],"score":1448,"play_id":"2ff571d5-df10-4a2e-8d52-b3231103d6dd","local_time":"20210225174534","is_ascension_mode":true,"campfire_choices":[{"data":"RuptureOfTimeAndSpace_purple","floor":8.0,"key":"SMITH"},{"data":"Observe_purple_2","floor":10.0,"key":"SMITH"},{"data":"OmniscientAndOmnipotent_Monster_purple","floor":15.0,"key":"SMITH"},{"data":"WangLiang_OokamiKakushi_purple","floor":17.0,"key":"SMITH"},{"data":"ButterflyHabitatTemple_purple","floor":29.0,"key":"SMITH"},{"data":"Monsters_DoubleDeathButterfly_purple","floor":31.0,"key":"SMITH"},{"data":"ContainerChange_purple","floor":42.0,"key":"SMITH"},{"floor":44.0,"key":"REST"},{"floor":48.0,"key":"RECALL"},{"data":"ProofOfUnderstanding_purple","floor":54.0,"key":"SMITH"}],"circlet_count":0,"master_deck":["Observe_purple_1","Observe_purple_2+1","ats:Thorns","RuptureOfTimeAndSpace_purple+1","OmniscientAndOmnipotent_Monster_purple+1","EighthInstrument_OneDividesIntoTwo_purple","Shallow_ocean_purpleEX","RealityDreamConfluencek_purple","WangLiang_OokamiKakushi_purple+1","StateDuplicate_purple","Human_Monster_Realm_purple+1","Bait_HighSpeedFlying_purple","Fantasy_PerpetualMotionMachine_purple+1","ButterflyHabitatTemple_purple+1","Monsters_DoubleDeathButterfly_purple+1","Umbrella_purple+1","GluttonyofRealm_purpleEX","SfantasyHide_purple+1","ContainerChange_purple+1","MeetDecomposer_purple","OpenedBox_purple","Realm_recovery_purpleEX","Realm_recovery_purpleEX+1","EighthInstrument_OneDividesIntoTwo_purple+1","Gensokyo:RisingWorld+1","Fantasy_PerpetualMotionMachine_purple+1","Theboundaryofcreation_purpleEX","ProofOfUnderstanding_purple+1","MeetDecomposer_purple+1","Boundary_LightAndDark_purple+1","Realm_recovery_purpleEX+1","CommonSense_AntiCommonSense_purple","Photoelasticity_Doppler_Effect_purple+1","ReplayTheSpireMod:IOU","ReplayTheSpireMod:IOU","ReplayTheSpireMod:IOU","Know_ledgeAbilityRealm_purple","WangLiang_OokamiKakushi_purple"],"relics":["Boundary_crack","Memoryfragments_purpleEX","REME_ComplimentaryCards","ZombieArmy","Potion Belt","ats:Originium","Pet Ghost","Replay:Bronze Core","ReplayTheSpireMod:CursedCoin","MerchantsRug","Frozen Eye","Smiling Mask","Question Card","ClockworkSouvenir","Happy Flower","Vajra","Peace Pipe","Pocketwatch","BargainBundle","TungstenRod","Antimatter_spacedebris","Calipers"],"acts_visited":["Gensokyo:Gensokyo","Gensokyo:Gensokyoer","Gensokyo:Gensokyoest","TheEnding"],"potions_floor_usage":[56,57,57],"damage_taken":[{"damage":4.0,"enemies":"Gensokyo:3_Fairies","floor":1.0,"turns":4.0},{"damage":10.0,"enemies":"Gensokyo:Gryphon","floor":2.0,"turns":5.0},{"damage":4.0,"enemies":"Gensokyo:2_Kodama","floor":5.0,"turns":4.0},{"damage":16.0,"enemies":"Gensokyo:LivingMonolith","floor":9.0,"turns":4.0},{"damage":12.0,"enemies":"Gensokyo:Gryphon_and_Rabbit","floor":12.0,"turns":6.0},{"damage":16.0,"enemies":"Gensokyo:Cirno","floor":14.0,"turns":5.0},{"damage":13.0,"enemies":"Gensokyo:Mamizou","floor":16.0,"turns":5.0},{"damage":4.0,"enemies":"Gensokyo:Yukari","floor":18.0,"turns":4.0},{"damage":0.0,"enemies":"Gensokyo:CosmicMonolith","floor":20.0,"turns":2.0},{"damage":0.0,"enemies":"Gensokyo:2_Gloops","floor":22.0,"turns":4.0},{"damage":51.0,"enemies":"Gensokyo:Koishi","floor":27.0,"turns":5.0},{"damage":29.0,"enemies":"Gensokyo:Slime_Group","floor":30.0,"turns":5.0},{"damage":11.0,"enemies":"Gensokyo:3_Gloops","floor":33.0,"turns":4.0},{"damage":16.0,"enemies":"Gensokyo:Eiki","floor":35.0,"turns":4.0},{"damage":12.0,"enemies":"Gensokyo:AncientGuardian","floor":37.0,"turns":3.0},{"damage":13.0,"enemies":"Gensokyo:3_Boulders","floor":39.0,"turns":4.0},{"damage":0.0,"enemies":"Gensokyo:3_Boulders","floor":40.0,"turns":7.0},{"damage":31.0,"enemies":"Gensokyo:Sharpion","floor":41.0,"turns":6.0},{"damage":36.0,"enemies":"Gensokyo:Kasen","floor":43.0,"turns":5.0},{"damage":0.0,"enemies":"Gensokyo:Marisa","floor":46.0,"turns":5.0},{"damage":2.0,"enemies":"Gensokyo:Dusk_and_Dawn","floor":47.0,"turns":4.0},{"damage":11.0,"enemies":"Gensokyo:Rafflesia","floor":50.0,"turns":5.0},{"damage":17.0,"enemies":"Gensokyo:Scarlet_Devils","floor":52.0,"turns":4.0},{"damage":43,"enemies":"Shield and Spear","floor":56,"turns":4},{"damage":34,"enemies":"The Heart","floor":57,"turns":5}],"seed_played":"6092823788748146316","potions_obtained":[{"floor":2.0,"key":"Swift Potion"},{"floor":5.0,"key":"Block Potion"},{"floor":12.0,"key":"FairyPotion"},{"floor":16.0,"key":"Block Potion"},{"floor":30.0,"key":"FearPotion"},{"floor":34.0,"key":"DuplicationPotion"},{"floor":34.0,"key":"ColorlessPotion"},{"floor":35.0,"key":"LiquidMemories"},{"floor":37.0,"key":"BlessingOfTheForge"},{"floor":39.0,"key":"LifebloodPotion"},{"floor":49.0,"key":"Fruit Juice"},{"floor":49.0,"key":"SkillPotion"},{"floor":50.0,"key":"GamblersBrew"},{"floor":51.0,"key":"Fruit Juice"},{"floor":51.0,"key":"Venom Potion"}],"is_trial":false,"path_per_floor":["M","M","PTL","PTL","M","COS","?","R","M","R","T","M","T","E","R","E","R","B",null,"M","?","M","$","?","COS","?","E","T","R","M","R","?","M","R","B",null,"M","COS","M","?","M","R","E","R","T","E","M","R","?","M","R","B",null,"R","$","E","B",null],"character_chosen":"Youkari","items_purchased":["ReplayTheSpireMod:CursedCoin","Fantasy_PerpetualMotionMachine_purple","MerchantsRug","Frozen Eye","BargainBundle","SteroidPotion","Strength Potion","Reflective Coating","CommonSense_AntiCommonSense_purple","Photoelasticity_Doppler_Effect_purple+1","TungstenRod","Know_ledgeAbilityRealm_purple","Antimatter_spacedebris"],"campfire_rested":1,"item_purchase_floors":[23,23,23,23,55,55,55,55,55,55,55,55,55],"current_hp_per_floor":[75,69,69,69,68,68,68,68,54,54,54,47,47,34,34,24,24,27,77,77,77,77,77,77,77,77,28,28,28,23,23,23,18,18,3,83,75,75,70,70,40,40,5,32,32,37,44,44,49,42,47,31,108,108,108,70,108],"gold":84,"neow_bonus":"TEN_PERCENT_HP_BONUS","is_daily":false,"chose_seed":false,"campfire_upgraded":8,"win_rate":0.0,"timestamp":1614246334,"path_taken":["M","?","PTL","PTL","M","COS","?","R","M","R","T","M","?","E","R","E","R","BOSS","M","?","M","$","?","COS","?","E","T","R","M","R","?","?","R","BOSS","M","COS","M","?","M","R","E","R","T","E","M","R","?","M","R","BOSS","R","$","E","BOSS"],"items_purchased_type":["Relic","Card","Relic","Relic","Relic","Potion","Potion","Potion","Card","Card","Relic","Card","Relic"],"build_version":"2020-12-22","purchased_purges":2,"victory":true,"max_hp_per_floor":[77,77,77,77,77,77,77,77,77,77,77,77,77,77,77,77,77,77,77,77,77,77,77,77,77,77,77,77,77,77,77,77,83,83,83,83,86,86,92,92,92,92,92,92,92,92,98,98,103,103,108,108,108,108,108,108,108],"card_choices":[{"not_picked":["Realm_recovery_purpleEX","StateDuplicate_purple"],"picked":"RuptureOfTimeAndSpace_purple","floor":1.0},{"not_picked":["MeetDecomposer_purple","SfantasyHide_purple"],"picked":"OmniscientAndOmnipotent_Monster_purple","floor":2.0},{"not_picked":["MeetDecomposer_purple","DimensionStaggered_purple"],"picked":"EighthInstrument_OneDividesIntoTwo_purple","floor":5.0},{"not_picked":["Worldmountain_purple","RealityDreamConfluencek_purple"],"picked":"Shallow_ocean_purpleEX","floor":9.0},{"not_picked":["Mirror_FormAndEmptin_purple+1","MeetDecomposer_purple+1"],"picked":"PurpleNeedle_purple+1","floor":12.0},{"not_picked":["Worldmountain_purple","DimensionStaggered_purple"],"picked":"RealityDreamConfluencek_purple","floor":12.0},{"not_picked":["Worldmountain_purple","SharpContractionReality_purple","Yakumo_Ran_purple"],"picked":"SKIP","floor":14.0},{"not_picked":["Mirror_TwoAndThreeElementRealm_purple","MagicEyes_LaplaceDemon_purple"],"picked":"WangLiang_OokamiKakushi_purple","floor":16.0},{"not_picked":["SfantasyHide_purple","SharpContractionReality_purple"],"picked":"StateDuplicate_purple","floor":16.0},{"not_picked":["WasteWire_Metro_purple","UniverseChoice_purple"],"picked":"Human_Monster_Realm_purple","floor":18.0},{"not_picked":["ExistenceContinue_purple+1","Mirror_FormAndEmptin_purple+1","Mirror_Drifter_purple"],"picked":"SKIP","floor":20.0},{"not_picked":["WorldDissolvedintheRealm_purple+1","Bait_Toxicbait_purple"],"picked":"Bait_HighSpeedFlying_purple","floor":22.0},{"not_picked":["OmniscientAndOmnipotent_Monster_purple","MeetDecomposer_purple"],"picked":"ButterflyHabitatTemple_purple","floor":27.0},{"not_picked":["BarrageBoundary_PipeDream_purple","D_absorption_purple","Computing_the_future_purpleEX"],"picked":"Monsters_DoubleDeathButterfly_purple","floor":30.0},{"not_picked":["Shallow_ocean_purpleEX","OmniscientAndOmnipotent_Monster_purple","ExistenceContinue_purple"],"picked":"Umbrella_purple+1","floor":30.0},{"not_picked":["MeetDecomposer_purple","Realm_recovery_purpleEX","Boundary_ObjectiveBoundary_purple"],"picked":"SfantasyHide_purple+1","floor":33.0},{"not_picked":["MagicEyes_LaplaceDemon_purple","UniverseChoice_purple","Mirror_TwoAndThreeElementRealm_purple"],"picked":"ContainerChange_purple","floor":35.0},{"not_picked":["MeetDecomposer_purple","ExistenceContinue_purple+1","Charmbait_purple"],"picked":"Realm_recovery_purpleEX+1","floor":37.0},{"not_picked":["ExistenceContinue_purple","Realm_recovery_purpleEX+1","DimensionStaggered_purple+1"],"picked":"EighthInstrument_OneDividesIntoTwo_purple+1","floor":39.0},{"not_picked":["Gensokyo:UnlikelyAid+1","Gensokyo:HouraiInAPot+1"],"picked":"Gensokyo:RisingWorld+1","floor":40.0},{"not_picked":["SharpContractionReality_purple+1","ExistenceContinue_purple+1","Boundary_LightAndDark_purple+1"],"picked":"Fantasy_PerpetualMotionMachine_purple+1","floor":41.0},{"not_picked":["ContainerChange_purple","Computing_the_future_purpleEX","D_absorption_purple"],"picked":"Theboundaryofcreation_purpleEX","floor":43.0},{"not_picked":["Boundary_ObjectiveBoundary_purple","Extrememeaning_purpleEX","Boundary_of_Extermination_purpleEX"],"picked":"ProofOfUnderstanding_purple","floor":43.0},{"not_picked":["AdvanceAttack_purple","DimensionStaggered_purple","Boundary_LightAndDark_purple"],"picked":"MeetDecomposer_purple+1","floor":46.0},{"not_picked":["MonsterNeedle_purple+1","Boundary_ObjectiveBoundary_purple+1","Line_surface_state_purple"],"picked":"Boundary_LightAndDark_purple+1","floor":47.0},{"not_picked":["OmniscientAndOmnipotent_Monster_purple","SharpContractionReality_purple+1","AdvanceAttack_purple+1"],"picked":"Realm_recovery_purpleEX+1","floor":50.0},{"not_picked":["CommonSense_AntiCommonSense_purple+1","Shallow_ocean_purpleEX+1","MagicEyes_LaplaceDemon_purple"],"picked":"WangLiang_OokamiKakushi_purple","floor":56}],"player_experience":256588,"relics_obtained":[{"floor":11.0,"key":"ZombieArmy"},{"floor":13.0,"key":"Potion Belt"},{"floor":14.0,"key":"ats:Originium"},{"floor":14.0,"key":"Toy Ornithopter"},{"floor":16.0,"key":"ats:Originium"},{"floor":16.0,"key":"Pet Ghost"},{"floor":27.0,"key":"ats:Originium"},{"floor":27.0,"key":"Smiling Mask"},{"floor":28.0,"key":"Question Card"},{"floor":43.0,"key":"ats:Originium"},{"floor":43.0,"key":"Replay:Wax Seal"},{"floor":46.0,"key":"Peace Pipe"},{"floor":56,"key":"Calipers"}],"event_choices":[],"is_beta":false,"boss_relics":[{"not_picked":["REME_ChargedStone","Honey Jar"],"picked":"Replay:Bronze Core"},{"not_picked":["Ring of Chaos","Runic Dome"],"picked":"Pandora\u0027s Box"}],"items_purged_floors":[23,55],"is_endless":false,"potions_floor_spawned":[2,5,12,16,30,35,37,39,50],"ascension_level":3}}