{"host":"4epvxsx6d4oxmc67","time":1614294806,"event":{"mods":["AchievementEnabler","BaseMod","Colored Map","Highlight Path","Minty Spire (QoL Compilation)"],"gold_per_floor":[112,125,144,144,168,168,192,192,219,238,238,252,291,291,291,416,416,441,459,478,253,253,253,272,272,272,296,2,2,2,2,2,2,2],"floor_reached":33,"language":"ENG","playtime":1045,"items_purged":["Strike_R","Pain"],"score":361,"play_id":"71a9cc6e-603c-417c-97fc-5c93be6f5cb1","local_time":"20210225231325","is_ascension_mode":true,"campfire_choices":[{"data":"Clothesline","floor":6.0,"key":"SMITH"},{"data":"Cleave","floor":8.0,"key":"SMITH"},{"data":"Infernal Blade","floor":11.0,"key":"SMITH"},{"data":"Uppercut","floor":15.0,"key":"SMITH"},{"data":"Pommel Strike","floor":23,"key":"SMITH"},{"data":"Shrug It Off","floor":25,"key":"SMITH"},{"data":"Bash","floor":30,"key":"SMITH"},{"data":"Inflame","floor":32,"key":"SMITH"}],"circlet_count":0,"master_deck":["Strike_R","Strike_R","Strike_R","Strike_R","Defend_R","Defend_R","Defend_R","Defend_R","Bash+1","Pommel Strike+1","Shrug It Off+1","Inflame+1","Clothesline+1","Cleave+1","Infernal Blade+1","Uppercut+1","Iron Wave","Impervious","Iron Wave","Shockwave+1","Headbutt+1","Shrug It Off+1","Bash+1","Iron Wave"],"relics":["Burning Blood","Golden Idol","Vajra","Nunchaku","Coffee Dripper","Anchor","WarpedTongs","Matryoshka","Bag of Preparation"],"acts_visited":["Exordium","TheCity"],"potions_floor_usage":[27,33,33],"damage_taken":[{"damage":7.0,"enemies":"Small Slimes","floor":1.0,"turns":3.0},{"damage":12.0,"enemies":"2 Louse","floor":2.0,"turns":4.0},{"damage":1.0,"enemies":"Cultist","floor":3.0,"turns":3.0},{"damage":22.0,"enemies":"Exordium Wildlife","floor":5.0,"turns":5.0},{"damage":13.0,"enemies":"Exordium Thugs","floor":7.0,"turns":5.0},{"damage":8.0,"enemies":"Large Slime","floor":10.0,"turns":3.0},{"damage":7.0,"enemies":"2 Fungi Beasts","floor":12.0,"turns":3.0},{"damage":13.0,"enemies":"Gremlin Nob","floor":13.0,"turns":4.0},{"damage":51,"enemies":"Hexaghost","floor":16,"turns":10},{"damage":12,"enemies":"2 Thieves","floor":18,"turns":3},{"damage":0,"enemies":"Chosen","floor":19,"turns":3},{"damage":27,"enemies":"Sentry and Sphere","floor":20,"turns":5},{"damage":15,"enemies":"Snecko","floor":24,"turns":4},{"damage":5,"enemies":"3 Cultists","floor":27,"turns":4},{"damage":48,"enemies":"Collector","floor":33,"turns":7}],"seed_played":"-2166457750104885282","potions_obtained":[{"floor":2.0,"key":"Swift Potion"},{"floor":5.0,"key":"Energy Potion"},{"floor":10.0,"key":"ColorlessPotion"},{"floor":12.0,"key":"Weak Potion"},{"floor":16,"key":"HeartOfIron"},{"floor":20,"key":"Fire Potion"}],"is_trial":false,"path_per_floor":["M","M","M","?","M","R","M","R","T","M","R","M","E","?","R","B",null,"M","M","M","$","?","R","M","R","T","M","$","?","R","$","R","B"],"character_chosen":"IRONCLAD","items_purchased":["Anchor","Bag of Preparation","Fire Potion"],"campfire_rested":0,"item_purchase_floors":[21,28,28],"current_hp_per_floor":[71,65,70,70,54,54,47,47,47,45,45,44,37,61,61,16,60,54,60,39,39,39,39,30,30,30,31,31,31,31,31,31,0,0],"gold":2,"neow_bonus":"UPGRADE_CARD","is_daily":false,"chose_seed":false,"campfire_upgraded":8,"win_rate":0.0,"timestamp":1614294805,"path_taken":["M","M","M","?","M","R","M","R","T","M","R","M","E","?","R","BOSS","M","M","M","$","?","R","?","R","T","M","$","?","R","?","R","BOSS"],"items_purchased_type":["Relic","Relic","Potion"],"build_version":"2020-12-22","purchased_purges":2,"victory":false,"max_hp_per_floor":[80,80,80,74,74,74,74,74,74,74,74,74,74,74,74,74,74,74,74,74,74,74,74,74,74,74,74,74,74,74,74,74,74,74],"card_choices":[{"not_picked":["Anger","Shrug It Off"],"picked":"Pommel Strike","floor":1.0},{"not_picked":["Feel No Pain","Burning Pact"],"picked":"Shrug It Off","floor":2.0},{"not_picked":["Anger","Shrug It Off"],"picked":"Inflame","floor":3.0},{"not_picked":["Headbutt","Twin Strike"],"picked":"Clothesline","floor":5.0},{"not_picked":["Flex","Headbutt"],"picked":"Cleave","floor":7.0},{"not_picked":["Anger","Cleave"],"picked":"Infernal Blade","floor":10.0},{"not_picked":["Warcry","Twin Strike"],"picked":"Uppercut","floor":12.0},{"not_picked":["Seeing Red","Evolve"],"picked":"Iron Wave","floor":13.0},{"not_picked":["Bludgeon","Offering"],"picked":"Impervious","floor":16},{"not_picked":["Evolve","Clash"],"picked":"Iron Wave","floor":18},{"not_picked":["Shrug It Off","Cleave+1"],"picked":"Shockwave+1","floor":19},{"not_picked":["Fire Breathing","Rupture"],"picked":"Headbutt+1","floor":20},{"not_picked":["Flex+1","Thunderclap+1","Hemokinesis"],"picked":"SKIP","floor":24},{"not_picked":["Body Slam","Thunderclap"],"picked":"Shrug It Off+1","floor":27}],"player_experience":155824,"relics_obtained":[{"floor":9.0,"key":"Vajra"},{"floor":13.0,"key":"Nunchaku"},{"floor":26,"key":"Matryoshka"}],"event_choices":[{"damage_healed":0.0,"max_hp_gain":0.0,"max_hp_loss":6.0,"gold_gain":0.0,"event_name":"Golden Idol","player_choice":"Lose Max HP","floor":4.0,"gold_loss":0.0,"damage_taken":0.0,"relics_obtained":["Golden Idol"]},{"damage_healed":24.0,"max_hp_gain":0.0,"max_hp_loss":0.0,"gold_gain":0.0,"event_name":"Big Fish","player_choice":"Banana","floor":14.0,"gold_loss":0.0,"damage_taken":0.0},{"damage_healed":0,"gold_gain":0,"player_choice":"Rummage","damage_taken":0,"relics_obtained":["WarpedTongs"],"max_hp_gain":0,"max_hp_loss":0,"event_name":"Accursed Blacksmith","floor":22,"gold_loss":0,"cards_obtained":["Pain"]},{"damage_healed":0,"gold_gain":0,"player_choice":"2 cards matched","damage_taken":0,"max_hp_gain":0,"max_hp_loss":0,"event_name":"Match and Keep!","floor":29,"gold_loss":0,"cards_obtained":["Bash","Iron Wave"]}],"is_beta":false,"boss_relics":[{"not_picked":["Velvet Choker","SlaversCollar"],"picked":"Coffee Dripper"}],"items_purged_floors":[21,28],"is_endless":false,"potions_floor_spawned":[2,5,10,12,16,20],"killed_by":"Collector","ascension_level":9}}