{"host":"lip44byzewa3adv8","time":1614262201,"event":{"mods":["BaseMod","Curses Come First","Minty Spire (QoL Compilation)","Relic Sorter","Relic Stats","StSLib","Synergy Search"],"gold_per_floor":[114,129,304,304,254,292,25,25,25,25,63,82,101,120,120,245,245,264,283,302,321,321,359,359,359,359,397,416,541,541,280,280,405,405,424,443,462,525,544,544,582,271,271,271,371,39,58,77,77,77],"floor_reached":51,"language":"ENG","playtime":3377,"items_purged":["Injury","Streamline","Streamline","Static Discharge"],"score":1002,"play_id":"0c1d423f-327b-4ceb-85d8-0d4f4cb777f1","local_time":"20210225091001","daily_mods":["Insanity","Colorless Cards","Night Terrors"],"is_ascension_mode":false,"campfire_choices":[{"data":"Machine Learning","floor":8,"key":"SMITH"},{"data":"Mind Blast","floor":10,"key":"SMITH"},{"data":"Coolheaded","floor":15,"key":"SMITH"},{"data":"Creative AI","floor":25,"key":"SMITH"},{"data":"Buffer","floor":30,"key":"SMITH"},{"data":"Apotheosis","floor":32,"key":"SMITH"},{"data":"FTL","floor":40,"key":"SMITH"},{"data":"Capacitor","floor":44,"key":"SMITH"},{"data":"Capacitor","floor":49,"key":"SMITH"}],"circlet_count":0,"master_deck":["Hologram","Redo","Ball Lightning","Leap","Gash","Barrage","Blizzard","Undo","Turbo","Undo","Bandage Up","BootSequence","Glacier","Stack","Gash","Ball Lightning","Turbo","Gash","Turbo","Beam Cell","Trip","Redo","Jack Of All Trades","Ball Lightning","Coolheaded","Hologram","Leap","Doom and Gloom","Hologram","Coolheaded","Ball Lightning","Rebound","Self Repair","Skim","Loop","Blizzard","Mind Blast+1","Barrage","Beam Cell","Rebound","FTL","Loop","Conserve Battery","Hologram","Coolheaded+1","Machine Learning+1","Stack","Steam","Loop","Coolheaded","Creative AI+1","Steam+1","FTL+1","Ghostly","Ghostly","Ghostly","Ghostly","Ghostly","Finesse","Buffer+1","Apotheosis+1","Hologram","Coolheaded","All For One","Hologram","Hologram+1","Lockon+1","Reboot+1","Aggregate","Capacitor+1","Machine Learning+1","Capacitor+1","Stack","Blind"],"relics":["Cracked Core","Golden Idol","Girya","Membership Card","Pantograph","MealTicket","Busted Crown","Centennial Puzzle","Bottled Flame","Oddly Smooth Stone","TungstenRod","Matryoshka","Orrery","Astrolabe","Lizard Tail","MawBank","Mercury Hourglass","Runic Capacitor","Potion Belt","Ice Cream","Lantern","DollysMirror"],"acts_visited":["Exordium","TheCity","TheBeyond"],"potions_floor_usage":[35,50,50,50,50],"damage_taken":[{"damage":0,"enemies":"2 Louse","floor":1,"turns":2},{"damage":0,"enemies":"Small Slimes","floor":2,"turns":2},{"damage":0,"enemies":"3 Sentries","floor":6,"turns":4},{"damage":0,"enemies":"Lagavulin","floor":11,"turns":3},{"damage":0,"enemies":"Jaw Worm","floor":12,"turns":1},{"damage":0,"enemies":"Large Slime","floor":13,"turns":2},{"damage":0,"enemies":"2 Fungi Beasts","floor":14,"turns":2},{"damage":37,"enemies":"Hexaghost","floor":16,"turns":7},{"damage":0,"enemies":"Chosen","floor":18,"turns":3},{"damage":0,"enemies":"2 Thieves","floor":19,"turns":4},{"damage":4,"enemies":"Sentry and Sphere","floor":20,"turns":4},{"damage":6,"enemies":"Shelled Parasite and Fungi","floor":21,"turns":3},{"damage":0,"enemies":"Gremlin Leader","floor":23,"turns":3},{"damage":9,"enemies":"Slavers","floor":27,"turns":4},{"damage":0,"enemies":"3 Cultists","floor":28,"turns":6},{"damage":1,"enemies":"Colosseum Slavers","floor":29,"turns":3},{"damage":3,"enemies":"Colosseum Nobs","floor":29,"turns":5},{"damage":0,"enemies":"Automaton","floor":33,"turns":6},{"damage":0,"enemies":"3 Darklings","floor":35,"turns":5},{"damage":0,"enemies":"3 Shapes","floor":36,"turns":6},{"damage":0,"enemies":"Jaw Worm Horde","floor":37,"turns":2},{"damage":12,"enemies":"Mind Bloom Boss Battle","floor":38,"turns":9},{"damage":6,"enemies":"Writhing Mass","floor":39,"turns":4},{"damage":3,"enemies":"Reptomancer","floor":41,"turns":6},{"damage":0,"enemies":"4 Shapes","floor":47,"turns":5},{"damage":1,"enemies":"3 Darklings","floor":48,"turns":3},{"damage":8,"enemies":"Donu and Deca","floor":50,"turns":9}],"seed_played":"3523290589944034342","potions_obtained":[{"floor":2,"key":"LiquidBronze"},{"floor":6,"key":"Block Potion"},{"floor":11,"key":"DuplicationPotion"},{"floor":18,"key":"LiquidMemories"},{"floor":37,"key":"SkillPotion"},{"floor":39,"key":"Fruit Juice"},{"floor":47,"key":"Energy Potion"},{"floor":48,"key":"Energy Potion"}],"is_trial":false,"path_per_floor":["M","M","?","?","?","E","$","R","T","R","E","M","M","M","R","B",null,"M","M","M","M","?","E","?","R","T","E","M","?","R","$","R","B",null,"M","M","M","?","M","R","E","$","T","R","?","$","M","M","R","B",null],"character_chosen":"DEFECT","items_purchased":["Membership Card","Machine Learning","Apotheosis","Hologram","Coolheaded","Orrery","Aggregate","Mercury Hourglass","Runic Capacitor","Capacitor","Lantern","DollysMirror","Capacitor","Stack","Blind"],"campfire_rested":0,"item_purchase_floors":[7,7,31,31,31,31,42,42,42,42,46,46,46,46,46],"current_hp_per_floor":[75,75,75,75,75,75,75,75,75,75,75,75,75,75,75,45,75,75,75,71,65,37,37,37,37,37,32,37,34,34,37,37,37,37,37,37,37,37,37,37,37,37,37,37,37,37,37,36,36,42],"gold":77,"neow_bonus":"","is_daily":true,"chose_seed":false,"campfire_upgraded":9,"win_rate":0.0,"timestamp":1614262201,"path_taken":["M","M","?","?","?","E","?","R","T","R","E","M","M","M","R","BOSS","M","M","M","M","?","E","?","R","T","E","M","?","R","?","R","BOSS","M","M","M","?","M","R","E","$","T","R","?","$","?","M","R","BOSS"],"items_purchased_type":["Relic","Card","Card","Card","Card","Relic","Card","Relic","Relic","Card","Relic","Relic","Card","Card","Card"],"build_version":"2020-12-22","purchased_purges":4,"victory":true,"max_hp_per_floor":[75,75,75,75,75,75,75,75,75,75,75,75,75,75,75,75,75,75,75,75,75,37,37,37,37,37,37,37,37,37,37,37,37,37,37,37,37,37,37,37,37,37,37,37,37,37,37,37,37,42],"relic_stats":{"Centennial Puzzle":[24],"Lizard Tail":0,"Busted Crown":44,"counters":[27,112],"Golden Idol":209,"Pantograph":1,"Astrolabe":["Hologram","Lockon","Reboot"],"MealTicket":3,"MawBank":12,"obtain_stats":[{"Potion Belt":43,"Ice Cream":43,"Girya":6,"Lantern":46,"Golden Idol":4,"Astrolabe":34,"Oddly Smooth Stone":27,"Runic Capacitor":42,"MawBank":41,"Mercury Hourglass":42,"Centennial Puzzle":23,"Bottled Flame":26,"Lizard Tail":38,"Busted Crown":17,"Matryoshka":29,"DollysMirror":46,"Pantograph":9,"Orrery":31,"MealTicket":11,"Membership Card":7,"Cracked Core":0,"TungstenRod":29},{"Potion Belt":24,"Ice Cream":24,"Girya":3,"Lantern":24,"Golden Idol":2,"Astrolabe":18,"Oddly Smooth Stone":14,"Runic Capacitor":24,"MawBank":24,"Mercury Hourglass":24,"Centennial Puzzle":13,"Bottled Flame":13,"Lizard Tail":22,"Busted Crown":8,"Matryoshka":17,"DollysMirror":24,"Pantograph":3,"Orrery":17,"MealTicket":4,"Membership Card":3,"Cracked Core":0,"TungstenRod":17},{"Potion Belt":96,"Ice Cream":96,"Girya":8,"Lantern":96,"Golden Idol":4,"Astrolabe":64,"Oddly Smooth Stone":44,"Runic Capacitor":96,"MawBank":96,"Mercury Hourglass":96,"Centennial Puzzle":40,"Bottled Flame":40,"Lizard Tail":86,"Busted Crown":23,"Matryoshka":58,"DollysMirror":96,"Pantograph":8,"Orrery":58,"MealTicket":11,"Membership Card":8,"Cracked Core":0,"TungstenRod":58}],"TungstenRod":9,"Mercury Hourglass":[79]},"card_choices":[{"not_picked":["Undo","Redo"],"picked":"Conserve Battery","floor":1},{"not_picked":["Gash","Barrage"],"picked":"Hologram","floor":2},{"not_picked":["Beam Cell","Recycle"],"picked":"Coolheaded","floor":6},{"not_picked":["Hello World","Compile Driver"],"picked":"Stack","floor":11},{"not_picked":["Redo","Go for the Eyes"],"picked":"Steam","floor":12},{"not_picked":["Multi-Cast","Force Field"],"picked":"Loop","floor":13},{"not_picked":["Streamline","Barrage"],"picked":"Coolheaded","floor":14},{"not_picked":["Violence","Mayhem"],"picked":"Creative AI","floor":16},{"not_picked":["Streamline+1"],"picked":"SKIP","floor":18},{"not_picked":[],"picked":"Steam+1","floor":19},{"not_picked":[],"picked":"FTL","floor":20},{"not_picked":["BootSequence"],"picked":"SKIP","floor":21},{"not_picked":["Cold Snap"],"picked":"SKIP","floor":23},{"not_picked":["Darkness+1"],"picked":"SKIP","floor":27},{"not_picked":["Gash"],"picked":"SKIP","floor":28},{"not_picked":[],"picked":"All For One","floor":31},{"not_picked":[],"picked":"Hologram","floor":31},{"not_picked":["Redo"],"picked":"SKIP","floor":35},{"not_picked":["Barrage"],"picked":"SKIP","floor":36},{"not_picked":["Sweeping Beam+1"],"picked":"SKIP","floor":37},{"not_picked":["Double Energy"],"picked":"SKIP","floor":39},{"not_picked":["Go for the Eyes"],"picked":"SKIP","floor":41},{"not_picked":["Trip"],"picked":"SKIP","floor":47},{"not_picked":["Sweeping Beam"],"picked":"SKIP","floor":48}],"player_experience":870975,"relics_obtained":[{"floor":6,"key":"Girya"},{"floor":9,"key":"Pantograph"},{"floor":11,"key":"MealTicket"},{"floor":23,"key":"Centennial Puzzle"},{"floor":26,"key":"Bottled Flame"},{"floor":27,"key":"Oddly Smooth Stone"},{"floor":29,"key":"TungstenRod"},{"floor":29,"key":"Matryoshka"},{"floor":38,"key":"Lizard Tail"},{"floor":41,"key":"MawBank"},{"floor":43,"key":"Potion Belt"},{"floor":43,"key":"Ice Cream"}],"event_choices":[{"damage_healed":0,"gold_gain":175,"player_choice":"AGREE","damage_taken":0,"max_hp_gain":0,"max_hp_loss":0,"event_name":"Liars Game","floor":3,"gold_loss":0,"cards_obtained":["Doubt"]},{"damage_healed":0,"gold_gain":0,"player_choice":"Take Wound","damage_taken":0,"relics_obtained":["Golden Idol"],"max_hp_gain":0,"max_hp_loss":0,"event_name":"Golden Idol","floor":4,"gold_loss":0,"cards_obtained":["Injury"]},{"cards_removed":["Doubt"],"damage_healed":0,"gold_gain":0,"player_choice":"Card Removal","damage_taken":0,"max_hp_gain":0,"max_hp_loss":0,"event_name":"The Cleric","floor":5,"gold_loss":50},{"damage_healed":0,"gold_gain":0,"player_choice":"Became a Ghost","damage_taken":0,"max_hp_gain":0,"max_hp_loss":38,"event_name":"Ghosts","floor":22,"gold_loss":0,"cards_obtained":["Ghostly","Ghostly","Ghostly","Ghostly","Ghostly"]},{"damage_healed":0,"gold_gain":0,"cards_transformed":["Hello World","Scrape"],"player_choice":"Became Test Subject","damage_taken":0,"max_hp_gain":0,"max_hp_loss":0,"event_name":"Drug Dealer","floor":24,"gold_loss":0,"cards_obtained":["Finesse","Buffer"]},{"damage_healed":0,"gold_gain":0,"player_choice":"Fight","damage_taken":0,"max_hp_gain":0,"max_hp_loss":0,"event_name":"Colosseum","floor":29,"gold_loss":0},{"damage_healed":0,"gold_gain":0,"player_choice":"Fought Nobs","damage_taken":0,"max_hp_gain":0,"max_hp_loss":0,"event_name":"Colosseum","floor":29,"gold_loss":0},{"damage_healed":0,"gold_gain":0,"player_choice":"Fight","damage_taken":0,"max_hp_gain":0,"max_hp_loss":0,"event_name":"MindBloom","floor":38,"gold_loss":0},{"damage_healed":0,"gold_gain":100,"player_choice":"Pray","damage_taken":0,"max_hp_gain":0,"max_hp_loss":0,"event_name":"Golden Shrine","floor":45,"gold_loss":0}],"is_beta":false,"boss_relics":[{"not_picked":["Tiny House","Calling Bell"],"picked":"Busted Crown"},{"not_picked":["Runic Pyramid","Nuclear Battery"],"picked":"Astrolabe"}],"items_purged_floors":[7,31,42,46],"is_endless":false,"potions_floor_spawned":[2,6,11,14,18,20,28,29,37,39,41,47,48],"ascension_level":0}}