{"host":"0iey8v53xvwqxh5z","time":1614227321,"event":{"mods":["BaseMod","BetterRewards","Hubris","Minty Spire (QoL Compilation)","Relic Stats","Replay The Spire","Shop Mod","StSLib"],"gold_per_floor":[212,212,137,152,165,165,200,212,212,212,3,3,16,43,43,139,139,156,156,66,66,84,115,126,157,183,198,198,298,314,42,42,139,139,151,151,151,170,183,163,213,269,269,305,345,393,393,363,363,391,391,391,14,67,81],"floor_reached":56,"language":"ENG","playtime":3117,"items_purged":["Pain","Strike_R"],"score":2032,"play_id":"1f0c8691-072c-47a5-8cc5-3d246661041f","local_time":"20210224232841","is_ascension_mode":true,"campfire_choices":[{"data":"Flex","floor":6,"key":"SMITH"},{"data":"Inflame","floor":12,"key":"SMITH"},{"data":"Disarm","floor":15,"key":"SMITH"},{"data":"True Grit","floor":32,"key":"SMITH"},{"floor":49,"key":"RECALL"},{"data":"Corruption","floor":52,"key":"SMITH"}],"circlet_count":0,"master_deck":["Strike_R+1","Defend_R","Defend_R","Defend_R+1","Defend_R","Bash","True Grit+1","Twin Strike","Flex+1","Ghostly Armor","Inflame+1","Inflame","Feed","Shrug It Off","Disarm+1","Inflame+1","Whirlwind","Pummel+1","ReplayTheSpireMod:Limb From Limb+1","Headbutt+1","Pot Of Greed+1","Pot Of Greed","Pummel+1","ReplayTheSpireMod:Limb From Limb+1","Pot Of Greed","Shrug It Off","Reaper+1","ReplayTheSpireMod:Limb From Limb+1","Corruption+1","Delirium","hubris:NaturalOne","ReplayTheSpireMod:Limb From Limb+1","True Grit+1","Dark Embrace","Regret","Pommel Strike+1","Pot Of Greed"],"relics":["Burning Blood","WarpedTongs","Eternal Feather","Matryoshka","Juzu Bracelet","hubris:TerracottaHorce","Molten Egg 2","ReplayTheSpireMod:Shallot","Meat on the Bone","Grinning Jar","hubris:Reverence","hubris:ScarierMask","hubris:Icosahedron","HornCleat","Ring of Peace","Ring of Greed","Replay:Bandana","Smiling Mask","ReplayTheSpireMod:Lightbulb","hubris:SlimyHat","Oddly Smooth Stone","Boot","Spirit Poop","War Paint","hubris:Zylophone"],"acts_visited":["Exordium","TheCity","TheBeyond","TheEnding"],"potions_floor_usage":[16,23,23,27,39,44,46,50,50,55,55],"damage_taken":[{"damage":1,"enemies":"2 Louse","floor":1,"turns":4},{"damage":0,"enemies":"Cultist","floor":4,"turns":3},{"damage":0,"enemies":"Small Slimes","floor":5,"turns":3},{"damage":18,"enemies":"Lagavulin","floor":7,"turns":6},{"damage":3,"enemies":"Exordium Wildlife","floor":8,"turns":4},{"damage":1,"enemies":"2 Fungi Beasts","floor":13,"turns":3},{"damage":27,"enemies":"Gremlin Nob","floor":14,"turns":4},{"damage":0,"enemies":"The Guardian","floor":16,"turns":11},{"damage":18,"enemies":"Chosen","floor":18,"turns":5},{"damage":4,"enemies":"Shell Parasite","floor":22,"turns":6},{"damage":36,"enemies":"Slavers","floor":23,"turns":4},{"damage":16,"enemies":"Cultist and Chosen","floor":24,"turns":5},{"damage":32,"enemies":"Book of Stabbing","floor":25,"turns":4},{"damage":16,"enemies":"Snecko","floor":27,"turns":6},{"damage":0,"enemies":"Snake Plant","floor":30,"turns":4},{"damage":16,"enemies":"hubris:MusketHawk","floor":33,"turns":6},{"damage":6,"enemies":"3 Darklings","floor":35,"turns":3},{"damage":0,"enemies":"Orb Walker","floor":38,"turns":3},{"damage":11,"enemies":"4 Shapes","floor":39,"turns":6},{"damage":51,"enemies":"Nemesis","floor":40,"turns":7},{"damage":49,"enemies":"Giant Head","floor":42,"turns":7},{"damage":2,"enemies":"Nemesis","floor":44,"turns":7},{"damage":0,"enemies":"Sphere and 2 Shapes","floor":45,"turns":3},{"damage":24,"enemies":"Reptomancer","floor":46,"turns":8},{"damage":80,"enemies":"Donu and Deca","floor":50,"turns":9},{"damage":0,"enemies":"Shield and Spear","floor":54,"turns":6},{"damage":109,"enemies":"The Heart","floor":55,"turns":8}],"seed_played":"8388398743468440918","potions_obtained":[{"floor":7,"key":"FearPotion"},{"floor":8,"key":"Strength Potion"},{"floor":14,"key":"Adrenaline Potion"},{"floor":18,"key":"Dexterity Potion"},{"floor":25,"key":"Adrenaline Potion"},{"floor":35,"key":"AttackPotion"},{"floor":45,"key":"LifebloodPotion"},{"floor":46,"key":"Death Potion"},{"floor":48,"key":"SkillPotion"}],"is_trial":false,"path_per_floor":["M","?","$","M","M","R","E","M","T","?","$","R","M","E","R","B",null,"M","?","?","?","M","E","M","E","T","M","?","?","M","$","R","B",null,"M","?","?","M","M","E","?","E","T","E","M","E","?","?","R","B",null,"R","$","E","B",null],"character_chosen":"IRONCLAD","items_purchased":["Inflame","Feed","hubris:Reverence","Shrug It Off","Dark Embrace","Dexterity Potion","Strength Potion","War Paint"],"campfire_rested":0,"item_purchase_floors":[11,11,31,31,53,53,53,53],"current_hp_per_floor":[80,80,80,80,80,80,68,71,71,71,71,80,83,62,71,80,85,77,77,77,77,82,55,49,27,27,29,29,29,50,50,65,67,97,100,100,100,106,114,69,69,62,62,70,76,70,70,70,88,40,101,119,119,124,70],"gold":81,"neow_bonus":"HUNDRED_GOLD","is_daily":false,"chose_seed":false,"campfire_upgraded":5,"win_rate":0.0,"timestamp":1614227321,"path_taken":["M","?","$","M","M","R","E","?","T","?","?","R","M","E","R","BOSS","M","?","?","?","M","E","M","E","T","M","?","?","M","$","R","BOSS","M","?","?","M","M","E","?","E","T","E","M","E","?","?","R","BOSS","R","$","E","BOSS"],"items_purchased_type":["Card","Card","Relic","Card","Card","Potion","Potion","Relic"],"build_version":"2020-12-22","purchased_purges":2,"victory":true,"max_hp_per_floor":[80,80,80,80,80,80,80,80,80,80,80,80,83,83,83,86,86,90,90,90,90,93,96,100,104,104,104,104,104,107,107,107,107,107,110,110,110,110,114,114,114,117,117,121,121,121,121,121,121,121,121,121,121,124,124],"relic_stats":{"counters":[78,344],"Eternal Feather":69,"Juzu Bracelet":5,"War Paint":["Pot Of Greed","Defend_R"],"Smiling Mask":50,"Boot":[36],"obtain_stats":[{"Golden Egg":45,"hubris:CrystalStatue":9,"CeramicFish":10,"Vajra":6,"hubris:VirtuousBlindfold":17,"Spirit Poop":47,"Whetstone":20,"Boot":46,"hubris:TerracottaHorce":17,"Replay:Wanted Poster":34,"HornCleat":23,"DollysMirror":29,"Strawberry":54,"Iron Hammer":13,"Kunai":52,"Girya":9,"Oddly Smooth Stone":44,"Eternal Feather":7,"War Paint":53,"WarpedTongs":2,"hubris:Zylophone":54,"Runic Dome":0,"Replay:Baseball":15,"ReplayTheSpireMod:Shallot":25,"Molten Egg 2":23,"ReplayTheSpireMod:TigerMarble":0,"hubris:ToyBattleship":26,"Grinning Jar":26,"Meat on the Bone":26,"hubris:Reverence":31,"ReplayFunnel":21,"Regal Pillow":44,"Blue Doll":32,"Juzu Bracelet":14,"hubris:SlimyHat":43,"Replay:Mystery Machine":37,"Smiling Mask":41,"Pet Ghost":11,"Replay:Bandana":41,"Shovel":0,"hubris:Icosahedron":4,"Matryoshka":9,"Gambling Chip":47,"Ring of Peace":41,"hubris:ScarierMask":34,"Replay:Bottled Eggs":43,"Replay:Drink Me":17,"Potion Belt":40,"Lee\u0027s Waffle":45,"Ring of Greed":41,"Frozen Egg 2":48,"Pondfish Scales":27,"Anchor":45,"Orrery":38,"Snack Pack":6,"Garlic":30,"Bottled Lightning":30,"PureWater":0,"ReplayTheSpireMod:Lightbulb":53},{"Golden Egg":25,"hubris:CrystalStatue":5,"CeramicFish":36,"Vajra":34,"hubris:VirtuousBlindfold":40,"Spirit Poop":75,"Whetstone":12,"Boot":75,"hubris:TerracottaHorce":59,"Replay:Wanted Poster":18,"HornCleat":13,"DollysMirror":48,"Strawberry":29,"Iron Hammer":8,"Kunai":28,"Girya":35,"Oddly Smooth Stone":73,"Eternal Feather":55,"War Paint":76,"WarpedTongs":52,"hubris:Zylophone":77,"Runic Dome":30,"Replay:Baseball":9,"ReplayTheSpireMod:Shallot":64,"Molten Egg 2":62,"ReplayTheSpireMod:TigerMarble":0,"hubris:ToyBattleship":46,"Grinning Jar":64,"Meat on the Bone":64,"hubris:Reverence":66,"ReplayFunnel":12,"Regal Pillow":25,"Blue Doll":17,"Juzu Bracelet":58,"hubris:SlimyHat":72,"Replay:Mystery Machine":20,"Smiling Mask":71,"Pet Ghost":6,"Replay:Bandana":71,"Shovel":0,"hubris:Icosahedron":2,"Matryoshka":56,"Gambling Chip":26,"Ring of Peace":71,"hubris:ScarierMask":67,"Replay:Bottled Eggs":24,"Replay:Drink Me":10,"Potion Belt":22,"Lee\u0027s Waffle":25,"Ring of Greed":71,"Frozen Egg 2":27,"Pondfish Scales":15,"Anchor":25,"Orrery":20,"Snack Pack":4,"Garlic":16,"Bottled Lightning":49,"PureWater":0,"ReplayTheSpireMod:Lightbulb":28},{"Golden Egg":101,"hubris:CrystalStatue":14,"CeramicFish":152,"Vajra":143,"hubris:VirtuousBlindfold":166,"Spirit Poop":321,"Whetstone":40,"Boot":321,"hubris:TerracottaHorce":237,"Replay:Wanted Poster":65,"HornCleat":43,"DollysMirror":191,"Strawberry":124,"Iron Hammer":27,"Kunai":119,"Girya":146,"Oddly Smooth Stone":310,"Eternal Feather":215,"War Paint":330,"WarpedTongs":203,"hubris:Zylophone":336,"Runic Dome":132,"Replay:Baseball":29,"ReplayTheSpireMod:Shallot":261,"Molten Egg 2":252,"ReplayTheSpireMod:TigerMarble":0,"hubris:ToyBattleship":184,"Grinning Jar":261,"Meat on the Bone":261,"hubris:Reverence":271,"ReplayFunnel":40,"Regal Pillow":101,"Blue Doll":59,"Juzu Bracelet":226,"hubris:SlimyHat":303,"Replay:Mystery Machine":73,"Smiling Mask":296,"Pet Ghost":21,"Replay:Bandana":296,"Shovel":0,"hubris:Icosahedron":4,"Matryoshka":219,"Gambling Chip":105,"Ring of Peace":296,"hubris:ScarierMask":277,"Replay:Bottled Eggs":95,"Replay:Drink Me":35,"Potion Belt":86,"Lee\u0027s Waffle":101,"Ring of Greed":296,"Frozen Egg 2":110,"Pondfish Scales":51,"Anchor":101,"Orrery":73,"Snack Pack":12,"Garlic":55,"Bottled Lightning":194,"PureWater":0,"ReplayTheSpireMod:Lightbulb":119}],"Burning Blood":132,"WarpedTongs":[136],"Meat on the Bone":84},"card_choices":[{"not_picked":["Massacre","Entrench"],"picked":"True Grit","floor":1},{"not_picked":["Replay:Undeath\u0027s Touch","Warcry"],"picked":"Twin Strike","floor":4},{"not_picked":["True Grit","Clash"],"picked":"Flex","floor":5},{"not_picked":["Anger","Iron Wave"],"picked":"Ghostly Armor","floor":7},{"not_picked":["Body Slam","Exhume","Heavy Blade"],"picked":"SKIP","floor":8},{"not_picked":["Armaments","Fire Breathing"],"picked":"Shrug It Off","floor":13},{"not_picked":["hubris:ReadiedAction","Perfected Strike"],"picked":"Disarm","floor":14},{"not_picked":["hubris:ReadiedAction","True Grit","ReplayTheSpireMod:Strike From Hell"],"picked":"SKIP","floor":18},{"not_picked":["Twin Strike","Sever Soul"],"picked":"Whirlwind","floor":22},{"not_picked":["Run Through+1","Armaments"],"picked":"Pummel+1","floor":23},{"not_picked":["Eclipse","Replay:Undeath\u0027s Touch+1"],"picked":"ReplayTheSpireMod:Limb From Limb+1","floor":24},{"not_picked":["Wild Strike+1","Demon Form"],"picked":"Headbutt+1","floor":25},{"not_picked":["Ghostly Armor","Iron Wave+1"],"picked":"Pummel+1","floor":27},{"not_picked":["Body Slam+1","True Grit"],"picked":"ReplayTheSpireMod:Limb From Limb+1","floor":30},{"not_picked":["Offering","Replay:Many Hands"],"picked":"Reaper+1","floor":33},{"not_picked":["Defy Death","Iron Wave+1","Havoc+1"],"picked":"SKIP","floor":35},{"not_picked":["ReplayTheSpireMod:Stacked+1","Shrug It Off+1"],"picked":"ReplayTheSpireMod:Limb From Limb+1","floor":38},{"not_picked":["Hemokinesis+1","Massacre+1","Body Slam+1"],"picked":"SKIP","floor":39},{"not_picked":["Havoc","Thunderclap+1"],"picked":"Corruption","floor":40},{"not_picked":["Perfected Strike+1","Infernal Blade+1","Armaments"],"picked":"SKIP","floor":42},{"not_picked":["Reckless Charge+1","Dark Embrace"],"picked":"ReplayTheSpireMod:Limb From Limb+1","floor":44},{"not_picked":["Perfected Strike+1","Infernal Blade+1","Flex"],"picked":"SKIP","floor":45},{"not_picked":["Searing Blow+1","Clash+1"],"picked":"True Grit+1","floor":46},{"not_picked":["Armaments","Flex+1"],"picked":"Pommel Strike+1","floor":54}],"player_experience":76964,"relics_obtained":[{"floor":7,"key":"Eternal Feather"},{"floor":9,"key":"Matryoshka"},{"floor":14,"key":"Juzu Bracelet"},{"floor":23,"key":"Molten Egg 2"},{"floor":25,"key":"ReplayTheSpireMod:Shallot"},{"floor":26,"key":"Meat on the Bone"},{"floor":26,"key":"Grinning Jar"},{"floor":40,"key":"HornCleat"},{"floor":41,"key":"Ring of Peace"},{"floor":41,"key":"Ring of Greed"},{"floor":41,"key":"Replay:Bandana"},{"floor":41,"key":"Smiling Mask"},{"floor":42,"key":"ReplayTheSpireMod:Lightbulb"},{"floor":43,"key":"hubris:SlimyHat"},{"floor":44,"key":"Oddly Smooth Stone"},{"floor":46,"key":"Boot"},{"floor":54,"key":"hubris:Zylophone"}],"event_choices":[{"damage_healed":0,"gold_gain":0,"player_choice":"Rummage","damage_taken":0,"relics_obtained":["WarpedTongs"],"max_hp_gain":0,"max_hp_loss":0,"event_name":"Accursed Blacksmith","floor":2,"gold_loss":0,"cards_obtained":["Pain"]},{"damage_healed":0,"gold_gain":0,"player_choice":"Ignored","damage_taken":0,"max_hp_gain":0,"max_hp_loss":0,"event_name":"Liars Game","floor":10,"gold_loss":0},{"cards_removed":["Strike_R"],"damage_healed":0,"gold_gain":0,"player_choice":"Purged","damage_taken":0,"max_hp_gain":0,"max_hp_loss":0,"event_name":"Purifier","floor":19,"gold_loss":0},{"cards_removed":["Strike_R"],"damage_healed":0,"gold_gain":0,"player_choice":"Upgrade and Remove","damage_taken":0,"max_hp_gain":0,"max_hp_loss":0,"event_name":"Designer","floor":20,"gold_loss":90,"cards_upgraded":["Strike_R"]},{"damage_healed":0,"gold_gain":0,"player_choice":"Copied","damage_taken":0,"max_hp_gain":0,"max_hp_loss":0,"event_name":"Duplicator","floor":21,"gold_loss":0,"cards_obtained":["Inflame"]},{"damage_healed":0,"gold_gain":100,"player_choice":"Pray","damage_taken":0,"max_hp_gain":0,"max_hp_loss":0,"event_name":"Golden Shrine","floor":29,"gold_loss":0},{"cards_removed":["Strike_R"],"damage_healed":0,"gold_gain":0,"player_choice":"Card Removal","damage_taken":0,"max_hp_gain":0,"max_hp_loss":0,"event_name":"Wheel of Change","floor":36,"gold_loss":0},{"cards_removed":["Looming Evil"],"damage_healed":0,"gold_gain":0,"player_choice":"Offered Curse","damage_taken":0,"relics_obtained":["Spirit Poop"],"max_hp_gain":0,"max_hp_loss":0,"event_name":"Bonfire Elementals","floor":47,"gold_loss":0},{"damage_healed":0,"gold_gain":0,"player_choice":"Bought 2 Potions","damage_taken":0,"max_hp_gain":0,"max_hp_loss":0,"event_name":"The Woman in Blue","floor":48,"gold_loss":0}],"is_beta":false,"boss_relics":[{"not_picked":["hubris:CrackedHourglass","Tiny House"],"picked":"hubris:TerracottaHorce"},{"not_picked":["Replay:Wanted Poster","Philosopher\u0027s Stone"],"picked":"hubris:ScarierMask"}],"items_purged_floors":[3,53],"is_endless":false,"potions_floor_spawned":[7,8,14,18,22,25,35,45,46,54],"ascension_level":8}}