{"host":"xa0kvhbb1ful01xu","time":1614252052,"event":{"mods":["BaseMod","BetterRewards","Custom Start","Downfall","Hubris","Marisa????????","Minty Spire (QoL Compilation)","READ ME - Snecko Mod","StSLib"],"gold_per_floor":[99,116,128,323,336,236,236,252,269,283,283,283,283,7,21,124,124,124,141,161,176,176,176,176,176,210,323,338,358,358,395,410,509,509,509,529,582,602,602,602,602,602,27,44,44,71,90,90,110,110],"floor_reached":51,"language":"ENG","playtime":7163,"items_purged":[],"score":663,"play_id":"904ae046-721c-40e7-82f7-bd5e73a1d8f8","local_time":"20210225122052","is_ascension_mode":false,"campfire_choices":[{"floor":1,"key":"RECALL"},{"data":"Slimebound:Split","floor":6,"key":"SMITH"},{"data":"Slimebound:LevelUp","floor":18,"key":"SMITH"},{"data":"Slimebound:MassRepurpose","floor":23,"key":"SMITH"},{"data":"Slimebound:RallyTheTroops","floor":25,"key":"SMITH"},{"data":"hubris:DuctTapeCard","floor":35,"key":"SMITH"},{"floor":40,"key":"REST"},{"data":"Slimebound:Overexert","floor":45,"key":"SMITH"}],"circlet_count":0,"master_deck":["Slimebound:Strike_Slimebound","Slimebound:Strike_Slimebound","Slimebound:Tackle+1","Slimebound:Defend_Slimebound","Slimebound:Defend_Slimebound","Slimebound:Defend_Slimebound","Slimebound:Defend_Slimebound","Slimebound:Split+1","Slimebound:CorrosiveSpit+1","Slimebound:SplitLeeching","Slimebound:SplitMire","Slimebound:LivingWall","Slimebound:FinishingTackle","expansioncontent:LastStand","Slimebound:SlimeSpikes","Slimebound:Schlurp","Slimebound:GoopSpray+1","Slimebound:RallyTheTroops+1","Slimebound:MassRepurpose+1","Slimebound:HauntingLick+1","Slimebound:HauntingLick","hubris:DuctTapeCard+2","Slimebound:DisruptingSlam+1","Slimebound:Prepare+1","Slimebound:ItLooksTasty+1","Slimebound:SplitSpecialist+1","Slimebound:GoopTackle+1","Slimebound:SplitSpecialist+1","Slimebound:FirmFortitude","Slimebound:SplitAcid+1","Slimebound:SplitAcid","Slimebound:LevelUp+1","expansioncontent:AwakenDeath","Slimebound:Overexert+1","Slimebound:AcidTongue+1","Slimebound:LeechEnergy+1","Slimebound:Schlurp"],"relics":["Slimebound:AbsorbEndCombatUpgraded","Whetstone","Toolbox","downfall:HeartBlessingRed","InkBottle","hubris:Icosahedron","Sundial","Slimebound:TarBlob","Shuriken","hubris:DuctTape","Oddly Smooth Stone","Ginger","Anchor","CatCart","The Courier","Nunchaku","hubris:TinFlute","Centennial Puzzle","War Paint","Strawberry"],"acts_visited":["Exordium","TheCity","TheBeyond"],"potions_floor_usage":[26,28,29,29,31,36,37,50,50,50],"damage_taken":[{"damage":1,"enemies":"Cultist","floor":2,"turns":4},{"damage":0,"enemies":"Jaw Worm","floor":3,"turns":3},{"damage":2,"enemies":"downfall:FleeingMerchant","floor":4,"turns":4},{"damage":14,"enemies":"2 Louse","floor":5,"turns":4},{"damage":2,"enemies":"2 Fungi Beasts","floor":8,"turns":3},{"damage":16,"enemies":"Large Slime","floor":9,"turns":5},{"damage":3,"enemies":"Exordium Wildlife","floor":10,"turns":4},{"damage":13,"enemies":"downfall:FleeingMerchant","floor":14,"turns":4},{"damage":3,"enemies":"Exordium Thugs","floor":15,"turns":5},{"damage":7,"enemies":"SI_SHIV_ARCHETYPE","floor":16,"turns":6},{"damage":0,"enemies":"Shell Parasite","floor":19,"turns":4},{"damage":11,"enemies":"downfall:LooterAlt2","floor":20,"turns":4},{"damage":10,"enemies":"3 Cultists","floor":21,"turns":5},{"damage":30,"enemies":"Gremlin Leader","floor":26,"turns":7},{"damage":24,"enemies":"Sentry and Sphere","floor":27,"turns":4},{"damage":0,"enemies":"Centurion and Healer","floor":28,"turns":6},{"damage":9,"enemies":"Snake Plant","floor":29,"turns":4},{"damage":3,"enemies":"downfall:FleeingMerchant","floor":31,"turns":4},{"damage":7,"enemies":"Cultist and Chosen","floor":32,"turns":6},{"damage":12,"enemies":"WA_ARCHETYPE_CALM","floor":33,"turns":7},{"damage":28,"enemies":"3 Darklings","floor":36,"turns":6},{"damage":64,"enemies":"Orin","floor":37,"turns":9},{"damage":25,"enemies":"Orb Walker","floor":38,"turns":4},{"damage":2,"enemies":"downfall:FleeingMerchant","floor":43,"turns":4},{"damage":19,"enemies":"4 Shapes","floor":44,"turns":4},{"damage":27,"enemies":"Jaw Worm Horde","floor":47,"turns":4},{"damage":5,"enemies":"Jaw Worm Horde","floor":48,"turns":3},{"damage":12,"enemies":"Writhing Mass","floor":49,"turns":4},{"damage":50,"enemies":"IC_BLOCK_ARCHETYPE","floor":50,"turns":8}],"seed_played":"-5138315378153335157","potions_obtained":[{"floor":3,"key":"sneckomod:MuddlingPotion"},{"floor":5,"key":"PowerPotion"},{"floor":15,"key":"FearPotion"},{"floor":16,"key":"Slimebound:SpawnSlimePotion"},{"floor":28,"key":"Swift Potion"},{"floor":29,"key":"EntropicBrew"},{"floor":32,"key":"SteroidPotion"},{"floor":44,"key":"Dexterity Potion"},{"floor":48,"key":"Strength Potion"},{"floor":49,"key":"EssenceOfSteel"}],"is_trial":false,"path_per_floor":["R","M","M","$","M","R","T","M","M","M","?","?","?","$","M","B",null,"R","M","M","M","?","R","T","R","E","M","M","M","T","$","M","B",null,"R","M","?","M","?","R","T","?","$","M","R","T","M","?","M","B",null],"character_chosen":"SLIMEBOUND","items_purchased":["Toolbox","Slimebound:FinishingTackle","expansioncontent:LastStand","Sundial","Ginger","Anchor","Nunchaku","hubris:TinFlute","Centennial Puzzle","War Paint"],"campfire_rested":1,"item_purchase_floors":[4,4,4,14,31,31,43,43,43,43],"current_hp_per_floor":[65,64,65,65,55,55,55,57,47,50,65,65,65,56,61,58,65,65,65,60,58,58,58,58,58,36,18,26,58,58,59,58,54,65,65,49,40,18,18,37,37,37,44,28,28,35,48,49,46,32],"gold":110,"neow_bonus":"RANDOM_COMMON_RELIC","is_daily":false,"chose_seed":false,"campfire_upgraded":6,"win_rate":0.0,"timestamp":1614252052,"path_taken":["R","M","M","$","M","R","T","M","?","M","?","?","?","$","M","BOSS","R","M","M","M","?","R","T","R","E","M","M","M","?","$","M","BOSS","R","M","?","M","?","R","T","?","$","M","R","?","M","?","M","BOSS"],"items_purchased_type":["Relic","Card","Card","Relic","Relic","Relic","Relic","Relic","Relic","Relic"],"build_version":"2020-12-22","purchased_purges":0,"victory":true,"max_hp_per_floor":[65,65,65,65,65,65,65,65,65,65,65,65,65,65,65,65,65,65,65,65,65,65,65,65,65,65,65,65,65,65,65,65,65,65,65,65,65,65,65,65,65,65,65,65,65,72,72,72,72,72],"card_choices":[{"not_picked":["Slimebound:LivingWall","Slimebound:SplitMire"],"picked":"Slimebound:SplitLeeching","floor":2},{"not_picked":["Slimebound:Equalize","Slimebound:GoopTackle"],"picked":"Slimebound:SplitMire","floor":3},{"not_picked":["Slimebound:SlimeSpikes","Slimebound:Prepare"],"picked":"Slimebound:LivingWall","floor":4},{"not_picked":["Slimebound:ItLooksTasty","Slimebound:MassFeed"],"picked":"Slimebound:SlimeSpikes","floor":5},{"not_picked":["Slimebound:HauntingLick","Slimebound:Prepare"],"picked":"Slimebound:Schlurp","floor":8},{"not_picked":["Slimebound:SplitAcid","Slimebound:LivingWall"],"picked":"Slimebound:LevelUp","floor":9},{"not_picked":["Slimebound:GoopTackle","Slimebound:LeadByExample"],"picked":"Slimebound:GoopSpray","floor":10},{"not_picked":["Slimebound:SplitMire","Slimebound:LeechingTouch"],"picked":"Slimebound:RallyTheTroops","floor":14},{"not_picked":["Slimebound:LeechingTouch","Slimebound:SplitAcid"],"picked":"Slimebound:Gluttony","floor":15},{"not_picked":["Slimebound:Teamwork","Slimebound:OneTwoCombo"],"picked":"Slimebound:MassRepurpose","floor":16},{"not_picked":["Slimebound:GoopSpray","Slimebound:SplitSpecialist"],"picked":"Slimebound:HauntingLick+1","floor":19},{"not_picked":["Slimebound:PressTheAttack","Slimebound:RejuvenatingLick"],"picked":"Slimebound:HauntingLick","floor":20},{"not_picked":["Slimebound:Gluttony+1","Slimebound:FormOfPuddle","Slimebound:Chomp"],"picked":"SKIP","floor":21},{"not_picked":["Slimebound:PressTheAttack+1","Slimebound:LeechEnergy"],"picked":"Slimebound:DisruptingSlam+1","floor":26},{"not_picked":["Slimebound:RallyTheTroops","Slimebound:SplitMire"],"picked":"Slimebound:Prepare+1","floor":27},{"not_picked":["Slimebound:PressTheAttack","Slimebound:Grow"],"picked":"Slimebound:ItLooksTasty+1","floor":28},{"not_picked":["Slimebound:Dissolve","Slimebound:LivingWall+1"],"picked":"Slimebound:SplitSpecialist","floor":29},{"not_picked":["Slimebound:FinishingTackle","Slimebound:LeechEnergy"],"picked":"Slimebound:GoopTackle+1","floor":31},{"not_picked":["Slimebound:SplitMire","Slimebound:MassRepurpose"],"picked":"Slimebound:SplitSpecialist+1","floor":32},{"not_picked":["Slimebound:WasteNot","Slimebound:SlimeSlap"],"picked":"Slimebound:FirmFortitude","floor":33},{"not_picked":["Slimebound:SplitMire+1","Slimebound:PressTheAttack"],"picked":"Slimebound:SplitAcid+1","floor":36},{"not_picked":["Slimebound:Dissolve+1","Slimebound:GoopTackle+1"],"picked":"Slimebound:SplitAcid","floor":37},{"not_picked":["Slimebound:Schlurp","Slimebound:SplitMire+1"],"picked":"Slimebound:LevelUp+1","floor":38},{"not_picked":["expansioncontent:YouAreMine","expansioncontent:LastStand"],"picked":"expansioncontent:AwakenDeath","floor":42},{"not_picked":["Slimebound:DivideAndConquer","Slimebound:SplitAcid"],"picked":"Slimebound:Overexert","floor":43},{"not_picked":["Slimebound:Schlurp+1","Slimebound:SlimeSpikes"],"picked":"Slimebound:AcidTongue+1","floor":44},{"not_picked":["Slimebound:LeechingTouch","Slimebound:SplitMire"],"picked":"Slimebound:LeechEnergy+1","floor":47},{"not_picked":["Slimebound:Gluttony+1","Slimebound:HauntingLick+1"],"picked":"Slimebound:Schlurp","floor":49}],"player_experience":121500,"relics_obtained":[{"floor":7,"key":"InkBottle"},{"floor":24,"key":"Shuriken"},{"floor":26,"key":"hubris:DuctTape"},{"floor":30,"key":"Oddly Smooth Stone"},{"floor":37,"key":"CatCart"},{"floor":41,"key":"The Courier"},{"floor":46,"key":"Strawberry"}],"event_choices":[{"damage_healed":21,"gold_gain":0,"player_choice":"Banana","damage_taken":0,"max_hp_gain":0,"max_hp_loss":0,"event_name":"Big Fish","floor":11,"gold_loss":0},{"damage_healed":0,"gold_gain":0,"player_choice":"Ignored","damage_taken":0,"max_hp_gain":0,"max_hp_loss":0,"event_name":"Ghosts","floor":22,"gold_loss":0},{"damage_healed":0,"gold_gain":0,"player_choice":"Fight","damage_taken":0,"max_hp_gain":0,"max_hp_loss":0,"event_name":"OrinTheCat","floor":37,"gold_loss":0}],"is_beta":false,"boss_relics":[{"not_picked":["SacredBark","hubris:ScarierMask"],"picked":"Slimebound:TarBlob"},{"not_picked":["hubris:VirtuousBlindfold","hubris:GrandSneckoEye"],"picked":"Slimebound:AbsorbEndCombatUpgraded"}],"items_purged_floors":[],"is_endless":false,"potions_floor_spawned":[3,5,15,16,27,28,29,32,44,48,49],"ascension_level":0}}