{"host":"4par9lyhj7bf4dsa","time":1614230745,"event":{"mods":["AchievementEnabler","BaseMod","Colored Map","Minty Spire (QoL Compilation)","Relic Stats","StSLib"],"gold_per_floor":[118,130,130,42,61,92,92,122,122,134,134,165,179,179,179,255,255,274,274,287,301,123,158,158,190,190,190,9,9,43,43,43],"floor_reached":31,"language":"ENG","playtime":87322,"items_purged":["Writhe"],"score":579,"play_id":"bd6c17de-9c4b-40fd-819d-ae7b7f7b1e32","local_time":"20210225162545","is_ascension_mode":true,"campfire_choices":[{"floor":7,"key":"REST"},{"data":"FlurryOfBlows","floor":11,"key":"SMITH"},{"data":"Wallop","floor":15,"key":"SMITH"},{"floor":24,"key":"REST"},{"floor":27,"key":"REST"}],"circlet_count":0,"master_deck":["AscendersBane","Strike_P+1","Strike_P+1","Strike_P+1","Strike_P+1","Defend_P+1","Defend_P+1","Defend_P","Defend_P","Eruption","Vigilance+1","BowlingBash+1","FlurryOfBlows+1","EmptyMind+1","LessonLearned","Wallop+1","LikeWater+1","Omniscience+1","LikeWater+1","FearNoEvil","FlyingSleeves"],"relics":["PureWater","Singing Bowl","The Courier","TungstenRod","Philosopher\u0027s Stone","Ancient Tea Set","Vajra","HornCleat","Bag of Preparation","Orichalcum","Membership Card","Happy Flower","Nloth\u0027s Gift","InkBottle"],"acts_visited":["Exordium","TheCity"],"potions_floor_usage":[5,8,12,13,16,23,25],"damage_taken":[{"damage":0,"enemies":"2 Louse","floor":1,"turns":2},{"damage":0,"enemies":"Cultist","floor":2,"turns":2},{"damage":4,"enemies":"Small Slimes","floor":5,"turns":3},{"damage":32,"enemies":"3 Sentries","floor":6,"turns":7},{"damage":13,"enemies":"Lagavulin","floor":8,"turns":5},{"damage":11,"enemies":"Blue Slaver","floor":10,"turns":5},{"damage":19,"enemies":"3 Sentries","floor":12,"turns":5},{"damage":2,"enemies":"Large Slime","floor":13,"turns":6},{"damage":21,"enemies":"Slime Boss","floor":16,"turns":9},{"damage":26,"enemies":"Shell Parasite","floor":18,"turns":7},{"damage":6,"enemies":"2 Thieves","floor":20,"turns":3},{"damage":0,"enemies":"Centurion and Healer","floor":21,"turns":11},{"damage":21,"enemies":"Slavers","floor":23,"turns":11},{"damage":0,"enemies":"Book of Stabbing","floor":25,"turns":3},{"damage":40,"enemies":"Gremlin Leader","floor":30,"turns":8},{"damage":45,"enemies":"Snake Plant","floor":31,"turns":1}],"seed_played":"3718027798825794272","potions_obtained":[{"floor":3,"key":"Explosive Potion"},{"floor":3,"key":"Swift Potion"},{"floor":5,"key":"SteroidPotion"},{"floor":8,"key":"Weak Potion"},{"floor":13,"key":"BlessingOfTheForge"},{"floor":20,"key":"DuplicationPotion"},{"floor":21,"key":"FearPotion"},{"floor":30,"key":"Energy Potion"}],"is_trial":false,"path_per_floor":["M","M","?","$","M","E","R","E","T","M","R","E","M","?","R","B",null,"M","?","M","M","$","E","R","E","T","R","$","?","E","M"],"character_chosen":"WATCHER","items_purchased":["FlurryOfBlows","EmptyMind","Vajra","Membership Card","Happy Flower"],"campfire_rested":3,"item_purchase_floors":[4,4,22,28,28],"current_hp_per_floor":[72,72,72,72,68,38,62,51,51,42,42,23,21,49,49,28,71,47,47,41,41,41,22,48,50,50,77,77,77,37,0,0],"gold":43,"neow_bonus":"TEN_PERCENT_HP_BONUS","is_daily":false,"chose_seed":false,"campfire_upgraded":2,"win_rate":0.0,"timestamp":1614230745,"path_taken":["M","M","?","?","M","E","R","E","T","M","R","E","?","?","R","BOSS","M","?","M","M","$","E","R","E","T","R","$","?","E","?"],"items_purchased_type":["Card","Card","Relic","Relic","Relic"],"build_version":"2020-12-22","purchased_purges":1,"victory":false,"max_hp_per_floor":[79,79,79,79,79,81,81,83,83,85,85,85,85,85,85,85,85,87,87,87,87,87,89,89,91,91,91,91,91,91,91,91],"relic_stats":{"Singing Bowl":12,"Happy Flower":[3],"counters":[16,88],"Bag of Preparation":[4],"Nloth\u0027s Gift":0,"Orichalcum":[24],"obtain_stats":[{"Singing Bowl":6,"Happy Flower":28,"Vajra":22,"The Courier":8,"Bag of Preparation":25,"Letter Opener":9,"Orichalcum":26,"Ancient Tea Set":19,"HornCleat":23,"Philosopher\u0027s Stone":17,"Nloth\u0027s Gift":29,"Membership Card":28,"PureWater":0,"TungstenRod":12,"InkBottle":30},{"Singing Bowl":4,"Happy Flower":14,"Vajra":12,"The Courier":5,"Bag of Preparation":14,"Letter Opener":5,"Orichalcum":14,"Ancient Tea Set":10,"HornCleat":13,"Philosopher\u0027s Stone":9,"Nloth\u0027s Gift":14,"Membership Card":14,"PureWater":0,"TungstenRod":7,"InkBottle":15},{"Singing Bowl":14,"Happy Flower":79,"Vajra":65,"The Courier":19,"Bag of Preparation":79,"Letter Opener":19,"Orichalcum":79,"Ancient Tea Set":51,"HornCleat":76,"Philosopher\u0027s Stone":44,"Nloth\u0027s Gift":79,"Membership Card":79,"PureWater":0,"TungstenRod":29,"InkBottle":87}],"TungstenRod":21,"InkBottle":[0]},"card_choices":[{"not_picked":["Worship","Halt"],"picked":"BowlingBash","floor":1},{"not_picked":["EmptyBody","Crescendo","BowlingBash"],"picked":"SKIP","floor":2},{"not_picked":["Prostrate","CutThroughFate"],"picked":"LessonLearned","floor":5},{"not_picked":["Collect","EmptyMind","WindmillStrike"],"picked":"Singing Bowl","floor":6},{"not_picked":["PathToVictory","SpiritShield","Evaluate"],"picked":"Singing Bowl","floor":8},{"not_picked":["Prostrate","Study","FollowUp"],"picked":"Singing Bowl","floor":10},{"not_picked":["SandsOfTime","Adaptation"],"picked":"Wallop","floor":12},{"not_picked":["Weave","EmptyFist"],"picked":"LikeWater","floor":13},{"not_picked":["SpiritShield","Alpha"],"picked":"Omniscience","floor":16},{"not_picked":["ForeignInfluence","SashWhip","CutThroughFate"],"picked":"Singing Bowl","floor":18},{"not_picked":["Halt+1","WreathOfFlame"],"picked":"LikeWater+1","floor":20},{"not_picked":["EmptyBody","Wallop"],"picked":"FearNoEvil","floor":21},{"not_picked":["Crescendo","CarveReality+1","EmptyBody+1"],"picked":"Singing Bowl","floor":23},{"not_picked":["Devotion","BowlingBash","Prostrate+1"],"picked":"Singing Bowl","floor":25},{"not_picked":["LikeWater","EmptyFist"],"picked":"FlyingSleeves","floor":30}],"player_experience":1061180,"relics_obtained":[{"floor":6,"key":"Singing Bowl"},{"floor":8,"key":"The Courier"},{"floor":9,"key":"Letter Opener"},{"floor":12,"key":"TungstenRod"},{"floor":23,"key":"HornCleat"},{"floor":25,"key":"Bag of Preparation"},{"floor":26,"key":"Orichalcum"},{"floor":30,"key":"InkBottle"}],"event_choices":[{"damage_healed":0,"gold_gain":0,"player_choice":"Got Potions","damage_taken":0,"max_hp_gain":0,"max_hp_loss":0,"event_name":"Lab","floor":3,"gold_loss":0},{"damage_healed":28,"gold_gain":0,"player_choice":"Banana","damage_taken":0,"max_hp_gain":0,"max_hp_loss":0,"event_name":"Big Fish","floor":14,"gold_loss":0},{"damage_healed":0,"gold_gain":0,"player_choice":"Opened","damage_taken":0,"relics_obtained":["Ancient Tea Set"],"max_hp_gain":0,"max_hp_loss":0,"event_name":"The Mausoleum","floor":19,"gold_loss":0,"cards_obtained":["Writhe"]},{"damage_healed":0,"gold_gain":0,"player_choice":"Traded Relic","damage_taken":0,"relics_obtained":["Nloth\u0027s Gift"],"max_hp_gain":0,"max_hp_loss":0,"event_name":"N\u0027loth","floor":29,"relics_lost":["Letter Opener"],"gold_loss":0}],"is_beta":false,"boss_relics":[{"not_picked":["SacredBark","Empty Cage"],"picked":"Philosopher\u0027s Stone"}],"items_purged_floors":[22],"is_endless":false,"potions_floor_spawned":[5,6,8,13,20,21,30],"killed_by":"Snake Plant","ascension_level":13}}