{"host":"wshey5htrz8rni6u","time":1614262461,"event":{"mods":["2.2 Compatiblity","BaseMod","Block Reminder","Colored Map","Colored Powertips","Current Relic Mod","Curses Come First","Dark Map","Key Reminder","Keyboard Shortcuts","Minty Spire (QoL Compilation)","Potion Indicator Mod","Quick Restart","Random Character Button","Relic Sorter","Relic Stats","StSLib","SuperFastMode","Unceasing Turn Reminder","UnlockEverythingMod","Weighted Paths"],"gold_per_floor":[119,119,119,19,44,74,74,87,87,118,128,84,84,84,84,157,157,168,2,2,2,52,52,52],"floor_reached":23,"language":"ENG","playtime":1275,"items_purged":["Strike_G"],"score":361,"play_id":"845a05eb-b868-4abe-aff3-f2e045cdb97d","local_time":"20210225061421","is_ascension_mode":true,"campfire_choices":[{"floor":7,"key":"REST"},{"floor":13,"key":"REST"},{"floor":15,"key":"REST"}],"circlet_count":0,"master_deck":["AscendersBane","Strike_G","Defend_G","Defend_G","Defend_G","Defend_G","Defend_G","Survivor","Neutralize","Venomology","Dagger Throw","Blade Dance","Dagger Spray","Well Laid Plans","Quick Slash","Noxious Fumes","Sucker Punch","Terror","Infinite Blades","Grand Finale","Acrobatics","Venomology","Calculated Gamble","Shame"],"relics":["Ring of the Snake","keyreminder:keyreminder","WingedGreaves","Dream Catcher","Lantern","HoveringKite","Blood Vial","Paper Crane"],"acts_visited":["Exordium","TheCity"],"potions_floor_usage":[6,6,6,10,10,16,18,18,18,20,20,20,23,23,23],"damage_taken":[{"damage":9,"enemies":"Jaw Worm","floor":1,"turns":8},{"damage":34,"enemies":"Lagavulin","floor":6,"turns":7},{"damage":1,"enemies":"Small Slimes","floor":8,"turns":4},{"damage":18,"enemies":"Gremlin Nob","floor":10,"turns":3},{"damage":0,"enemies":"Cultist","floor":11,"turns":4},{"damage":9,"enemies":"The Guardian","floor":16,"turns":13},{"damage":16,"enemies":"3 Byrds","floor":18,"turns":3},{"damage":0,"enemies":"Spheric Guardian","floor":20,"turns":3},{"damage":43,"enemies":"Gremlin Leader","floor":23,"turns":6}],"seed_played":"150360179951574641","potions_obtained":[{"floor":6,"key":"Strength Potion"},{"floor":8,"key":"Dexterity Potion"},{"floor":16,"key":"DistilledChaos"},{"floor":18,"key":"Weak Potion"}],"is_trial":false,"path_per_floor":["M","?","?","$","T","E","R","M","T","E","M","$","R","?","R","B",null,"M","$","M","?","?","E"],"character_chosen":"THE_SILENT","items_purchased":["Dagger Spray","Terror","Blood Vial"],"campfire_rested":3,"item_purchase_floors":[4,12,19],"current_hp_per_floor":[50,50,43,43,43,9,27,26,26,8,8,8,26,26,44,35,54,38,38,40,40,40,0,0],"gold":52,"neow_bonus":"THREE_RARE_CARDS","is_daily":false,"chose_seed":false,"campfire_upgraded":0,"win_rate":0.0,"timestamp":1614262461,"path_taken":["M","?","?","$","?","E","R","M","T","E","M","?","R","?","R","BOSS","M","$","M","?","?","E"],"items_purchased_type":["Card","Card","Relic"],"build_version":"2020-12-13","purchased_purges":1,"victory":false,"max_hp_per_floor":[60,60,60,60,60,60,60,60,60,60,60,60,60,60,60,60,60,60,60,60,60,60,60,60],"relic_stats":{"Blood Vial":4,"Dream Catcher":2,"counters":[9,51],"HoveringKite":[7],"obtain_stats":[{"keyreminder:keyreminder":5,"Blood Vial":19,"Dream Catcher":9,"Lantern":10,"HoveringKite":17,"WingedGreaves":6,"Paper Crane":21,"Ring of the Snake":0},{"keyreminder:keyreminder":1,"Blood Vial":7,"Dream Catcher":3,"Lantern":4,"HoveringKite":6,"WingedGreaves":2,"Paper Crane":8,"Ring of the Snake":0},{"keyreminder:keyreminder":8,"Blood Vial":42,"Dream Catcher":19,"Lantern":22,"HoveringKite":39,"WingedGreaves":15,"Paper Crane":45,"Ring of the Snake":0}],"Ring of the Snake":[18]},"card_choices":[{"not_picked":["Malaise","Burst"],"picked":"Venomology","floor":0},{"not_picked":["Backflip","PiercingWail"],"picked":"Dagger Throw","floor":1},{"not_picked":["Dagger Spray","Backflip"],"picked":"Well Laid Plans","floor":6},{"not_picked":["Underhanded Strike","Backstab"],"picked":"Quick Slash","floor":8},{"not_picked":["Slice","Dagger Throw"],"picked":"Noxious Fumes","floor":10},{"not_picked":["Deflect","Outmaneuver"],"picked":"Sucker Punch","floor":11},{"not_picked":["Blade Dance","Catalyst"],"picked":"Infinite Blades","floor":13},{"not_picked":["Deflect","Poisoned Stab"],"picked":"Acrobatics","floor":15},{"not_picked":["Burst","Grand Finale"],"picked":"Venomology","floor":16},{"not_picked":["Noxious Fumes","Eviscerate"],"picked":"Calculated Gamble","floor":18}],"player_experience":212666,"relics_obtained":[{"floor":6,"key":"WingedGreaves"},{"floor":9,"key":"Dream Catcher"},{"floor":10,"key":"Lantern"}],"event_choices":[{"damage_healed":0,"gold_gain":0,"cards_transformed":["Strike_G"],"player_choice":"Change","damage_taken":0,"max_hp_gain":0,"max_hp_loss":0,"event_name":"Living Wall","floor":2,"gold_loss":0,"cards_obtained":["Blade Dance"]},{"cards_removed":["Strike_G"],"damage_healed":0,"gold_gain":0,"player_choice":"Card Removal","damage_taken":7,"max_hp_gain":0,"max_hp_loss":0,"event_name":"Golden Wing","floor":3,"gold_loss":0},{"damage_healed":0,"gold_gain":0,"cards_transformed":["Strike_G"],"player_choice":"Transformed","damage_taken":0,"max_hp_gain":0,"max_hp_loss":0,"event_name":"Transmorgrifier","floor":14,"gold_loss":0,"cards_obtained":["Grand Finale"]},{"damage_healed":0,"gold_gain":0,"player_choice":"Stole Relic","damage_taken":0,"relics_obtained":["Paper Crane"],"max_hp_gain":0,"max_hp_loss":0,"event_name":"Addict","floor":21,"gold_loss":0,"cards_obtained":["Shame"]},{"damage_healed":0,"gold_gain":50,"player_choice":"Stole From Cult","damage_taken":0,"max_hp_gain":0,"max_hp_loss":0,"event_name":"Nest","floor":22,"gold_loss":0}],"is_beta":false,"boss_relics":[{"not_picked":["Sozu","Snecko Eye"],"picked":"HoveringKite"}],"items_purged_floors":[4],"is_endless":false,"potions_floor_spawned":[6,8,16,18],"killed_by":"Gremlin Leader","ascension_level":17}}