{"host":"n6lk97i3f9btdmiv","time":1614221459,"event":{"mods":["BaseMod","Better Note","Better Third Choice","Colored Map","Highlight Path","Minty Spire (QoL Compilation)","StSLib"],"gold_per_floor":[110,110,110,110,35,35,65,65,65,65,76,76,103,117,117,220,220,230,680,695,695,459,459,484,500,527,527,557,568,568,286,286,382,382,393,444,444,218,218,248,248,278,290,329,355,367,396,408,420,432,444,456,57,85,85],"floor_reached":56,"language":"ENG","playtime":2343,"items_purged":["Strike_B","Strike_B","Strike_B","Defend_B","Defend_B"],"score":1584,"play_id":"a4e30d03-5526-4ea8-aa08-dfe4a06c27c8","local_time":"20210224215059","is_ascension_mode":true,"campfire_choices":[{"data":"Zap","floor":6.0,"key":"SMITH"},{"data":"Dualcast","floor":10.0,"key":"SMITH"},{"data":"Defragment","floor":12.0,"key":"SMITH"},{"data":"Ball Lightning","floor":15.0,"key":"SMITH"},{"floor":23.0,"key":"REST"},{"data":"Electrodynamics","floor":27.0,"key":"SMITH"},{"floor":32.0,"key":"RECALL"},{"data":"Defragment","floor":41.0,"key":"SMITH"},{"data":"Storm","floor":46,"key":"SMITH"},{"data":"Biased Cognition","floor":49,"key":"SMITH"},{"data":"Defend_B","floor":52,"key":"SMITH"}],"circlet_count":0,"master_deck":["Defend_B","Defend_B+1","Zap+1","Dualcast+1","Ball Lightning+1","Loop+1","Defragment+1","Undo+1","Fission+1","Chaos+1","Electrodynamics+1","Genetic Algorithm+1","Storm+1","Rainbow+1","Machine Learning","Conserve Battery+1","Self Repair+1","Defragment+1","Conserve Battery+1","Biased Cognition+1","White Noise+1","Force Field+1","Zap+1","Conserve Battery+1","Loop","Conserve Battery+1"],"relics":["Cracked Core","NeowsBlessing","Toxic Egg 2","Matryoshka","Lantern","Ornamental Fan","PreservedInsect","Philosopher\u0027s Stone","MealTicket","Anchor","Art of War","Boot","Runic Capacitor","SlaversCollar","Pocketwatch","Unceasing Top","MawBank","Centennial Puzzle","Pen Nib","Happy Flower","Bottled Lightning"],"acts_visited":["Exordium","TheCity","TheBeyond","TheEnding"],"potions_floor_usage":[54,55,55,55],"damage_taken":[{"damage":0.0,"enemies":"Small Slimes","floor":1.0,"turns":1.0},{"damage":0.0,"enemies":"Lagavulin","floor":7.0,"turns":1.0},{"damage":0.0,"enemies":"Cultist","floor":11.0,"turns":1.0},{"damage":26.0,"enemies":"3 Sentries","floor":13.0,"turns":4.0},{"damage":0.0,"enemies":"Jaw Worm","floor":14.0,"turns":2.0},{"damage":30.0,"enemies":"Slime Boss","floor":16.0,"turns":7.0},{"damage":1.0,"enemies":"Spheric Guardian","floor":18.0,"turns":3.0},{"damage":3.0,"enemies":"Chosen","floor":20.0,"turns":3.0},{"damage":0.0,"enemies":"Slavers","floor":24.0,"turns":2.0},{"damage":13.0,"enemies":"Snake Plant","floor":25.0,"turns":3.0},{"damage":11.0,"enemies":"Book of Stabbing","floor":28.0,"turns":4.0},{"damage":6.0,"enemies":"Shelled Parasite and Fungi","floor":29.0,"turns":3.0},{"damage":0.0,"enemies":"Automaton","floor":33.0,"turns":6.0},{"damage":5.0,"enemies":"Orb Walker","floor":35.0,"turns":3.0},{"damage":0.0,"enemies":"2 Orb Walkers","floor":36.0,"turns":3.0},{"damage":0.0,"enemies":"Giant Head","floor":40.0,"turns":5.0},{"damage":15.0,"enemies":"Nemesis","floor":42.0,"turns":4.0},{"damage":0.0,"enemies":"Giant Head","floor":44.0,"turns":5.0},{"damage":0,"enemies":"3 Shapes","floor":45,"turns":2},{"damage":0,"enemies":"3 Darklings","floor":47,"turns":3},{"damage":0,"enemies":"Donu and Deca","floor":50,"turns":3},{"damage":0,"enemies":"Shield and Spear","floor":54,"turns":2},{"damage":47,"enemies":"The Heart","floor":55,"turns":5}],"seed_played":"8328450279441207795","potions_obtained":[{"floor":1.0,"key":"Swift Potion"},{"floor":11.0,"key":"ColorlessPotion"},{"floor":20.0,"key":"PotionOfCapacity"},{"floor":24.0,"key":"SkillPotion"},{"floor":25.0,"key":"Ancient Potion"},{"floor":42.0,"key":"PotionOfCapacity"},{"floor":54,"key":"Swift Potion"}],"is_trial":false,"path_per_floor":["M","?","$","T","$","R","E","?","T","R","M","R","E","M","R","B",null,"M","?","M","?","$","R","E","M","T","R","E","M","?","$","R","B",null,"M","?","?","$","?","E","R","E","T","E","M","R","M","?","R","B",null,"R","$","E","B",null],"character_chosen":"DEFECT","items_purchased":["Electrodynamics","Runic Capacitor","Defragment","Conserve Battery+1","Loop","Happy Flower"],"campfire_rested":1,"item_purchase_floors":[22,31,38,53,53,53],"current_hp_per_floor":[75,75,75,75,75,75,75,75,75,75,75,75,49,49,49,19,75,74,28,25,25,25,47,47,34,34,34,23,17,17,32,32,32,75,70,70,70,75,71,71,71,66,66,71,71,71,71,71,71,71,71,71,71,71,34],"gold":85,"neow_bonus":"THREE_ENEMY_KILL","is_daily":false,"chose_seed":false,"campfire_upgraded":9,"win_rate":0.0,"timestamp":1614221459,"path_taken":["M","?","$","?","?","R","E","?","T","R","M","R","E","M","R","BOSS","M","?","?","?","$","R","E","M","T","R","E","?","?","$","R","BOSS","M","?","?","$","?","E","R","E","T","E","M","R","M","?","R","BOSS","R","$","E","BOSS"],"items_purchased_type":["Card","Relic","Card","Card","Card","Relic"],"build_version":"2020-12-22","purchased_purges":5,"victory":true,"max_hp_per_floor":[75,75,75,75,75,75,75,75,75,75,75,75,75,75,75,75,75,75,75,75,75,75,75,75,75,75,75,75,75,75,75,75,75,75,75,75,75,75,71,71,71,71,71,71,71,71,71,71,71,71,71,71,71,71,71],"card_choices":[{"not_picked":["Beam Cell","Go for the Eyes"],"picked":"Ball Lightning","floor":1.0},{"not_picked":["Cold Snap","Steam+1"],"picked":"Loop","floor":7.0},{"not_picked":["Undo+1","Streamline"],"picked":"Defragment","floor":11.0},{"not_picked":["Barrage","Streamline"],"picked":"Undo+1","floor":13.0},{"not_picked":["Gash","Hologram+1"],"picked":"Meteor Strike","floor":14.0},{"not_picked":["Meteor Strike","Hyperbeam"],"picked":"Fission+1","floor":16.0},{"not_picked":["Double Energy+1","Leap+1"],"picked":"Chaos+1","floor":18.0},{"not_picked":["Beam Cell+1","Redo+1","Streamline"],"picked":"SKIP","floor":20.0},{"not_picked":["BootSequence+1","Ball Lightning"],"picked":"Genetic Algorithm+1","floor":24.0},{"not_picked":["Conserve Battery+1","Redo+1"],"picked":"Storm","floor":25.0},{"not_picked":["Chill+1","Turbo+1"],"picked":"Rainbow+1","floor":28.0},{"not_picked":["Turbo+1","Rebound","Cold Snap"],"picked":"SKIP","floor":29.0},{"not_picked":["Creative AI","Core Surge"],"picked":"Machine Learning","floor":33.0},{"not_picked":["Go for the Eyes","Compile Driver"],"picked":"Conserve Battery+1","floor":35.0},{"not_picked":["Steam+1","Sunder+1"],"picked":"Self Repair+1","floor":36.0},{"not_picked":["Streamline+1","Cold Snap"],"picked":"Conserve Battery+1","floor":40.0},{"not_picked":["Steam+1","Storm"],"picked":"Biased Cognition","floor":42.0},{"not_picked":["Doom and Gloom","Barrage"],"picked":"White Noise+1","floor":44.0},{"not_picked":["Streamline","Scrape","Rebound"],"picked":"SKIP","floor":45},{"not_picked":["Stack+1","Hologram+1"],"picked":"Force Field+1","floor":47},{"not_picked":["White Noise+1","Biased Cognition"],"picked":"Conserve Battery+1","floor":54}],"player_experience":448016,"relics_obtained":[{"floor":4.0,"key":"Matryoshka"},{"floor":7.0,"key":"Lantern"},{"floor":9.0,"key":"Ornamental Fan"},{"floor":13.0,"key":"PreservedInsect"},{"floor":24.0,"key":"MealTicket"},{"floor":26.0,"key":"Anchor"},{"floor":26.0,"key":"Art of War"},{"floor":28.0,"key":"Boot"},{"floor":36.0,"key":"Pocketwatch"},{"floor":40.0,"key":"Unceasing Top"},{"floor":42.0,"key":"MawBank"},{"floor":43.0,"key":"Centennial Puzzle"},{"floor":44.0,"key":"Pen Nib"},{"floor":54,"key":"Bottled Lightning"}],"event_choices":[{"damage_healed":0.0,"max_hp_gain":0.0,"max_hp_loss":0.0,"gold_gain":0.0,"event_name":"WeMeetAgain","player_choice":"Gave Potion","floor":2.0,"gold_loss":0.0,"damage_taken":0.0,"relics_obtained":["Toxic Egg 2"]},{"damage_healed":0.0,"max_hp_gain":0.0,"max_hp_loss":0.0,"gold_gain":0.0,"event_name":"Accursed Blacksmith","player_choice":"Forge","floor":8.0,"gold_loss":0.0,"damage_taken":0.0,"cards_upgraded":["Loop"]},{"damage_healed":0.0,"max_hp_gain":0.0,"max_hp_loss":0.0,"gold_gain":450.0,"event_name":"Knowing Skull","player_choice":"GOLD GOLD GOLD GOLD GOLD ","floor":19.0,"potions_obtained":[],"gold_loss":0.0,"damage_taken":46.0,"cards_obtained":[]},{"damage_healed":0.0,"max_hp_gain":0.0,"max_hp_loss":0.0,"gold_gain":0.0,"event_name":"Match and Keep!","player_choice":"0 cards matched","floor":21.0,"gold_loss":0.0,"damage_taken":0.0,"cards_obtained":[]},{"cards_removed":["Strike_B"],"damage_healed":0.0,"max_hp_gain":0.0,"max_hp_loss":0.0,"gold_gain":0.0,"event_name":"Purifier","player_choice":"Purged","floor":30.0,"gold_loss":0.0,"damage_taken":0.0},{"damage_healed":0.0,"max_hp_gain":0.0,"max_hp_loss":0.0,"gold_gain":0.0,"event_name":"Mysterious Sphere","player_choice":"Fight","floor":36.0,"gold_loss":0.0,"damage_taken":0.0},{"cards_removed":["Meteor Strike"],"damage_healed":0.0,"max_hp_gain":0.0,"max_hp_loss":0.0,"gold_gain":0.0,"event_name":"Falling","player_choice":"Removed Attack","floor":37.0,"gold_loss":0.0,"damage_taken":0.0},{"damage_healed":0.0,"max_hp_gain":0.0,"max_hp_loss":4.0,"gold_gain":0.0,"event_name":"Winding Halls","player_choice":"Max HP","floor":39.0,"gold_loss":0.0,"damage_taken":0.0},{"damage_healed":0,"gold_gain":0,"player_choice":"1 cards matched","damage_taken":0,"max_hp_gain":0,"max_hp_loss":0,"event_name":"Match and Keep!","floor":48,"gold_loss":0,"cards_obtained":["Zap"]}],"is_beta":false,"boss_relics":[{"not_picked":["Pandora\u0027s Box","Runic Pyramid"],"picked":"Philosopher\u0027s Stone"},{"not_picked":["Velvet Choker","Fusion Hammer"],"picked":"SlaversCollar"}],"items_purged_floors":[5,22,31,38,53],"is_endless":false,"potions_floor_spawned":[1,11,20,24,25,28,42,44,45,47,54],"ascension_level":1}}