{"host":"7i2mr3s2j7h9hu6a","time":1614240570,"event":{"mods":["BaseMod","Minty Spire (QoL Compilation)","StSLib","The Gatherer"],"gold_per_floor":[110,110,185,7,7,26,49,49,103,103,103,103,103,103,103,222,222,235,274,274,274,158,158,158,158,182,203,203,223,223,243,243,373,373,392,413,746,260,260,260,260,260,260,49,49,84,84,103,103,103],"floor_reached":51,"language":"ZHS","playtime":12143,"items_purged":[],"score":730,"play_id":"3f2f19a7-7c43-4667-9470-816e4c5ca92f","local_time":"20210225160930","daily_mods":["SealedDeck","Vintage","Green Cards","Heirloom","Time Dilation","Flight"],"is_ascension_mode":false,"metric_token":277,"campfire_choices":[{"data":"Catalyst","floor":8,"key":"SMITH"},{"data":"Bane","floor":10,"key":"SMITH"},{"data":"Bouncing Flask","floor":11,"key":"SMITH"},{"data":"Gatherer:FlowerShield","floor":12,"key":"SMITH"},{"data":"Gatherer:FlowerShield+1","floor":13,"key":"SMITH"},{"data":"Gatherer:FlowerShield+2","floor":15,"key":"SMITH"},{"data":"Gatherer:PoisonMastery","floor":23,"key":"SMITH"},{"data":"Calculated Gamble","floor":24,"key":"SMITH"},{"data":"Gatherer:FlowerBeam+1","floor":25,"key":"SMITH"},{"data":"Gatherer:FlowerBeam+2","floor":28,"key":"SMITH"},{"data":"Footwork","floor":30,"key":"SMITH"},{"data":"Poisoned Stab","floor":32,"key":"SMITH"},{"data":"Tools of the Trade","floor":40,"key":"SMITH"},{"data":"Gatherer:FragileHammer","floor":41,"key":"SMITH"},{"data":"Gatherer:RecoveryHerb","floor":45,"key":"SMITH"},{"data":"Gatherer:Overflowing","floor":47,"key":"SMITH"},{"floor":49,"key":"REST"}],"circlet_count":0,"master_deck":["Gatherer:WoolGloves+1","Acrobatics+1","Poisoned Stab+1","Bouncing Flask+1","PiercingWail+1","Catalyst+1","Gatherer:FlowerShield+3","Bane+1","Gatherer:PoisonMastery+1","Blur+1","Gatherer:ScherryThrow+1","Gatherer:FlowerBeam+3","Acrobatics+1","Gatherer:FragileHammer+1","Footwork+1","Calculated Gamble+1","Tools of the Trade+1","Gatherer:RecoveryHerb+1","Gatherer:Snatch+1","Gatherer:Overflowing+1"],"relics":["Unceasing Top","TungstenRod","Gatherer:FlyingFruit","Medical Kit","Dream Catcher","Happy Flower","Boot","Astrolabe","Red Mask","Nloth\u0027s Gift","Toy Ornithopter","Orichalcum","Letter Opener","Gremlin Horn","Velvet Choker","Akabeko","Frozen Egg 2","Bird Faced Urn","TheAbacus","Molten Egg 2","MealTicket","Gatherer:MistGenerator","Toxic Egg 2"],"acts_visited":["Exordium","TheCity","TheBeyond"],"potions_floor_usage":[16,48,50],"damage_taken":[{"damage":0,"enemies":"Small Slimes","floor":1,"turns":2},{"damage":0,"enemies":"2 Louse","floor":6,"turns":2},{"damage":0,"enemies":"Cultist","floor":7,"turns":2},{"damage":0,"enemies":"The Guardian","floor":16,"turns":4},{"damage":1,"enemies":"Shell Parasite","floor":18,"turns":4},{"damage":0,"enemies":"Masked Bandits","floor":19,"turns":2},{"damage":0,"enemies":"2 Thieves","floor":27,"turns":3},{"damage":0,"enemies":"Shelled Parasite and Fungi","floor":29,"turns":3},{"damage":0,"enemies":"Snecko","floor":31,"turns":3},{"damage":9,"enemies":"Collector","floor":33,"turns":4},{"damage":0,"enemies":"3 Shapes","floor":35,"turns":3},{"damage":0,"enemies":"Orb Walker","floor":36,"turns":2},{"damage":0,"enemies":"Giant Head","floor":46,"turns":4},{"damage":0,"enemies":"Transient","floor":48,"turns":5},{"damage":49,"enemies":"Donu and Deca","floor":50,"turns":6}],"seed_played":"-229582236425770527","potions_obtained":[{"floor":6,"key":"DistilledChaos"},{"floor":16,"key":"BlessingOfTheForge"},{"floor":31,"key":"SmokeBomb"},{"floor":33,"key":"Weak Potion"},{"floor":46,"key":"SkillPotion"}],"is_trial":true,"path_per_floor":["M","?","?","$","?","M","M","R","T","R","R","R","R","?","R","B",null,"M","?","?","?","$","R","R","R","T","M","R","M","R","M","R","B",null,"M","M","?","$","$","R","R","?","T","$","R","E","R","M","R","B",null],"character_chosen":"THE_GATHERER","items_purchased":["Bane","Medical Kit","Footwork","Calculated Gamble","Gatherer:RecoveryHerb","Bird Faced Urn","TheAbacus","Gatherer:Snatch+1","MealTicket"],"campfire_rested":1,"item_purchase_floors":[4,4,22,22,38,38,38,44,44],"current_hp_per_floor":[72,55,45,45,45,45,45,45,45,45,45,45,45,45,45,49,76,75,75,75,75,75,75,75,75,75,75,75,75,75,75,75,66,76,80,80,80,80,80,80,80,80,80,80,80,80,80,80,80,43],"gold":103,"neow_bonus":"","is_daily":false,"chose_seed":false,"campfire_upgraded":16,"win_rate":0.0,"timestamp":1614240570,"path_taken":["M","?","?","$","?","M","?","R","T","R","R","R","R","?","R","BOSS","M","?","?","?","$","R","R","R","T","M","R","?","R","M","R","BOSS","M","M","?","$","$","R","R","?","T","$","R","E","R","M","R","BOSS"],"items_purchased_type":["Card","Relic","Card","Card","Card","Relic","Relic","Card","Relic"],"build_version":"2020-12-13","purchased_purges":0,"victory":true,"max_hp_per_floor":[72,72,72,72,72,72,72,72,72,72,72,72,72,72,72,76,76,76,76,76,76,76,76,76,76,76,76,76,76,76,76,76,76,76,80,80,80,80,80,80,80,80,80,80,80,80,80,80,80,80],"card_choices":[{"not_picked":["Glass Knife","A Thousand Cuts"],"picked":"Gatherer:PoisonMastery","floor":16},{"not_picked":["PiercingWail","Gatherer:AromaProtection+1"],"picked":"Acrobatics+1","floor":19},{"not_picked":["Night Terror","Phantasmal Killer"],"picked":"Tools of the Trade","floor":33},{"not_picked":["Terror","Tactician"],"picked":"Gatherer:Overflowing","floor":46}],"player_experience":304316,"relics_obtained":[{"floor":1,"key":"Gatherer:FlyingFruit"},{"floor":6,"key":"Dream Catcher"},{"floor":7,"key":"Happy Flower"},{"floor":9,"key":"Boot"},{"floor":18,"key":"War Paint"},{"floor":19,"key":"Red Mask"},{"floor":26,"key":"Toy Ornithopter"},{"floor":27,"key":"Orichalcum"},{"floor":29,"key":"Letter Opener"},{"floor":31,"key":"Gremlin Horn"},{"floor":35,"key":"Akabeko"},{"floor":36,"key":"Frozen Egg 2"},{"floor":43,"key":"Molten Egg 2"},{"floor":46,"key":"Gatherer:MistGenerator"},{"floor":48,"key":"Toxic Egg 2"}],"event_choices":[{"damage_healed":0,"gold_gain":0,"player_choice":"Take Damage","damage_taken":18,"relics_obtained":["Golden Idol"],"max_hp_gain":0,"max_hp_loss":0,"event_name":"Golden Idol","floor":2,"gold_loss":0},{"damage_healed":0,"gold_gain":75,"player_choice":"Gather Gold","damage_taken":11,"max_hp_gain":0,"max_hp_loss":0,"event_name":"World of Goop","floor":3,"gold_loss":0},{"damage_healed":0,"gold_gain":0,"cards_transformed":["Gatherer:Snatch"],"player_choice":"Transformed","damage_taken":0,"max_hp_gain":0,"max_hp_loss":0,"event_name":"Transmorgrifier","floor":5,"gold_loss":0,"cards_obtained":["Bane"]},{"damage_healed":0,"gold_gain":0,"player_choice":"Ignored","damage_taken":0,"max_hp_gain":0,"max_hp_loss":0,"event_name":"Liars Game","floor":14,"gold_loss":0},{"damage_healed":0,"gold_gain":0,"player_choice":"Fought Bandits","damage_taken":0,"max_hp_gain":0,"max_hp_loss":0,"event_name":"Masked Bandits","floor":19,"gold_loss":0},{"damage_healed":0,"gold_gain":0,"player_choice":"Read","damage_taken":0,"max_hp_gain":0,"max_hp_loss":0,"event_name":"The Library","floor":20,"gold_loss":0,"cards_obtained":["Gatherer:FragileHammer"]},{"damage_healed":0,"gold_gain":0,"player_choice":"Traded Relic","damage_taken":0,"relics_obtained":["Nloth\u0027s Gift"],"max_hp_gain":0,"max_hp_loss":0,"event_name":"N\u0027loth","floor":21,"relics_lost":["War Paint"],"gold_loss":0},{"damage_healed":0,"gold_gain":333,"player_choice":"Gave Idol","damage_taken":0,"max_hp_gain":0,"max_hp_loss":0,"event_name":"The Moai Head","floor":37,"relics_lost":["Golden Idol"],"gold_loss":0},{"damage_healed":0,"gold_gain":0,"player_choice":"Forge","damage_taken":0,"max_hp_gain":0,"max_hp_loss":0,"event_name":"Accursed Blacksmith","floor":42,"gold_loss":0,"cards_upgraded":["Acrobatics"]}],"is_beta":false,"boss_relics":[{"not_picked":["Fusion Hammer","Empty Cage"],"picked":"Astrolabe"},{"not_picked":["Runic Pyramid","Gatherer:ExplorersPath"],"picked":"Velvet Choker"}],"items_purged_floors":[],"is_endless":false,"potions_floor_spawned":[6,16,31,33,46],"ascension_level":0}}