{"host":"6q9h3h73mwjrc2ra","time":1614248577,"event":{"mods":["AchievementEnabler","Act Like it!","BaseMod","BetterRewards","Colored Map","Colored Powertips","DeckTracker","Keyboard Shortcuts","Minty Spire (QoL Compilation)","Permanent Neow","Replay The Spire","Ruina","Shop Mod","StSLib","SuperFastMode"],"gold_per_floor":[118,68,88,88,88,88,88,116,116,142,3,3,3,3,3,3,3,3,3,19,54,80,80,182,182,194,194,58,72,72,72,72,105,105,135,135,67,86,120,120,223,223,241,51,102,0,20,54,54,104,130,130,230,230,265,278,278,278],"floor_reached":59,"language":"KOR","playtime":4217,"items_purged":["Twin Strike"],"score":832,"play_id":"03bbefca-13f2-418c-a934-33a8f4646fe3","local_time":"20210225192257","daily_mods":["Draft","Heirloom","Flight"],"is_ascension_mode":true,"campfire_choices":[{"data":"Entrench","floor":6,"key":"SMITH"},{"data":"Body Slam","floor":7,"key":"SMITH"},{"floor":23,"key":"DIG"},{"data":"Sentinel","floor":31,"key":"SMITH"},{"data":"Body Slam","floor":32,"key":"SMITH"},{"floor":40,"key":"DIG"},{"data":"ruina:HomingInstinct","floor":49,"key":"SMITH"},{"data":"Barricade","floor":52,"key":"SMITH"},{"data":"Entrench","floor":52,"key":"SMITH"},{"data":"Impervious","floor":54,"key":"SMITH"},{"data":"ReplayTheSpireMod:Private Reserves","floor":54,"key":"SMITH"},{"data":"ReplayTheSpireMod:Stacked","floor":57,"key":"SMITH"},{"data":"Flame Barrier","floor":57,"key":"SMITH"}],"circlet_count":0,"master_deck":["Demon Form","Echo Form","DevaForm","Flex","Cleave","Body Slam+1","Shrug It Off","Thunderclap","Anger","Pommel Strike","Armaments+1","Body Slam+1","Ghostly Armor","Ghostly Armor","Shrug It Off","Entrench+1","Evolve","Massacre","Flame Barrier+1","Decay","ReplayTheSpireMod:Stacked+1","Shrug It Off","ReplayTheSpireMod:Private Reserves+1","Sentinel+1","Warcry","Dual Wield","ruina:Smile","Juggernaut","Armaments+1","ruina:HomingInstinct+1","Havoc+1","Barricade+1","Reaper","Impervious+1","Entrench+1","Ghostly Armor+1"],"relics":["Burning Blood","Ice Cream","Bottled Lightning","Counterbalance","Replay:WaspNest","Blood Vial","Divine Protection","Runic Pyramid","MerchantsRug","Replay:Baseball","Mirror","Replay:Mystery Machine","Turnip","Bag of Marbles","Replay:Bronze Core","Champion Belt","Red Mask","Anchor","Replay:Arrowhead","Orichalcum","Pen Nib"],"acts_visited":["ruina:Briah","TheBeyond"],"potions_floor_usage":[22,24,33,58],"damage_taken":[{"damage":1,"enemies":"Jaw Worm","floor":1,"turns":4},{"damage":0,"enemies":"Small Slimes","floor":3,"turns":3},{"damage":2,"enemies":"Lagavulin","floor":8,"turns":5},{"damage":21,"enemies":"3 Sentries","floor":10,"turns":7},{"damage":9,"enemies":"Cultist","floor":20,"turns":4},{"damage":2,"enemies":"Lagavulin","floor":21,"turns":6},{"damage":0,"enemies":"Replay:BlueRogue","floor":22,"turns":6},{"damage":19,"enemies":"Slime Boss","floor":24,"turns":8},{"damage":24,"enemies":"ruina:3_Bats","floor":26,"turns":5},{"damage":0,"enemies":"ruina:BadWolf","floor":29,"turns":5},{"damage":10,"enemies":"ruina:Mountain","floor":33,"turns":7},{"damage":0,"enemies":"ruina:RoadHome","floor":35,"turns":3},{"damage":2,"enemies":"ruina:KingOfGreed","floor":38,"turns":3},{"damage":3,"enemies":"ruina:Mountain","floor":39,"turns":7},{"damage":19,"enemies":"ruina:Red_and_Wolf","floor":41,"turns":10},{"damage":0,"enemies":"Orb Walker","floor":43,"turns":4},{"damage":27,"enemies":"2 Orb Walkers","floor":45,"turns":5},{"damage":0,"enemies":"3 Shapes","floor":47,"turns":3},{"damage":0,"enemies":"Nemesis","floor":48,"turns":5},{"damage":0,"enemies":"Mind Bloom Boss Battle","floor":50,"turns":4},{"damage":0,"enemies":"R_Hoarder","floor":55,"turns":5},{"damage":0,"enemies":"Maw","floor":56,"turns":4},{"damage":0,"enemies":"Replay:Hell Engine","floor":58,"turns":8}],"seed_played":"-5067981094356982427","potions_obtained":[{"floor":1,"key":"BloodPotion"},{"floor":20,"key":"FearPotion"},{"floor":21,"key":"SkillPotion"},{"floor":22,"key":"AttackPotion"},{"floor":24,"key":"ElixirPotion"},{"floor":29,"key":"Adrenaline Potion"},{"floor":35,"key":"SpeedPotion"},{"floor":43,"key":"Milkshake"},{"floor":50,"key":"Weak Potion"}],"is_trial":true,"path_per_floor":["M","?","M","?","?","R","R","E","T","E","$","PTL","PTL","PTL","PTL","PTL","PTL","PTL","PTL","M","E","E","R_BF","B",null,"M","?","$","M","?","R","R","E","T","E","?","$","M","E","R_BF","B",null,"M","$","?","?","M","E","R","?","T","R","?","R","E","M","R","B",null],"character_chosen":"IRONCLAD","items_purchased":["Shrug It Off","ReplayTheSpireMod:Private Reserves","MerchantsRug","Replay:Baseball","ruina:HomingInstinct","Reaper"],"campfire_rested":0,"item_purchase_floors":[11,11,28,28,37,44],"current_hp_per_floor":[80,80,80,62,62,62,62,66,66,51,51,51,51,51,51,51,51,51,51,48,52,58,58,47,80,62,62,62,70,70,70,70,68,68,76,52,52,58,63,63,52,80,80,80,66,66,74,80,80,80,80,80,80,80,80,80,80,80],"gold":278,"neow_bonus":"","is_daily":false,"chose_seed":false,"campfire_upgraded":11,"win_rate":0.0,"timestamp":1614248577,"path_taken":["M","?","M","?","?","R","R","E","T","E","$","PTL","PTL","PTL","PTL","PTL","PTL","PTL","PTL","?","E","E","R_BF","BOSS","M","?","$","M","?","R","R","E","T","E","?","$","?","E","R_BF","BOSS","M","$","?","?","M","E","R","?","T","R","?","R","E","?","R","BOSS"],"items_purchased_type":["Card","Card","Relic","Relic","Card","Card"],"build_version":"2020-12-22","purchased_purges":1,"victory":true,"max_hp_per_floor":[80,80,80,80,80,80,80,80,80,80,80,80,80,80,80,80,80,80,80,80,80,80,80,80,80,80,80,80,80,80,80,80,80,80,80,80,80,80,80,80,80,80,80,80,80,80,80,80,80,80,80,80,80,80,80,80,80,80],"card_choices":[{"not_picked":["Power Through","Warcry"],"picked":"Flex","floor":0},{"not_picked":["ReplayTheSpireMod:Strike From Hell","Flex"],"picked":"Cleave","floor":0},{"not_picked":["Clothesline","Sword Boomerang"],"picked":"Body Slam","floor":0},{"not_picked":["Dropkick","Thunderclap"],"picked":"Shrug It Off","floor":0},{"not_picked":["Fire Breathing","Sever Soul"],"picked":"Thunderclap","floor":0},{"not_picked":["Run Through","Iron Wave"],"picked":"Anger","floor":0},{"not_picked":["Heavy Blade","True Grit"],"picked":"Pommel Strike","floor":0},{"not_picked":["Blood for Blood","Whirlwind"],"picked":"Armaments","floor":0},{"not_picked":["Heavy Blade","Headbutt"],"picked":"Body Slam","floor":0},{"not_picked":["Cleave","ReplayTheSpireMod:Muscle Training"],"picked":"Ghostly Armor","floor":0},{"not_picked":["Wild Strike","Run Through"],"picked":"Twin Strike","floor":0},{"not_picked":["Searing Blow","Pommel Strike"],"picked":"Ghostly Armor","floor":0},{"not_picked":["Sever Soul","Body Slam"],"picked":"Shrug It Off","floor":0},{"not_picked":["Spot Weakness","Heavy Blade"],"picked":"Entrench","floor":0},{"not_picked":["ReplayTheSpireMod:LeadingStrike","Shockwave"],"picked":"Evolve","floor":0},{"not_picked":["Clothesline","Heavy Blade"],"picked":"Massacre","floor":1},{"not_picked":["Rampage","Entrench"],"picked":"Flame Barrier","floor":3},{"not_picked":["Searing Blow","ReplayTheSpireMod:Strike From Hell"],"picked":"ReplayTheSpireMod:Stacked","floor":8},{"not_picked":["Massacre","Warcry","Clash"],"picked":"SKIP","floor":10},{"not_picked":["Flex","Perfected Strike"],"picked":"Sentinel","floor":20},{"not_picked":["Uppercut","Twin Strike"],"picked":"Warcry","floor":21},{"not_picked":["ReplayTheSpireMod:Strike From Hell","ReplayTheSpireMod:LeadingStrike"],"picked":"Dual Wield","floor":22},{"not_picked":["Combust","Anger","Run Through"],"picked":"SKIP","floor":26},{"not_picked":["Twin Strike","Headbutt","Shrug It Off"],"picked":"SKIP","floor":29},{"not_picked":["Shrug It Off","Clash","Body Slam"],"picked":"SKIP","floor":33},{"not_picked":["Anger+1","Infernal Blade"],"picked":"Juggernaut","floor":35},{"not_picked":["Massacre","ReplayTheSpireMod:Strike From Hell"],"picked":"Havoc+1","floor":38},{"not_picked":["Dropkick","Double Tap","Replay:Undeath\u0027s Touch"],"picked":"SKIP","floor":39},{"not_picked":["Replay:Many Hands","Double Tap"],"picked":"Barricade","floor":41},{"not_picked":["Massacre","Wild Strike","Headbutt+1"],"picked":"SKIP","floor":43},{"not_picked":["Life Link+1","Rampage","Heavy Blade"],"picked":"SKIP","floor":47},{"not_picked":["Havoc","Run Through"],"picked":"Impervious","floor":48},{"not_picked":["Thunderclap+1","Heavy Blade"],"picked":"Entrench","floor":50},{"not_picked":["Warcry+1","Rampage"],"picked":"Ghostly Armor+1","floor":55},{"not_picked":["Heavy Blade","Cleave","Clash"],"picked":"SKIP","floor":56}],"player_experience":97947,"relics_obtained":[{"floor":8,"key":"Unceasing Top"},{"floor":9,"key":"Bottled Lightning"},{"floor":10,"key":"Counterbalance"},{"floor":21,"key":"Replay:WaspNest"},{"floor":22,"key":"Blood Vial"},{"floor":23,"key":"Divine Protection"},{"floor":33,"key":"Replay:Accelerometer"},{"floor":34,"key":"Mirror"},{"floor":35,"key":"Replay:Mystery Machine"},{"floor":39,"key":"Turnip"},{"floor":40,"key":"Bag of Marbles"},{"floor":45,"key":"Champion Belt"},{"floor":48,"key":"Anchor"},{"floor":50,"key":"Replay:Arrowhead"},{"floor":51,"key":"Orichalcum"},{"floor":55,"key":"Pen Nib"}],"event_choices":[{"cards_removed":["Wraith Form v2"],"damage_healed":0,"gold_gain":0,"player_choice":"Card Removal","damage_taken":0,"max_hp_gain":0,"max_hp_loss":0,"event_name":"The Cleric","floor":2,"gold_loss":50},{"damage_healed":0,"gold_gain":0,"player_choice":"Success","damage_taken":18,"relics_obtained":["Ice Cream"],"max_hp_gain":0,"max_hp_loss":0,"event_name":"Scrap Ooze","floor":4,"gold_loss":0},{"damage_healed":0,"gold_gain":0,"player_choice":"Cursed","damage_taken":0,"max_hp_gain":0,"max_hp_loss":0,"event_name":"Wheel of Change","floor":5,"gold_loss":0,"cards_obtained":["Decay"]},{"damage_healed":0,"gold_gain":0,"player_choice":"Fight","damage_taken":0,"max_hp_gain":0,"max_hp_loss":0,"event_name":"Mysterious Sphere","floor":45,"gold_loss":0},{"damage_healed":0,"gold_gain":0,"player_choice":"Paid","damage_taken":0,"relics_obtained":["Red Mask"],"max_hp_gain":0,"max_hp_loss":0,"event_name":"Tomb of Lord Red Mask","floor":46,"gold_loss":102},{"damage_healed":0,"gold_gain":0,"player_choice":"Fight","damage_taken":0,"max_hp_gain":0,"max_hp_loss":0,"event_name":"MindBloom","floor":50,"gold_loss":0},{"damage_healed":0,"gold_gain":100,"player_choice":"Pray","damage_taken":0,"max_hp_gain":0,"max_hp_loss":0,"event_name":"Golden Shrine","floor":53,"gold_loss":0}],"is_beta":false,"boss_relics":[{"not_picked":["Snecko Eye","Black Blood"],"picked":"Runic Pyramid"},{"not_picked":["Ring of Chaos","SacredBark"],"picked":"Replay:Bronze Core"}],"items_purged_floors":[44],"is_endless":false,"potions_floor_spawned":[1,20,21,22,24,29,35,43,50],"ascension_level":1}}