{"host":"kh6fvhxn285ncg0o","time":1614246661,"event":{"mods":["Act Like it!","BaseMod","Colored Map","Friendly Minions","Keyboard Shortcuts","Minty Spire (QoL Compilation)","Quick Restart","Relic Stats","StSLib","SuperFastMode","UnlockEverythingMod"],"gold_per_floor":[111,111,111,134,152,193,214,214,214,214,214],"floor_reached":10,"language":"KOR","playtime":241,"items_purged":[],"score":136,"play_id":"8ee88fc9-e7b9-46e6-8e73-22df7f2cc710","local_time":"20210225185101","is_ascension_mode":true,"campfire_choices":[],"circlet_count":0,"master_deck":["AscendersBane","Strike_R","Strike_R","Strike_R","Strike_R","Defend_R","Defend_R","Defend_R","Defend_R","Bash","Headbutt","Flame Barrier","Feel No Pain"],"relics":["Snecko Eye","Golden Idol","HornCleat","Molten Egg 2","Pear"],"acts_visited":["Exordium"],"potions_floor_usage":[6],"damage_taken":[{"damage":1,"enemies":"Small Slimes","floor":1,"turns":3},{"damage":12,"enemies":"Jaw Worm","floor":4,"turns":3},{"damage":0,"enemies":"Cultist","floor":5,"turns":3},{"damage":30,"enemies":"3 Sentries","floor":6,"turns":11},{"damage":0,"enemies":"2 Fungi Beasts","floor":7,"turns":2},{"damage":38,"enemies":"Lagavulin","floor":10,"turns":6}],"seed_played":"-2015971727962317947","potions_obtained":[{"floor":1,"key":"LiquidMemories"}],"is_trial":false,"path_per_floor":["M","?","?","M","M","E","M","?","T","E"],"character_chosen":"IRONCLAD","items_purchased":[],"campfire_rested":0,"item_purchase_floors":[],"current_hp_per_floor":[67,67,67,55,55,25,25,18,28,0,0],"gold":214,"neow_bonus":"BOSS_RELIC","is_daily":false,"chose_seed":false,"campfire_upgraded":0,"win_rate":0.0,"timestamp":1614246661,"path_taken":["M","?","?","?","M","E","M","?","T","E"],"items_purchased_type":[],"build_version":"2020-12-22","purchased_purges":0,"victory":false,"max_hp_per_floor":[75,68,68,68,68,68,68,68,78,78,78],"relic_stats":{"counters":[6,28],"Golden Idol":21,"Snecko Eye":[50,27,38,51],"obtain_stats":[{"HornCleat":3,"Pear":9,"Golden Idol":2,"Snecko Eye":0,"Molten Egg 2":6,"Burning Blood":0},{"HornCleat":1,"Pear":5,"Golden Idol":1,"Snecko Eye":0,"Molten Egg 2":4,"Burning Blood":0},{"HornCleat":3,"Pear":22,"Golden Idol":3,"Snecko Eye":0,"Molten Egg 2":20,"Burning Blood":0}]},"card_choices":[{"not_picked":["Spot Weakness","Perfected Strike"],"picked":"Armaments","floor":1},{"not_picked":["Combust","Twin Strike"],"picked":"Headbutt","floor":5},{"not_picked":["Pommel Strike+1","True Grit"],"picked":"Flame Barrier","floor":6},{"not_picked":["Reckless Charge+1","Clash+1"],"picked":"Feel No Pain","floor":7}],"player_experience":1530208,"relics_obtained":[{"floor":6,"key":"Molten Egg 2"},{"floor":9,"key":"Pear"}],"event_choices":[{"damage_healed":0,"gold_gain":0,"player_choice":"Lose Max HP","damage_taken":0,"relics_obtained":["Golden Idol"],"max_hp_gain":0,"max_hp_loss":7,"event_name":"Golden Idol","floor":2,"gold_loss":0},{"cards_removed":["Armaments"],"damage_healed":0,"gold_gain":0,"player_choice":"Gave Card","damage_taken":0,"relics_obtained":["HornCleat"],"max_hp_gain":0,"max_hp_loss":0,"event_name":"WeMeetAgain","floor":3,"gold_loss":0},{"cards_removed":["Strike_R"],"damage_healed":0,"gold_gain":0,"player_choice":"Card Removal","damage_taken":7,"max_hp_gain":0,"max_hp_loss":0,"event_name":"Golden Wing","floor":8,"gold_loss":0}],"is_beta":false,"boss_relics":[],"items_purged_floors":[],"is_endless":false,"potions_floor_spawned":[1],"killed_by":"Lagavulin","ascension_level":20}}