{"host":"5dk97cf2ubw2v967","time":1614258115,"event":{"mods":["AlwaysNeverKeys","BaseMod","Better Altar","Better Vampires","Block Reminder","Card Filter","Colored Powertips","Downfall","Googly Eyes","Highlight Path","Minty Spire (QoL Compilation)","Permanent Neow","Potion Indicator Mod","Quick Restart","Relic Filter","Relic Stats","Say the Spire","Spicy Shops","StSLib","Waifu the Spire","everything is the same but u backflip on backflip"],"gold_per_floor":[16,36,36,36,36,64,64,89,113,113,113,113,143,143,143,143,143],"floor_reached":16,"language":"ENG","playtime":680,"items_purged":[],"score":228,"play_id":"d1f18e03-f379-4174-8f3b-b38967d8cc02","local_time":"20210225130155","is_ascension_mode":true,"campfire_choices":[{"data":"Quick Slash","floor":7,"key":"SMITH"},{"floor":10,"key":"REST"},{"data":"Endless Agony","floor":12,"key":"SMITH"},{"data":"Blur","floor":15,"key":"SMITH"}],"circlet_count":0,"master_deck":["AscendersBane","Strike_G","Strike_G","Strike_G","Strike_G","Defend_G","Defend_G","Defend_G","Defend_G","Survivor","Neutralize","Endless Agony+1","Slice","Quick Slash+1","Deflect","Blur+1"],"relics":["Ring of the Snake","Sundial","Art of War","Juzu Bracelet","Smiling Mask","Meat on the Bone","Letter Opener"],"acts_visited":["Exordium"],"potions_floor_usage":[6,13],"damage_taken":[{"damage":0,"enemies":"2 Louse","floor":1,"turns":3},{"damage":1,"enemies":"Cultist","floor":2,"turns":4},{"damage":32,"enemies":"3 Sentries","floor":6,"turns":15},{"damage":30,"enemies":"Gremlin Nob","floor":8,"turns":4},{"damage":24,"enemies":"3 Sentries","floor":13,"turns":9},{"damage":32,"enemies":"The Guardian","floor":16,"turns":11}],"seed_played":"1973419388260166498","potions_obtained":[{"floor":1,"key":"SkillPotion"},{"floor":8,"key":"Regen Potion"}],"is_trial":false,"path_per_floor":["M","M","?","$","T","E","R","E","T","R","?","R","E","?","R","B"],"character_chosen":"THE_SILENT","items_purchased":[],"campfire_rested":1,"item_purchase_floors":[],"current_hp_per_floor":[59,58,66,66,66,34,34,4,4,23,45,45,36,31,31,0,0],"gold":143,"neow_bonus":"REMOVE_TWO","is_daily":false,"chose_seed":false,"campfire_upgraded":3,"win_rate":0.0,"timestamp":1614258115,"path_taken":["M","M","?","?","?","E","R","E","T","R","?","R","E","?","R","BOSS"],"items_purchased_type":[],"build_version":"2020-12-22","purchased_purges":0,"victory":false,"max_hp_per_floor":[66,66,66,66,66,66,66,66,66,66,66,66,66,66,66,66,66],"relic_stats":{"counters":[6,46],"Sundial":[8],"Art of War":[1],"Juzu Bracelet":1,"Letter Opener":[15],"Smiling Mask":0,"obtain_stats":[{"Sundial":5,"Art of War":6,"Juzu Bracelet":8,"Letter Opener":14,"Smiling Mask":9,"Ring of the Snake":0,"Meat on the Bone":13},{"Sundial":2,"Art of War":3,"Juzu Bracelet":4,"Letter Opener":5,"Smiling Mask":4,"Ring of the Snake":0,"Meat on the Bone":5},{"Sundial":7,"Art of War":22,"Juzu Bracelet":26,"Letter Opener":35,"Smiling Mask":26,"Ring of the Snake":0,"Meat on the Bone":35}],"Ring of the Snake":[12],"Meat on the Bone":0},"card_choices":[{"not_picked":["Blur","Noxious Fumes"],"picked":"Endless Agony","floor":1},{"not_picked":["Dagger Spray","Poisoned Stab"],"picked":"Slice","floor":2},{"not_picked":["Dagger Spray","Blade Dance"],"picked":"Quick Slash","floor":6},{"not_picked":["Backflip","Dodge and Roll"],"picked":"Deflect","floor":8},{"not_picked":["Deadly Poison","Cloak And Dagger"],"picked":"Blur","floor":13}],"player_experience":1354201,"relics_obtained":[{"floor":5,"key":"Sundial"},{"floor":6,"key":"Art of War"},{"floor":8,"key":"Juzu Bracelet"},{"floor":9,"key":"Smiling Mask"},{"floor":13,"key":"Meat on the Bone"}],"event_choices":[{"damage_healed":8,"gold_gain":0,"player_choice":"Full Heal","damage_taken":0,"max_hp_gain":0,"max_hp_loss":0,"event_name":"Wheel of Change","floor":3,"gold_loss":0},{"damage_healed":22,"gold_gain":0,"player_choice":"Banana","damage_taken":0,"max_hp_gain":0,"max_hp_loss":0,"event_name":"Big Fish","floor":11,"gold_loss":0},{"damage_healed":0,"gold_gain":0,"player_choice":"Success","damage_taken":5,"relics_obtained":["Letter Opener"],"max_hp_gain":0,"max_hp_loss":0,"event_name":"Scrap Ooze","floor":14,"gold_loss":0}],"is_beta":false,"boss_relics":[],"items_purged_floors":[],"is_endless":false,"potions_floor_spawned":[1,8],"killed_by":"The Guardian","ascension_level":20}}