{"host":"tq99ucv8ezzqzioe","time":1614268375,"event":{"mods":["BaseMod","Colored Map","Downfall","Highlight Path","Minty Spire (QoL Compilation)","StSLib"],"gold_per_floor":[117,2,20,32,44,44,71,71,123,23,43,43,71,19,19,115,115,128,128,128,3,102,102,127,127,127,159,159,159],"floor_reached":28,"language":"ENG","playtime":1687,"items_purged":["Strike_P","Strike_P","Strike_P"],"score":427,"play_id":"472a37c0-7d77-47e1-a700-6195eacaf615","local_time":"20210225105255","is_ascension_mode":true,"campfire_choices":[{"floor":6,"key":"RECALL"},{"data":"LikeWater","floor":8,"key":"SMITH"},{"data":"Vigilance","floor":12,"key":"SMITH"},{"data":"Collect","floor":15,"key":"SMITH"},{"data":"SignatureMove","floor":23,"key":"SMITH"}],"circlet_count":0,"master_deck":["Strike_P","Defend_P","Defend_P","Defend_P","Defend_P","Eruption","Vigilance+1","PathToVictory","SignatureMove+1","LikeWater+1","Protect","PathToVictory","PathToVictory","Collect+1","PathToVictory","DeusExMachina","PathToVictory","Writhe"],"relics":["PureWater","NeowsBlessing","Shuriken","PreservedInsect","Orichalcum","Sozu","Potion Belt","Nunchaku","WingedGreaves"],"acts_visited":["Exordium","TheCity"],"potions_floor_usage":[7,7,16,28],"damage_taken":[{"damage":0,"enemies":"Small Slimes","floor":1,"turns":2},{"damage":0,"enemies":"Jaw Worm","floor":3,"turns":1},{"damage":0,"enemies":"2 Louse","floor":4,"turns":1},{"damage":0,"enemies":"Large Slime","floor":5,"turns":6},{"damage":0,"enemies":"Gremlin Nob","floor":7,"turns":2},{"damage":3,"enemies":"Blue Slaver","floor":11,"turns":2},{"damage":3,"enemies":"3 Sentries","floor":13,"turns":5},{"damage":1,"enemies":"Hexaghost","floor":16,"turns":7},{"damage":8,"enemies":"Shell Parasite","floor":18,"turns":4},{"damage":13,"enemies":"Book of Stabbing","floor":24,"turns":4},{"damage":33,"enemies":"Gremlin Leader","floor":27,"turns":3},{"damage":20,"enemies":"Colosseum Slavers","floor":28,"turns":2}],"seed_played":"4966343868802934775","potions_obtained":[{"floor":3,"key":"AttackPotion"},{"floor":5,"key":"DuplicationPotion"},{"floor":7,"key":"SkillPotion"},{"floor":13,"key":"BlessingOfTheForge"}],"is_trial":false,"path_per_floor":["M","$","M","M","M","R","E","R","T","$","M","R","E","$","R","B",null,"M","?","?","$","?","R","E","?","T","E","?"],"character_chosen":"WATCHER","items_purchased":["SignatureMove","PathToVictory"],"campfire_rested":0,"item_purchase_floors":[2,14],"current_hp_per_floor":[65,65,65,65,65,65,65,65,65,65,62,62,59,59,59,58,69,61,61,61,61,61,61,48,48,48,15,0,0],"gold":159,"neow_bonus":"THREE_ENEMY_KILL","is_daily":false,"chose_seed":false,"campfire_upgraded":4,"win_rate":0.0,"timestamp":1614268375,"path_taken":["M","$","M","M","M","R","E","R","T","$","M","R","E","$","R","BOSS","M","?","?","$","?","R","E","?","T","E","?"],"items_purchased_type":["Card","Card"],"build_version":"2020-12-22","purchased_purges":3,"victory":false,"max_hp_per_floor":[72,72,72,72,72,72,72,72,72,72,72,72,72,72,72,72,72,72,72,72,72,72,72,72,72,72,72,72,72],"card_choices":[{"not_picked":["Crescendo","Halt"],"picked":"PathToVictory","floor":1},{"not_picked":["Protect","CrushJoints"],"picked":"LikeWater","floor":3},{"not_picked":["FollowUp","Wallop"],"picked":"Protect","floor":4},{"not_picked":["Nirvana","ForeignInfluence"],"picked":"PathToVictory","floor":5},{"not_picked":["Sanctity","Crescendo"],"picked":"PathToVictory","floor":7},{"not_picked":["LessonLearned","Meditate"],"picked":"Collect","floor":11},{"not_picked":["Crescendo","Indignation","Consecrate"],"picked":"SKIP","floor":13},{"not_picked":["Devotion","Brilliance"],"picked":"DeusExMachina","floor":16},{"not_picked":["CarveReality","Halt","SandsOfTime"],"picked":"SKIP","floor":18},{"not_picked":["Wallop","ForeignInfluence"],"picked":"PathToVictory","floor":24},{"not_picked":["EmptyBody","Adaptation+1","Collect"],"picked":"SKIP","floor":27}],"player_experience":1046484,"relics_obtained":[{"floor":7,"key":"Shuriken"},{"floor":9,"key":"PreservedInsect"},{"floor":13,"key":"Orichalcum"},{"floor":24,"key":"Potion Belt"},{"floor":27,"key":"WingedGreaves"}],"event_choices":[{"damage_healed":0,"gold_gain":0,"player_choice":"Ignored","damage_taken":0,"max_hp_gain":0,"max_hp_loss":0,"event_name":"Vampires","floor":20,"gold_loss":0},{"damage_healed":0,"gold_gain":99,"player_choice":"Stole From Cult","damage_taken":0,"max_hp_gain":0,"max_hp_loss":0,"event_name":"Nest","floor":22,"gold_loss":0},{"damage_healed":0,"gold_gain":0,"player_choice":"Opened","damage_taken":0,"relics_obtained":["Nunchaku"],"max_hp_gain":0,"max_hp_loss":0,"event_name":"The Mausoleum","floor":25,"gold_loss":0,"cards_obtained":["Writhe"]},{"damage_healed":0,"gold_gain":0,"player_choice":"Fight","damage_taken":0,"max_hp_gain":0,"max_hp_loss":0,"event_name":"Colosseum","floor":28,"gold_loss":0}],"is_beta":false,"boss_relics":[{"not_picked":["Black Star","Cursed Key"],"picked":"Sozu"}],"items_purged_floors":[2,10,21],"is_endless":false,"potions_floor_spawned":[3,5,7,13,18,24],"killed_by":"Colosseum Slavers","ascension_level":8}}