{"host":"ggy1mjjy92c62u6a","time":1614257810,"event":{"mods":["10 clothes from DAL","ATMod(阿瑾Mod)","Act Like it!","BaseMod","Colored Powertips","GifTheSpireLib","Infinite Spire","Library of Ruina","Library of Ruina Extra","Lobotomy","LobotomyExtend","Marisa（F雨　魔理沙）","Minty Spire (QoL Compilation)","Quick Restart","Relic Filter Mod","Relic Stats","Reliquary","Remilia（蕾米莉亚）","Replay The Spire","RumiaBox-露米娅的神秘盒子","Shop Mod","Spicy Shops","StSLib","SuperFastMode","Youmu（魂魄妖梦）","[功能]功能增强和修复MOD","【功能Mod】混沌之环修复补丁","【遗物Mod】死灵法师NEW","【遗物卡牌】REMEMod"],"gold_per_floor":[116,116,128,14,14,14,75,87,87,87,87,87,87,79,79,176,176,176,176],"floor_reached":18,"language":"ZHS","playtime":441,"items_purged":[],"score":198,"play_id":"ccd49078-9588-409c-815b-6c8a02a24c73","local_time":"20210225205650","is_ascension_mode":false,"campfire_choices":[{"data":"MysteriousBeam","floor":6.0,"key":"SMITH"},{"data":"EventHorizon","floor":11.0,"key":"SMITH"},{"data":"Singularity","floor":13.0,"key":"SMITH"},{"data":"MilkyWay","floor":15.0,"key":"SMITH"}],"circlet_count":0,"master_deck":["Strike_MRS","Strike_MRS","Defend_MRS","Defend_MRS+1","Defend_MRS+1","Defend_MRS","MasterSpark","UpSweep","Requiem","AT_ShadowStep","StarDustReverie","IllusionStar","MysteriousBeam+1","EventHorizon+1","MilkyWay+1","Singularity+1","Machine Learning","AbeCurse"],"relics":["REME_ComplimentaryCards","AT_ATBox","CogitoBucket","Baka","LetterFromLob","MoreBug","MoreBug","reliquary:Knoch","Simple Rune","m_SpellCore","Darkstone Periapt","Abe\u0027s Treasure"],"acts_visited":["TheCity"],"potions_floor_usage":[],"damage_taken":[{"damage":7.0,"enemies":"2 Louse","floor":1.0,"turns":3.0},{"damage":6.0,"enemies":"Cultist","floor":3.0,"turns":3.0},{"damage":19.0,"enemies":"Gremlin Nob","floor":7.0,"turns":4.0},{"damage":12.0,"enemies":"Jaw Worm","floor":8.0,"turns":2.0},{"damage":6.0,"enemies":"Looter","floor":14.0,"turns":2.0},{"damage":5.0,"enemies":"Slime Boss","floor":16.0,"turns":6.0},{"damage":0,"enemies":"Chosen","floor":18,"turns":1}],"seed_played":"-2831693599300939154","potions_obtained":[{"floor":8.0,"key":"ShroomBrew"},{"floor":16.0,"key":"Elixir"}],"is_trial":false,"path_per_floor":["M","?","M","$","?","R","?","M","T","$","R","?","R","M","R","B",null,"M"],"character_chosen":"MARISA","items_purchased":["MysteriousBeam","EventHorizon"],"campfire_rested":0,"item_purchase_floors":[4,4],"current_hp_per_floor":[68,68,62,62,55,55,42,33,33,33,33,33,33,27,27,32,81,81,81],"gold":176,"neow_bonus":"","is_daily":false,"chose_seed":false,"campfire_upgraded":4,"win_rate":0.0,"timestamp":1614257810,"path_taken":["M","?","?","$","?","R","?","M","T","?","R","?","R","M","R","BOSS","M"],"items_purchased_type":["Card","Card"],"build_version":"2020-12-22","purchased_purges":0,"victory":false,"max_hp_per_floor":[75,75,75,75,75,75,75,75,75,75,75,75,75,75,75,75,81,81,81],"relic_stats":{"Darkstone Periapt":6,"counters":[7,21],"obtain_stats":[{"MoreBug":3,"Darkstone Periapt":16,"CogitoBucket":0,"m_SpellCore":12,"AT_ATBox":0,"Simple Rune":9,"Baka":1,"LetterFromLob":1,"MiniHakkero":0,"reliquary:Knoch":7,"Abe\u0027s Treasure":17,"REME_ComplimentaryCards":0},{"MoreBug":2,"Darkstone Periapt":6,"CogitoBucket":0,"m_SpellCore":4,"AT_ATBox":0,"Simple Rune":4,"Baka":1,"LetterFromLob":1,"MiniHakkero":0,"reliquary:Knoch":2,"Abe\u0027s Treasure":6,"REME_ComplimentaryCards":0},{"MoreBug":6,"Darkstone Periapt":20,"CogitoBucket":0,"m_SpellCore":12,"AT_ATBox":0,"Simple Rune":12,"Baka":3,"LetterFromLob":3,"MiniHakkero":0,"reliquary:Knoch":6,"Abe\u0027s Treasure":20,"REME_ComplimentaryCards":0}]},"card_choices":[{"not_picked":["SporeBomb","UnstableBomb"],"picked":"StarDustReverie","floor":1.0},{"not_picked":["OortCloud","ShootingEcho"],"picked":"IllusionStar","floor":3.0},{"not_picked":["AsteroidBelt","GrandCross"],"picked":"MilkyWay","floor":7.0},{"not_picked":["DoubleSpark","UnstableBomb","SporeBomb"],"picked":"SKIP","floor":8.0},{"not_picked":["ManaConvection","Conserve Battery","DC"],"picked":"SKIP","floor":14.0},{"not_picked":["Biased Cognition","Reboot"],"picked":"Machine Learning","floor":16.0}],"player_experience":156826,"relics_obtained":[{"floor":1.0,"key":"Baka"},{"floor":1.0,"key":"LetterFromLob"},{"floor":3.0,"key":"MoreBug"},{"floor":3.0,"key":"MoreBug"},{"floor":9.0,"key":"Simple Rune"},{"floor":16.0,"key":"Darkstone Periapt"}],"event_choices":[{"cards_removed":["Strike_MRS"],"damage_healed":0.0,"max_hp_gain":0.0,"max_hp_loss":0.0,"gold_gain":0.0,"event_name":"Purifier","player_choice":"Purged","floor":2.0,"gold_loss":0.0,"damage_taken":0.0},{"cards_removed":["Strike_MRS"],"damage_healed":0.0,"max_hp_gain":0.0,"max_hp_loss":0.0,"gold_gain":0.0,"event_name":"Golden Wing","player_choice":"Card Removal","floor":5.0,"gold_loss":0.0,"damage_taken":7.0},{"damage_healed":0.0,"max_hp_gain":0.0,"max_hp_loss":0.0,"gold_gain":0.0,"event_name":"Dead Adventurer","player_choice":"Searched \u00272\u0027 times","floor":7.0,"gold_loss":0.0,"damage_taken":0.0,"relics_obtained":["reliquary:Knoch"]}],"is_beta":false,"boss_relics":[{"not_picked":["Runic Dome","Calling Bell"],"picked":"Abe\u0027s Treasure"}],"items_purged_floors":[],"is_endless":false,"potions_floor_spawned":[3,8,14,16],"killed_by":"Chosen","ascension_level":0}}