{"host":"cbu6enf2xtq4r7r3","time":1614272393,"event":{"mods":["2.2 Compatiblity","AlwaysNeverKeys","BaseMod","Better Match","Better Note","Better Sensory Stone","Better Skull","Better Third Choice","Colored Map","Colored Powertips","Defuse TimeMaze Blight","Emptier Cage","Minty Spire (QoL Compilation)","Permanent Neow","Quick Restart","Random Character Button","Relic Sorter","Reorder Act Four","Shop Mod","StSLib"],"gold_per_floor":[111,111,130,143,163,197,197,232,281,281,281,296,296,312,312,411,411,421,421,421,520,533,533,566,566,566,580,580,580,580],"floor_reached":29,"language":"ENG","playtime":830,"items_purged":[],"score":318,"play_id":"1b6710db-9833-407d-9d51-09adab63c7a8","local_time":"20210225175953","is_ascension_mode":true,"campfire_choices":[{"data":"Acrobatics","floor":7,"key":"SMITH"},{"data":"Riddle With Holes","floor":10,"key":"SMITH"},{"data":"Master of Strategy","floor":13,"key":"SMITH"},{"data":"Blade Dance","floor":15,"key":"SMITH"},{"data":"Neutralize","floor":23,"key":"SMITH"},{"data":"Skewer","floor":25,"key":"SMITH"},{"data":"Survivor","floor":28,"key":"SMITH"}],"circlet_count":0,"master_deck":["Strike_G","Strike_G","Strike_G","Strike_G","Strike_G","Defend_G","Defend_G","Defend_G","Defend_G","Defend_G","Survivor+1","Neutralize+1","Riddle With Holes+1","Skewer+1","Dagger Spray","Blade Dance+1","Acrobatics+1","Underhanded Strike","Master of Strategy+1","Caltrops+1","Tools of the Trade+1","Acrobatics+1","Quick Slash+1","Noxious Fumes+1"],"relics":["Snecko Eye","Art of War","Frozen Egg 2","Akabeko","Coffee Dripper","Snake Skull","Toy Ornithopter"],"acts_visited":["Exordium","TheCity"],"potions_floor_usage":[6,6,16,16,22,27,29],"damage_taken":[{"damage":1,"enemies":"Jaw Worm","floor":1,"turns":3},{"damage":2,"enemies":"2 Louse","floor":3,"turns":3},{"damage":0,"enemies":"Small Slimes","floor":4,"turns":3},{"damage":0,"enemies":"Blue Slaver","floor":5,"turns":3},{"damage":0,"enemies":"Gremlin Nob","floor":6,"turns":3},{"damage":14,"enemies":"3 Sentries","floor":8,"turns":7},{"damage":3,"enemies":"Lots of Slimes","floor":12,"turns":2},{"damage":0,"enemies":"Looter","floor":14,"turns":1},{"damage":43,"enemies":"The Guardian","floor":16,"turns":7},{"damage":0,"enemies":"Spheric Guardian","floor":18,"turns":1},{"damage":17,"enemies":"2 Thieves","floor":22,"turns":3},{"damage":15,"enemies":"Slavers","floor":24,"turns":4},{"damage":3,"enemies":"Centurion and Healer","floor":27,"turns":4},{"damage":0,"enemies":"Cultist and Chosen","floor":29,"turns":1}],"seed_played":"3863901590277086816","potions_obtained":[{"floor":1,"key":"Block Potion"},{"floor":3,"key":"Weak Potion"},{"floor":5,"key":"Energy Potion"},{"floor":8,"key":"Strength Potion"},{"floor":16,"key":"DistilledChaos"},{"floor":22,"key":"Block Potion"},{"floor":27,"key":"Swift Potion"}],"is_trial":false,"path_per_floor":["M","?","M","M","M","E","R","E","T","R","?","M","R","M","R","B",null,"M","?","?","?","M","R","E","R","T","M","R","M"],"character_chosen":"THE_SILENT","items_purchased":[],"campfire_rested":0,"item_purchase_floors":[],"current_hp_per_floor":[69,74,72,72,72,72,72,58,58,58,58,55,55,55,55,12,75,75,75,61,61,44,44,29,29,29,31,31,36,36],"gold":580,"neow_bonus":"BOSS_RELIC","is_daily":false,"chose_seed":false,"campfire_upgraded":7,"win_rate":0.0,"timestamp":1614272393,"path_taken":["M","?","M","M","M","E","R","E","T","R","?","M","R","M","R","BOSS","M","?","?","?","M","R","E","R","T","M","R","M"],"items_purchased_type":[],"build_version":"2020-12-22","purchased_purges":0,"victory":false,"max_hp_per_floor":[70,75,75,75,75,75,75,75,75,75,75,75,75,75,75,75,75,75,75,80,80,80,80,80,80,80,80,80,80,80],"card_choices":[{"not_picked":["Reflex","Blade Dance"],"picked":"Riddle With Holes","floor":1},{"not_picked":["Accuracy","Tactician"],"picked":"Skewer","floor":3},{"not_picked":["Outmaneuver","Deadly Poison"],"picked":"Dagger Spray","floor":4},{"not_picked":["Flying Knee","Endless Agony"],"picked":"Blade Dance","floor":5},{"not_picked":["Infinite Blades","Terror"],"picked":"Acrobatics","floor":6},{"not_picked":["Outmaneuver","Reflex"],"picked":"Underhanded Strike","floor":8},{"not_picked":["Panache+1","Madness"],"picked":"Master of Strategy","floor":11},{"not_picked":["Dodge and Roll","Deadly Poison","Catalyst"],"picked":"SKIP","floor":12},{"not_picked":["Poisoned Stab","Cloak And Dagger"],"picked":"Caltrops+1","floor":14},{"not_picked":["Storm of Steel","Corpse Explosion"],"picked":"Tools of the Trade+1","floor":16},{"not_picked":["Underhanded Strike+1","Outmaneuver"],"picked":"Acrobatics+1","floor":18},{"not_picked":["Backstab+1","Underhanded Strike+1"],"picked":"Quick Slash+1","floor":22},{"not_picked":["Cloak And Dagger","Concentrate","Setup"],"picked":"SKIP","floor":24},{"not_picked":["Blur+1","Sucker Punch"],"picked":"Noxious Fumes+1","floor":27}],"player_experience":166697,"relics_obtained":[{"floor":6,"key":"Art of War"},{"floor":8,"key":"Frozen Egg 2"},{"floor":9,"key":"Akabeko"},{"floor":24,"key":"Snake Skull"},{"floor":26,"key":"Toy Ornithopter"}],"event_choices":[{"damage_healed":0,"gold_gain":0,"player_choice":"Donut","damage_taken":0,"max_hp_gain":5,"max_hp_loss":0,"event_name":"Big Fish","floor":2,"gold_loss":0},{"damage_healed":0,"gold_gain":1,"player_choice":"1","damage_taken":0,"max_hp_gain":0,"max_hp_loss":0,"event_name":"betterStone:BetterStone","floor":11,"gold_loss":0},{"damage_healed":0,"gold_gain":0,"player_choice":"Ignored","damage_taken":0,"max_hp_gain":0,"max_hp_loss":0,"event_name":"betterNote:BetterNote","floor":19,"gold_loss":0,"cards_obtained":["White Noise"]},{"damage_healed":0,"gold_gain":0,"player_choice":"Shed Blood","damage_taken":19,"max_hp_gain":5,"max_hp_loss":0,"event_name":"Forgotten Altar","floor":20,"gold_loss":0},{"damage_healed":0,"gold_gain":99,"player_choice":"Steal","damage_taken":0,"max_hp_gain":0,"max_hp_loss":0,"event_name":"betterThird:BetterNest","floor":21,"gold_loss":0}],"is_beta":false,"boss_relics":[{"not_picked":["Velvet Choker","Tiny House"],"picked":"Coffee Dripper"}],"items_purged_floors":[],"is_endless":false,"potions_floor_spawned":[1,3,5,8,16,22,27],"killed_by":"Cultist and Chosen","ascension_level":1}}