{"host":"upxylo0gv9lknfjc","time":1614227918,"event":{"mods":["2.2 Compatiblity","BaseMod","Colored Map","Downfall","GungeonMod","Hermit","Lobotomy","Minty Spire (QoL Compilation)","StSLib","The Bug Knight","The Cursed","The Dragon Tamer","The Gatherer","The Hierophant","The Jungle","The Poker Player","The Runesmith"],"gold_per_floor":[99,99,116,116,132,132,132,32,51,62,75,108,108,143,163,264,264,264,275,275,375,394,420,446,296,309,320,330,358,258,258,273,368,368,368,381,381,381,392,183,183,202,186,86,119,119,172,192,210,210,210,239,91,91,91,91],"floor_reached":57,"language":"ENG","playtime":6561,"items_purged":[],"score":1283,"play_id":"42c8a579-a734-4ee8-947e-ca9314cd1197","local_time":"20210225133838","is_ascension_mode":false,"campfire_choices":[{"floor":1.0,"key":"RECALL"},{"data":"champ:Backstep","floor":8.0,"key":"SMITH"},{"data":"champ:StanceDance","floor":13.0,"key":"SMITH"},{"data":"champ:Improvising","floor":18.0,"key":"SMITH"},{"data":"champ:AdrenalArmor","floor":30.0,"key":"SMITH"},{"data":"champ:IgnorePain","floor":35.0,"key":"SMITH"},{"data":"expansioncontent:StudyTheSpire","floor":44.0,"key":"SMITH"},{"data":"Ghostly","floor":46.0,"key":"SMITH"},{"data":"champ:IgnorePain","floor":54,"key":"SMITH"}],"circlet_count":0,"master_deck":["champ:Execute","champ:Taunt","champ:Backstep+1","champ:CrookedStrike","champ:ShieldWall","champ:GutPunch","champ:BringItOn","champ:BerserkersShout","champ:DancingMaster+1","champ:StanceDance+1","champ:EnGarde","champ:Parry","champ:Improvising+1","champ:GladiatorStyle+1","champ:FlashCut+1","champ:Encircle+1","champ:AdrenalArmor+1","champ:HoldFirm","Ghostly+1","champ:RisingSlash","champ:BerserkersShout+1","champ:Circumvent","champ:IgnorePain+1","champ:CalledShot","champ:Shatter+1","champ:AdrenalArmor","expansioncontent:StudyTheSpire+1","champ:IgnorePain+1","champ:BerserkersShout","champ:PreemptiveStrike+1","champ:Parry+1","champ:StanceDance+1","champ:ShieldThrow"],"relics":["champ:ChampionCrown","Spirit Poop","DemoMod:SerJunkan","DemoMod:Antibody","downfall:HeartBlessingRed","DemoMod:Junk","Astrolabe","DemoMod:ClearGuonStone","downfall:HeartBlessingGreen","MutagenicStrength","Philosopher\u0027s Stone","DemoMod:OrangeGuonStone","DemoMod:Bottle","downfall:HeartBlessingBlue","Vajra"],"acts_visited":["Exordium","TheCity","TheBeyond","TheEnding"],"potions_floor_usage":[55,55,56],"damage_taken":[{"damage":23.0,"enemies":"Jaw Worm","floor":3.0,"turns":5.0},{"damage":10.0,"enemies":"2 Louse","floor":5.0,"turns":2.0},{"damage":0.0,"enemies":"Cultist","floor":9.0,"turns":3.0},{"damage":20.0,"enemies":"Exordium Thugs","floor":10.0,"turns":5.0},{"damage":19.0,"enemies":"3 Louse","floor":11.0,"turns":2.0},{"damage":25.0,"enemies":"3 Sentries","floor":12.0,"turns":8.0},{"damage":50.0,"enemies":"Gremlin Nob","floor":14.0,"turns":5.0},{"damage":20.0,"enemies":"Large Slime","floor":15.0,"turns":4.0},{"damage":60.0,"enemies":"DF_ARCHETYPE_STREAMLINE","floor":16.0,"turns":10.0},{"damage":31.0,"enemies":"Shell Parasite","floor":19.0,"turns":4.0},{"damage":14.0,"enemies":"3 Byrds","floor":22.0,"turns":4.0},{"damage":55.0,"enemies":"HollowMod:Nosk","floor":23.0,"turns":8.0},{"damage":0.0,"enemies":"Snake Plant","floor":26.0,"turns":3.0},{"damage":15.0,"enemies":"Shelled Parasite and Fungi","floor":27.0,"turns":4.0},{"damage":25.0,"enemies":"3 Cultists","floor":28.0,"turns":4.0},{"damage":29.0,"enemies":"Book of Stabbing","floor":29.0,"turns":5.0},{"damage":45.0,"enemies":"Cultist and Chosen","floor":32.0,"turns":6.0},{"damage":95.0,"enemies":"SI_MIRROR_ARCHETYPE","floor":33.0,"turns":12.0},{"damage":5.0,"enemies":"Orb Walker","floor":36.0,"turns":3.0},{"damage":20.0,"enemies":"3 Shapes","floor":39.0,"turns":3.0},{"damage":30.0,"enemies":"downfall:FleeingMerchant","floor":40.0,"turns":4.0},{"damage":47.0,"enemies":"Jaw Worm Horde","floor":42.0,"turns":4.0},{"damage":20.0,"enemies":"downfall:FleeingMerchant","floor":43.0,"turns":4.0},{"damage":105.0,"enemies":"Giant Head","floor":45.0,"turns":6.0},{"damage":28.0,"enemies":"2 Orb Walkers","floor":47.0,"turns":4.0},{"damage":10.0,"enemies":"3 Darklings","floor":48.0,"turns":3.0},{"damage":13.0,"enemies":"Spire Growth","floor":49.0,"turns":4.0},{"damage":57,"enemies":"WA_ARCHETYPE_DIVINITY","floor":50,"turns":7},{"damage":83,"enemies":"downfall:CharBossMerchant","floor":52,"turns":7},{"damage":60,"enemies":"downfall:NeowBoss","floor":55,"turns":7},{"damage":57,"enemies":"downfall:NeowBossFinal","floor":56,"turns":5}],"seed_played":"7571958038059445768","potions_obtained":[{"floor":3.0,"key":"SkillPotion"},{"floor":12.0,"key":"SpeedPotion"},{"floor":14.0,"key":"Guardian:BlockOnCardUsePotion"},{"floor":16.0,"key":"Explosive Potion"},{"floor":22.0,"key":"Weak Potion"},{"floor":47.0,"key":"Explosive Potion"},{"floor":49.0,"key":"PowerPotion"},{"floor":52,"key":"FairyPotion"}],"is_trial":false,"path_per_floor":["R","?","M","?","M","T","T","R","M","M","M","E","R","E","M","B",null,"R","M","?","?","M","E","T","?","M","M","M","E","R","?","M","B",null,"R","M","?","?","M","$","T","M","$","R","E","R","?","M","M","B",null,"E","$","R","B","B",null],"character_chosen":"THE_CHAMP","items_purchased":["expansioncontent:StudyTheSpire","DemoMod:Bottle","DuplicationPotion","Vajra"],"campfire_rested":0,"item_purchase_floors":[40,43,43,53],"current_hp_per_floor":[90,90,87,87,87,87,87,87,87,87,86,90,90,86,86,90,90,90,90,90,90,86,76,76,76,76,86,90,90,90,90,70,80,90,90,90,90,82,82,82,82,90,90,100,100,100,97,100,100,98,100,97,97,97,100,68],"gold":91,"neow_bonus":"TRANSFORM_TWO_CARDS","is_daily":false,"chose_seed":false,"campfire_upgraded":8,"win_rate":0.0,"timestamp":1614227918,"path_taken":["R","?","M","?","?","?","T","R","M","M","M","E","R","E","M","BOSS","R","M","?","?","M","E","T","?","M","?","M","E","R","?","M","BOSS","R","M","?","?","M","$","T","?","$","R","E","R","?","M","M","BOSS","E","$","R","BOSS","BOSS"],"items_purchased_type":["Card","Relic","Potion","Relic"],"build_version":"2020-12-22","purchased_purges":0,"victory":true,"max_hp_per_floor":[90,90,90,90,90,90,90,90,90,90,90,90,90,90,90,90,90,90,90,90,90,90,90,90,90,90,90,90,90,90,90,90,90,90,90,90,90,90,90,90,90,90,90,100,100,100,100,100,100,100,100,100,100,100,100,100],"card_choices":[{"not_picked":["champ:PerfectedStrike","champ:GutPunch"],"picked":"champ:ShieldWall","floor":3.0},{"not_picked":["champ:FlashCut","champ:Circumvent"],"picked":"champ:GutPunch","floor":5.0},{"not_picked":["champ:Backstep","champ:EnGarde"],"picked":"champ:BringItOn","floor":9.0},{"not_picked":["champ:CrownThrow","champ:Shatter"],"picked":"champ:BerserkersShout","floor":10.0},{"not_picked":["champ:Endure","champ:EnGarde"],"picked":"champ:DancingMaster","floor":11.0},{"not_picked":["champ:DefensiveShout","champ:RapidStrikes"],"picked":"champ:StanceDance","floor":12.0},{"not_picked":["champ:CrownThrow","champ:GutPunch"],"picked":"champ:EnGarde","floor":14.0},{"not_picked":["champ:BringItOn","champ:FanOfKnives"],"picked":"champ:Parry","floor":15.0},{"not_picked":["champ:SwordThrow","champ:VampiricStrike"],"picked":"champ:Improvising","floor":16.0},{"not_picked":["champ:PreciseThrust","champ:BringItOn","champ:Shatter"],"picked":"SKIP","floor":19.0},{"not_picked":["champ:Duel+1","champ:FocusedBerserking+1"],"picked":"champ:AdrenalArmor","floor":22.0},{"not_picked":["champ:FanOfKnives","champ:Parry"],"picked":"champ:HoldFirm","floor":23.0},{"not_picked":["champ:FlashCut","champ:GladiatorStyle","champ:StanceDance"],"picked":"SKIP","floor":26.0},{"not_picked":["champ:FlashCut","champ:StanceDance+1"],"picked":"champ:RisingSlash","floor":27.0},{"not_picked":["champ:FancyFootwork","champ:FlashCut","champ:SetATrap+1"],"picked":"SKIP","floor":28.0},{"not_picked":["champ:RisingSlash","champ:UltimateStance"],"picked":"champ:BerserkersShout+1","floor":29.0},{"not_picked":["champ:Encircle","champ:Haymaker"],"picked":"champ:Circumvent","floor":32.0},{"not_picked":["champ:LastStand","champ:Improvising"],"picked":"champ:IgnorePain","floor":33.0},{"not_picked":["champ:FancyFootwork","champ:PreciseThrust"],"picked":"champ:CalledShot","floor":36.0},{"not_picked":["champ:BringItOn+1","champ:FlashCut"],"picked":"champ:Shatter+1","floor":39.0},{"not_picked":["champ:TornadoPunch","champ:CrownThrow"],"picked":"champ:AdrenalArmor","floor":40.0},{"not_picked":["champ:EnGarde","champ:ShieldSlam"],"picked":"champ:IgnorePain","floor":42.0},{"not_picked":["champ:TornadoPunch+1","champ:PreciseThrust"],"picked":"champ:BerserkersShout","floor":43.0},{"not_picked":["champ:Backstep+1","champ:FocusedBerserking"],"picked":"champ:PreemptiveStrike+1","floor":45.0},{"not_picked":["champ:StanceDance","champ:Circumvent+1"],"picked":"champ:Parry+1","floor":47.0},{"not_picked":["champ:Circumvent","champ:FlashCut","champ:FalseCounter+1"],"picked":"SKIP","floor":48.0},{"not_picked":["champ:DefensiveShout","champ:Haymaker"],"picked":"champ:StanceDance+1","floor":49.0},{"not_picked":["champ:FlashCut","champ:RapidStrikes+1"],"picked":"champ:ShieldThrow","floor":52}],"player_experience":1154726,"relics_obtained":[{"floor":6.0,"key":"DemoMod:SerJunkan"},{"floor":7.0,"key":"DemoMod:Antibody"},{"floor":12.0,"key":"DemoMod:Junk"},{"floor":14.0,"key":"DemoMod:Junk"},{"floor":23.0,"key":"DemoMod:Junk"},{"floor":24.0,"key":"DemoMod:ClearGuonStone"},{"floor":29.0,"key":"DemoMod:Junk"},{"floor":37.0,"key":"DemoMod:OrangeGuonStone"},{"floor":45.0,"key":"DemoMod:Junk"},{"floor":47.0,"key":"DemoMod:Junk"},{"floor":52,"key":"DemoMod:Junk"}],"event_choices":[{"cards_removed":["Normality"],"damage_healed":0.0,"max_hp_gain":0.0,"max_hp_loss":0.0,"gold_gain":0.0,"event_name":"Bonfire Elementals","player_choice":"Offered Curse","floor":4.0,"gold_loss":0.0,"damage_taken":0.0,"relics_obtained":["Spirit Poop"]},{"damage_healed":0.0,"max_hp_gain":0.0,"max_hp_loss":0.0,"gold_gain":0.0,"event_name":"Drug Dealer","player_choice":"Inject Mutagens","floor":31.0,"gold_loss":0.0,"damage_taken":0.0,"relics_obtained":["MutagenicStrength"]},{"damage_healed":0.0,"max_hp_gain":0.0,"max_hp_loss":0.0,"gold_gain":0.0,"event_name":"Mysterious Sphere","player_choice":"Fight","floor":47.0,"gold_loss":0.0,"damage_taken":0.0}],"is_beta":false,"boss_relics":[{"not_picked":["champ:ChampionCrownUpgraded","Cursed Key"],"picked":"Astrolabe"},{"not_picked":["Velvet Choker","Coffee Dripper"],"picked":"Philosopher\u0027s Stone"}],"items_purged_floors":[],"is_endless":false,"potions_floor_spawned":[3,12,14,16,22,23,32,42,47,49,52],"ascension_level":0}}