{"host":"92kgk6frc09v07nq","time":1614275678,"event":{"mods":["BaseMod","Minty Spire (QoL Compilation)"],"gold_per_floor":[111,125,125,125,225,264,38,76,156,10,10,46,59,75,75,206,206,220,234,12,12,23,57,57,70,70,105,105,123,148,160,172,280,292,318,346,372,384,407,419,144,171,171,204,218,243,261,261,261,261,261,261,28,63,63],"floor_reached":56,"language":"ENG","playtime":2927,"items_purged":["Strike_P"],"score":1857,"play_id":"c74aa88d-b2dd-4de7-b682-34f654b906b1","local_time":"20210225115438","is_ascension_mode":true,"campfire_choices":[{"data":"Crescendo","floor":11.0,"key":"SMITH"},{"data":"ClearTheMind","floor":15.0,"key":"SMITH"},{"floor":24.0,"key":"REST"},{"data":"TalkToTheHand","floor":28.0,"key":"SMITH"},{"data":"WindmillStrike","floor":32.0,"key":"SMITH"},{"floor":40.0,"key":"RECALL"},{"data":"Apotheosis","floor":49.0,"key":"SMITH"},{"floor":52.0,"key":"REST"}],"circlet_count":0,"master_deck":["Strike_P","Strike_P+1","Defend_P","Defend_P+1","Defend_P","Defend_P","Eruption+1","Vigilance","CarveReality","Crescendo+1","FlurryOfBlows+1","ReachHeaven","LikeWater+1","ClearTheMind+1","SandsOfTime","LessonLearned","TalkToTheHand+1","MentalFortress+1","FlurryOfBlows+1","EmptyBody","WindmillStrike+1","EmptyBody+1","JustLucky","Crescendo+1","Omniscience","FearNoEvil","FollowUp+1","Halt+1","Apotheosis+1","LikeWater+1","Adaptation+1","DevaForm","InnerPeace+1","Halt+1","WaveOfTheHand","FlyingSleeves+1"],"relics":["PureWater","NeowsBlessing","Bloody Idol","Nunchaku","Bronze Scales","Potion Belt","Whetstone","Yang","Black Star","Anchor","Blood Vial","Ancient Tea Set","Letter Opener","Bag of Marbles","Shuriken","MawBank","Dead Branch","VioletLotus","Vajra","StrikeDummy","Oddly Smooth Stone","Blue Candle","Boot","Happy Flower","Strawberry","Frozen Eye","Gremlin Horn","Art of War"],"acts_visited":["Exordium","TheCity","TheBeyond","TheEnding"],"potions_floor_usage":[],"damage_taken":[{"damage":0.0,"enemies":"Cultist","floor":1.0,"turns":1.0},{"damage":0.0,"enemies":"Jaw Worm","floor":2.0,"turns":1.0},{"damage":0.0,"enemies":"Gremlin Nob","floor":6.0,"turns":1.0},{"damage":10.0,"enemies":"Lagavulin","floor":8.0,"turns":4.0},{"damage":7.0,"enemies":"3 Sentries","floor":12.0,"turns":4.0},{"damage":0.0,"enemies":"Small Slimes","floor":13.0,"turns":2.0},{"damage":0.0,"enemies":"Exordium Thugs","floor":14.0,"turns":4.0},{"damage":20.0,"enemies":"Hexaghost","floor":16.0,"turns":4.0},{"damage":12.0,"enemies":"Chosen","floor":18.0,"turns":3.0},{"damage":2.0,"enemies":"3 Byrds","floor":19.0,"turns":4.0},{"damage":14.0,"enemies":"Snake Plant","floor":22.0,"turns":4.0},{"damage":14.0,"enemies":"Gremlin Leader","floor":23.0,"turns":4.0},{"damage":0.0,"enemies":"Shelled Parasite and Fungi","floor":25.0,"turns":3.0},{"damage":16.0,"enemies":"Book of Stabbing","floor":27.0,"turns":4.0},{"damage":2.0,"enemies":"Cultist and Chosen","floor":29.0,"turns":2.0},{"damage":0.0,"enemies":"Gremlin Leader","floor":30.0,"turns":5.0},{"damage":5.0,"enemies":"Champ","floor":33.0,"turns":7.0},{"damage":11.0,"enemies":"3 Darklings","floor":35.0,"turns":4.0},{"damage":4.0,"enemies":"Orb Walker","floor":36.0,"turns":5.0},{"damage":0.0,"enemies":"Transient","floor":37.0,"turns":5.0},{"damage":14.0,"enemies":"3 Darklings","floor":39.0,"turns":4.0},{"damage":29.0,"enemies":"Nemesis","floor":42.0,"turns":7.0},{"damage":0.0,"enemies":"Reptomancer","floor":44.0,"turns":4.0},{"damage":9.0,"enemies":"4 Shapes","floor":45.0,"turns":7.0},{"damage":0.0,"enemies":"Giant Head","floor":46.0,"turns":6.0},{"damage":19.0,"enemies":"Writhing Mass","floor":47.0,"turns":6.0},{"damage":27.0,"enemies":"Time Eater","floor":50.0,"turns":9.0},{"damage":40.0,"enemies":"Shield and Spear","floor":54.0,"turns":6.0},{"damage":36,"enemies":"The Heart","floor":55,"turns":7}],"seed_played":"-1586698153159419780","potions_obtained":[{"floor":2.0,"key":"SpeedPotion"},{"floor":6.0,"key":"Block Potion"},{"floor":8.0,"key":"FearPotion"},{"floor":12.0,"key":"Energy Potion"},{"floor":16.0,"key":"SneckoOil"},{"floor":22.0,"key":"ColorlessPotion"},{"floor":23.0,"key":"ColorlessPotion"},{"floor":25.0,"key":"PowerPotion"},{"floor":27.0,"key":"Energy Potion"},{"floor":33.0,"key":"EntropicBrew"},{"floor":36.0,"key":"Energy Potion"},{"floor":42.0,"key":"Strength Potion"},{"floor":45.0,"key":"Swift Potion"},{"floor":47.0,"key":"Swift Potion"}],"is_trial":false,"path_per_floor":["M","M","?","?","?","E","$","E","T","$","R","E","M","M","R","B",null,"M","M","$","?","M","E","R","M","T","E","R","M","E","?","R","B",null,"M","M","M","?","M","R","$","E","T","E","M","E","M","?","R","B",null,"R","$","E","B",null],"character_chosen":"WATCHER","items_purchased":["Bronze Scales","ReachHeaven","Whetstone","MentalFortress","Anchor","Apotheosis","LikeWater","WaveOfTheHand","Frozen Eye"],"campfire_rested":2,"item_purchase_floors":[7,7,10,20,20,41,41,53,53],"current_hp_per_floor":[65,65,65,65,65,65,65,55,55,55,55,48,48,48,48,28,57,45,43,43,43,34,25,45,52,52,43,43,48,55,60,65,67,67,61,67,67,67,58,63,67,43,43,50,48,62,50,50,50,25,62,74,74,39,5],"gold":63,"neow_bonus":"THREE_ENEMY_KILL","is_daily":false,"chose_seed":false,"campfire_upgraded":5,"win_rate":0.0,"timestamp":1614275678,"path_taken":["M","M","?","?","?","E","$","E","T","$","R","E","M","?","R","BOSS","M","?","$","?","M","E","R","M","T","E","R","M","E","?","R","BOSS","M","M","M","?","M","R","$","E","T","E","M","E","M","?","R","BOSS","R","$","E","BOSS"],"items_purchased_type":["Relic","Card","Relic","Card","Relic","Card","Card","Card","Relic"],"build_version":"2020-12-22","purchased_purges":1,"victory":true,"max_hp_per_floor":[72,72,72,67,67,67,67,67,67,67,67,67,67,67,67,67,67,67,67,67,67,67,67,67,67,67,67,67,67,67,67,67,67,67,67,67,67,67,67,67,67,67,67,67,67,74,74,74,74,74,74,74,74,74,74],"card_choices":[{"not_picked":["CutThroughFate","EmptyBody"],"picked":"CarveReality","floor":1.0},{"not_picked":["Halt","FollowUp"],"picked":"Crescendo","floor":2.0},{"not_picked":["Conclude","EmptyMind"],"picked":"FlurryOfBlows","floor":6.0},{"not_picked":["Halt","Scrawl"],"picked":"LikeWater","floor":8.0},{"not_picked":["EmptyBody","SpiritShield"],"picked":"ClearTheMind","floor":12.0},{"not_picked":["EmptyMind","Crescendo"],"picked":"SandsOfTime","floor":13.0},{"not_picked":["SashWhip","Fasting2","Indignation"],"picked":"SKIP","floor":14.0},{"not_picked":["SpiritShield","ConjureBlade"],"picked":"LessonLearned","floor":16.0},{"not_picked":["InnerPeace+1","Consecrate"],"picked":"TalkToTheHand","floor":18.0},{"not_picked":["Swivel","CutThroughFate","Indignation"],"picked":"SKIP","floor":19.0},{"not_picked":["Consecrate+1","Ragnarok"],"picked":"FlurryOfBlows+1","floor":22.0},{"not_picked":["Study","FollowUp"],"picked":"EmptyBody","floor":23.0},{"not_picked":["Collect","EmptyMind"],"picked":"WindmillStrike","floor":25.0},{"not_picked":["SashWhip","Prostrate"],"picked":"EmptyBody","floor":27.0},{"not_picked":["Consecrate+1","SpiritShield"],"picked":"JustLucky","floor":29.0},{"not_picked":["Prostrate","Indignation"],"picked":"Crescendo+1","floor":30.0},{"not_picked":["DevaForm","Brilliance"],"picked":"Omniscience","floor":33.0},{"not_picked":["FollowUp","WheelKick"],"picked":"FearNoEvil","floor":35.0},{"not_picked":["Conclude","SashWhip"],"picked":"FollowUp+1","floor":36.0},{"not_picked":["SashWhip","PathToVictory","Prostrate"],"picked":"SKIP","floor":37.0},{"not_picked":["FlyingSleeves","Wireheading"],"picked":"Halt+1","floor":39.0},{"not_picked":["Worship+1","Crescendo","Meditate"],"picked":"SKIP","floor":42.0},{"not_picked":["Evaluate+1","ThirdEye"],"picked":"Adaptation+1","floor":44.0},{"not_picked":["ForeignInfluence+1","EmptyMind"],"picked":"DevaForm","floor":45.0},{"not_picked":["Consecrate+1","WheelKick"],"picked":"InnerPeace+1","floor":46.0},{"not_picked":["Evaluate","SignatureMove"],"picked":"Halt+1","floor":47.0},{"not_picked":["Alpha","Vengeance+1"],"picked":"FlyingSleeves+1","floor":54.0}],"player_experience":1070910,"relics_obtained":[{"floor":6.0,"key":"Nunchaku"},{"floor":8.0,"key":"Potion Belt"},{"floor":12.0,"key":"Yang"},{"floor":23.0,"key":"Blood Vial"},{"floor":23.0,"key":"Ancient Tea Set"},{"floor":26.0,"key":"Letter Opener"},{"floor":27.0,"key":"Bag of Marbles"},{"floor":27.0,"key":"Shuriken"},{"floor":30.0,"key":"MawBank"},{"floor":30.0,"key":"Dead Branch"},{"floor":42.0,"key":"Vajra"},{"floor":42.0,"key":"StrikeDummy"},{"floor":43.0,"key":"Oddly Smooth Stone"},{"floor":44.0,"key":"Blue Candle"},{"floor":44.0,"key":"Boot"},{"floor":46.0,"key":"Happy Flower"},{"floor":46.0,"key":"Strawberry"},{"floor":54.0,"key":"Gremlin Horn"},{"floor":54.0,"key":"Art of War"}],"event_choices":[{"damage_healed":0.0,"max_hp_gain":0.0,"max_hp_loss":0.0,"gold_gain":0.0,"event_name":"Living Wall","player_choice":"Grow","floor":3.0,"gold_loss":0.0,"damage_taken":0.0,"cards_upgraded":["Eruption"]},{"damage_healed":0.0,"max_hp_gain":0.0,"max_hp_loss":5.0,"gold_gain":0.0,"event_name":"Golden Idol","player_choice":"Lose Max HP","floor":4.0,"gold_loss":0.0,"damage_taken":0.0,"relics_obtained":["Golden Idol"]},{"damage_healed":0.0,"max_hp_gain":0.0,"max_hp_loss":0.0,"gold_gain":100.0,"event_name":"Golden Shrine","player_choice":"Pray","floor":5.0,"gold_loss":0.0,"damage_taken":0.0},{"damage_healed":0.0,"max_hp_gain":0.0,"max_hp_loss":0.0,"gold_gain":0.0,"event_name":"Forgotten Altar","player_choice":"Gave Idol","floor":21.0,"relics_lost":["Golden Idol"],"gold_loss":0.0,"damage_taken":0.0,"relics_obtained":["Bloody Idol"]},{"cards_removed":["Strike_P"],"damage_healed":0.0,"max_hp_gain":0.0,"max_hp_loss":0.0,"gold_gain":0.0,"event_name":"Purifier","player_choice":"Purged","floor":31.0,"gold_loss":0.0,"damage_taken":0.0},{"damage_healed":0.0,"max_hp_gain":0.0,"max_hp_loss":0.0,"gold_gain":0.0,"event_name":"SensoryStone","player_choice":"Memory 1","floor":38.0,"gold_loss":0.0,"damage_taken":0.0},{"damage_healed":0.0,"max_hp_gain":0.0,"max_hp_loss":0.0,"gold_gain":0.0,"event_name":"Tomb of Lord Red Mask","player_choice":"Ignored","floor":48.0,"gold_loss":0.0,"damage_taken":0.0}],"is_beta":false,"boss_relics":[{"not_picked":["Fusion Hammer","Tiny House"],"picked":"Black Star"},{"not_picked":["Runic Dome","Snecko Eye"],"picked":"VioletLotus"}],"items_purged_floors":[41],"is_endless":false,"potions_floor_spawned":[2,6,8,12,16,22,23,25,27,33,36,42,45,47],"ascension_level":6}}