{"host":"8e3sp1tozjyrh64l","time":1614226936,"event":{"mods":["Act Like it!","BaseMod","Better Altar","Better Match","Better Note","Better Sensory Stone","Better Silent Start","Better Skull","Better Third Choice","BetterRewards","Conspire","Curses Come First","Defuse TimeMaze Blight","Infinite Spire","Minty Spire (QoL Compilation)","Permanent Neow","Rare Cards Sparkle","Relic Sorter","Reliquary","Replay The Spire","Shop Mod","Spicy Shops","StSLib","SuperFastMode","The Jungle","Wandering Minibosses"],"gold_per_floor":[116,216,229,248,145,145,156,189,235,235,250,266,266,291,291,388,388,400,270,270,270,0,26,26,54,54,54,54,113,113,144,144,270,270,318,353,394,28,57,57,57,100,172,200,200],"floor_reached":44,"language":"ENG","playtime":1601,"items_purged":["Strike_G"],"score":537,"play_id":"b49b8a8a-76cd-429a-bc75-dbf256d0b59b","local_time":"20210224212216","is_ascension_mode":true,"campfire_choices":[{"data":"ReplayTheSpireMod:From All Sides","floor":6,"key":"SMITH"},{"data":"Distraction","floor":10,"key":"SMITH"},{"data":"Flechettes","floor":13,"key":"SMITH"},{"data":"Neutralize","floor":15,"key":"SMITH"},{"data":"ReplayTheSpireMod:Brewmster","floor":24,"key":"SMITH"},{"data":"Glass Knife","floor":28,"key":"SMITH"},{"data":"Backstab","floor":32,"key":"SMITH"},{"data":"Deadly Poison","floor":40,"key":"SMITH"}],"circlet_count":0,"master_deck":["Strike_G","Strike_G","Strike_G","Defend_G","Defend_G","Defend_G","Defend_G","Survivor","Neutralize+1","ReplayTheSpireMod:From All Sides+1","Backstab+1","Flechettes+1","Acrobatics","Distraction+1","Acrobatics","Glass Knife+1","Dagger Spray+1","ReplayTheSpireMod:Brewmster+1","Glass Knife+1","Phantasmal Killer","Deadly Poison","Deadly Poison+1"],"relics":["Ring of the Snake","Meat on the Bone","Bronze Scales","reliquary:ExpiredCoupon","Molten Egg 2","Kunai","Boot","Replay:Bandana","reliquary:FeatherDuster","Black Star","Gremlin Food","reliquary:FingerTrap","StrikeDummy","Turnip"],"acts_visited":["Exordium","Exordium","TheBeyond"],"potions_floor_usage":[8,14,23,25,25,25,25,29,31,31,33,33,33,33,35,36,37,37,39,39,39,42,42,42,42,44,44,44,44,44,44,44],"damage_taken":[{"damage":0,"enemies":"Jaw Worm","floor":1,"turns":3},{"damage":0,"enemies":"Cultist","floor":3,"turns":3},{"damage":0,"enemies":"Small Slimes","floor":4,"turns":3},{"damage":3,"enemies":"Exordium Wildlife","floor":7,"turns":4},{"damage":0,"enemies":"Gremlin Nob","floor":8,"turns":3},{"damage":16,"enemies":"Exordium Thugs","floor":11,"turns":4},{"damage":6,"enemies":"Gremlin Gang","floor":12,"turns":3},{"damage":9,"enemies":"3 Sentries","floor":14,"turns":5},{"damage":47,"enemies":"Fading Forest","floor":16,"turns":11},{"damage":11,"enemies":"theJungle:MUSHROOMGANG","floor":18,"turns":3},{"damage":9,"enemies":"theJungle:MamaSnecko","floor":23,"turns":5},{"damage":14,"enemies":"Nightmare","floor":25,"turns":5},{"damage":11,"enemies":"theJungle:5_Spyders","floor":29,"turns":5},{"damage":0,"enemies":"theJungle:Lyon","floor":31,"turns":4},{"damage":26,"enemies":"theJungle:QueenSpyder","floor":33,"turns":10},{"damage":14,"enemies":"3 Darklings","floor":35,"turns":5},{"damage":9,"enemies":"Orb Walker","floor":36,"turns":3},{"damage":26,"enemies":"Spire Growth","floor":37,"turns":3},{"damage":22,"enemies":"Transient","floor":39,"turns":5},{"damage":50,"enemies":"Nightmare","floor":42,"turns":6},{"damage":56,"enemies":"Giant Head","floor":44,"turns":6}],"seed_played":"5945944748169414945","potions_obtained":[{"floor":3,"key":"Ancient Potion"},{"floor":4,"key":"SkillPotion"},{"floor":11,"key":"SteroidPotion"},{"floor":16,"key":"FearPotion"},{"floor":23,"key":"FearPotion"},{"floor":25,"key":"FairyPotion"},{"floor":36,"key":"Weak Potion"},{"floor":37,"key":"ColorlessPotion"},{"floor":42,"key":"FearPotion"}],"is_trial":false,"path_per_floor":["M","?","M","M","$","R","M","E","T","R","M","M","R","E","R","B",null,"M","$","?","AVR","$","E","R","NM","T","$","R","M","T","M","R","B",null,"M","M","M","$","M","R","$","NM","T","E"],"character_chosen":"THE_SILENT","items_purchased":["Flechettes","Molten Egg 2","ReplayTheSpireMod:Brewmster","Gremlin Food","Deadly Poison","reliquary:FingerTrap"],"campfire_rested":0,"item_purchase_floors":[5,19,22,38,38,38],"current_hp_per_floor":[70,70,70,70,70,70,67,67,67,67,51,45,45,36,36,17,70,59,59,59,59,59,50,50,36,36,36,36,37,37,37,37,23,70,56,47,33,33,23,23,23,33,33,0,0],"gold":200,"neow_bonus":"ONE_RANDOM_RARE_CARD","is_daily":false,"chose_seed":false,"campfire_upgraded":8,"win_rate":0.0,"timestamp":1614226936,"path_taken":["M","?","M","M","$","R","M","E","T","R","?","M","R","E","R","BOSS","M","$","?","AVR","?","E","R","NM","T","$","R","M","?","M","R","BOSS","M","?","M","$","M","R","?","NM","T","E"],"items_purchased_type":["Card","Relic","Card","Relic","Card","Relic"],"build_version":"2020-12-22","purchased_purges":1,"victory":false,"max_hp_per_floor":[70,70,70,70,70,70,70,70,70,70,70,70,70,70,70,70,70,70,70,70,70,70,70,70,70,70,70,70,70,70,70,70,70,70,70,70,70,70,70,70,70,70,70,70,70],"card_choices":[{"not_picked":["Poisoned Stab","PiercingWail","ReplayTheSpireMod:Scrap Shanks"],"picked":"SKIP","floor":1},{"not_picked":["Poisoned Stab","PiercingWail","ReplayTheSpireMod:Scrap Shanks"],"picked":"SKIP","floor":1},{"not_picked":["Calculated Gamble","Bouncing Flask"],"picked":"Backstab","floor":3},{"not_picked":["Heel Hook","ReplayTheSpireMod:Speed Training","Acrobatics"],"picked":"SKIP","floor":4},{"not_picked":["Calculated Gamble","Dodge and Roll"],"picked":"Acrobatics","floor":7},{"not_picked":["Dagger Spray","Bouncing Flask"],"picked":"Distraction","floor":8},{"not_picked":["Blade Dance","Unload","PiercingWail"],"picked":"SKIP","floor":11},{"not_picked":["Cloak And Dagger","Quick Slash","Prepared"],"picked":"SKIP","floor":12},{"not_picked":["ReplayTheSpireMod:Shiv Toss","Blade Dance"],"picked":"Acrobatics","floor":14},{"not_picked":["Wraith Form v2","ReplayTheSpireMod:From All Sides"],"picked":"Glass Knife","floor":16},{"not_picked":["Prepared","All Out Attack"],"picked":"Dagger Spray+1","floor":18},{"not_picked":["Underhanded Strike+1","ReplayTheSpireMod:From All Sides+1","ReplayTheSpireMod:Scrap Shanks"],"picked":"SKIP","floor":23},{"not_picked":["Deflect+1","Blur","Quick Slash+1"],"picked":"SKIP","floor":25},{"not_picked":["Finisher+1","Dagger Throw+1","Deadly Poison+1"],"picked":"SKIP","floor":29},{"not_picked":["Deflect","Slice+1"],"picked":"Glass Knife+1","floor":31},{"not_picked":["Venomology","Wraith Form v2"],"picked":"Phantasmal Killer","floor":33},{"not_picked":["Bane+1","Setup","Prepared+1"],"picked":"SKIP","floor":35},{"not_picked":["Sucker Punch+1","Flying Knee+1","Slice+1"],"picked":"SKIP","floor":36},{"not_picked":["Flying Knee+1","Acrobatics+1","Dagger Spray+1"],"picked":"SKIP","floor":37},{"not_picked":["Deadly Poison+1","Dagger Throw+1","Backflip+1"],"picked":"SKIP","floor":39},{"not_picked":["Dagger Spray+1","Blade Dance+1","Fluid Movement+1"],"picked":"SKIP","floor":42}],"player_experience":944218,"relics_obtained":[{"floor":8,"key":"Meat on the Bone"},{"floor":9,"key":"Bronze Scales"},{"floor":14,"key":"reliquary:ExpiredCoupon"},{"floor":23,"key":"Boot"},{"floor":26,"key":"Replay:Bandana"},{"floor":30,"key":"reliquary:FeatherDuster"},{"floor":42,"key":"StrikeDummy"},{"floor":42,"key":"Turnip"}],"event_choices":[{"damage_healed":0,"gold_gain":100,"player_choice":"Gold","damage_taken":0,"max_hp_gain":0,"max_hp_loss":0,"event_name":"Wheel of Change","floor":2,"gold_loss":0},{"damage_healed":0,"gold_gain":0,"player_choice":"Ignored","damage_taken":0,"max_hp_gain":0,"max_hp_loss":0,"event_name":"betterNote:BetterNote","floor":20,"gold_loss":0,"cards_obtained":["Infinite Blades"]}],"is_beta":false,"boss_relics":[{"not_picked":["Cursed Key","Ectoplasm","reliquary:KinkedSpring"]},{"not_picked":["Runic Pyramid","WristBlade"],"picked":"Black Star"}],"items_purged_floors":[21],"is_endless":true,"potions_floor_spawned":[3,4,11,16,23,25,29,36,37,42],"killed_by":"Giant Head","ascension_level":1}}