{"host":"k7mar46pww1g9iom","time":1614261148,"event":{"mods":["AchievementEnabler","BaseMod","BetterRewards","Colored Powertips","Custom Start","DeckTracker","Downfall","Hermit","Hubris","Marisa????????","Minty Spire (QoL Compilation)","Rare Cards Sparkle","Relic Stats","Replay The Spire","StSLib","The Animator","The Cursed","The Runesmith","The Servant 0.9.4","The Wild Card"],"gold_per_floor":[126,152,181,203,233,245,277,289,325,372,395,421,433,463,475,591,603,634,636,648,648],"floor_reached":20,"language":"ENG","playtime":1018,"items_purged":[],"score":182,"play_id":"f6fbbdb5-7fec-4cbb-a6cd-ab885c8d5396","local_time":"20210225145228","is_ascension_mode":false,"campfire_choices":[{"floor":6,"key":"RECALL"},{"floor":15,"key":"REST"}],"circlet_count":0,"master_deck":["Strike_R","Strike_R","Strike_R","Strike_R","Strike_R","Defend_R","Defend_R","Defend_R","Defend_R","Bash","Sword Boomerang","Sword Boomerang","Rage","Pommel Strike","Perfected Strike","Shrug It Off","Defy Death","Thunderclap","Dark Embrace","ReplayTheSpireMod:Strike From Hell","Berserk","Eclipse","Armaments","Seeing Red"],"relics":["Burning Blood","MawBank","Runesmith:AutoHammer","Dream Catcher","hubris:Backtick","Dead Branch"],"acts_visited":["Exordium","TheCity"],"potions_floor_usage":[16,16,19,20],"damage_taken":[{"damage":5,"enemies":"Jaw Worm","floor":1,"turns":5},{"damage":8,"enemies":"2 Louse","floor":2,"turns":3},{"damage":1,"enemies":"Cultist","floor":3,"turns":4},{"damage":21,"enemies":"Lots of Slimes","floor":4,"turns":6},{"damage":11,"enemies":"Blue Slaver","floor":5,"turns":3},{"damage":12,"enemies":"Looter","floor":7,"turns":3},{"damage":41,"enemies":"3 Sentries","floor":10,"turns":9},{"damage":10,"enemies":"3 Louse","floor":11,"turns":4},{"damage":7,"enemies":"Blue Slaver","floor":12,"turns":4},{"damage":6,"enemies":"Exordium Wildlife","floor":14,"turns":3},{"damage":55,"enemies":"The Guardian","floor":16,"turns":13},{"damage":29,"enemies":"Chosen","floor":18,"turns":6},{"damage":29,"enemies":"2 Thieves","floor":19,"turns":4},{"damage":51,"enemies":"Sentry and Sphere","floor":20,"turns":5}],"seed_played":"-981919129084460058","potions_obtained":[{"floor":1,"key":"SteroidPotion"},{"floor":4,"key":"BlessingOfTheForge"},{"floor":10,"key":"Weak Potion"},{"floor":11,"key":"FairyPotion"},{"floor":18,"key":"Regen Potion"},{"floor":19,"key":"champ:CounterPotion"}],"is_trial":false,"path_per_floor":["M","M","M","M","M","R","M","?","T","E","M","M","?","M","R","B",null,"M","M","M"],"character_chosen":"IRONCLAD","items_purchased":[],"campfire_rested":1,"item_purchase_floors":[],"current_hp_per_floor":[80,78,80,65,60,60,54,54,54,19,15,14,14,14,38,17,80,57,48,0,0],"gold":648,"neow_bonus":"RANDOM_COMMON_RELIC","is_daily":false,"chose_seed":false,"campfire_upgraded":0,"win_rate":0.0,"timestamp":1614261148,"path_taken":["M","M","M","M","M","R","M","?","T","E","M","M","?","M","R","BOSS","M","M","?"],"items_purchased_type":[],"build_version":"2020-12-22","purchased_purges":0,"victory":false,"max_hp_per_floor":[80,80,80,80,80,80,80,80,80,80,80,80,80,80,80,80,80,80,80,80,80],"relic_stats":{"Dream Catcher":1,"counters":[14,72],"Dead Branch":[15],"MawBank":240,"obtain_stats":[{"Dream Catcher":10,"hubris:Backtick":17,"Dead Branch":17,"Runesmith:AutoHammer":8,"MawBank":0,"Burning Blood":0},{"Dream Catcher":7,"hubris:Backtick":11,"Dead Branch":11,"Runesmith:AutoHammer":6,"MawBank":0,"Burning Blood":0},{"Dream Catcher":33,"hubris:Backtick":57,"Dead Branch":57,"Runesmith:AutoHammer":24,"MawBank":0,"Burning Blood":0}],"Burning Blood":74},"card_choices":[{"not_picked":["Rupture","Perfected Strike"],"picked":"Sword Boomerang","floor":1},{"not_picked":["Combust","Havoc"],"picked":"Sword Boomerang","floor":2},{"not_picked":["Fire Breathing","Perfected Strike"],"picked":"Rage","floor":3},{"not_picked":["Replay:Undeath\u0027s Touch","Carnage"],"picked":"Pommel Strike","floor":4},{"not_picked":["Havoc","Carnage"],"picked":"Perfected Strike","floor":5},{"not_picked":["Sever Soul","Rage"],"picked":"Shrug It Off","floor":7},{"not_picked":["Sentinel","Heavy Blade"],"picked":"Defy Death","floor":10},{"not_picked":["Hemokinesis","Twin Strike"],"picked":"Thunderclap","floor":11},{"not_picked":["Replay:Undeath\u0027s Touch","Iron Wave"],"picked":"Dark Embrace","floor":12},{"not_picked":["Flex","Headbutt"],"picked":"ReplayTheSpireMod:Strike From Hell","floor":14},{"not_picked":["Pommel Strike","Heavy Blade"],"picked":"Berserk","floor":15},{"not_picked":["Barricade","Corruption"],"picked":"Eclipse","floor":16},{"not_picked":["Dropkick","Rampage"],"picked":"Armaments","floor":18},{"not_picked":["Warcry","Replay:Undeath\u0027s Touch+1"],"picked":"Seeing Red","floor":19}],"player_experience":191539,"relics_obtained":[{"floor":10,"key":"Dream Catcher"}],"event_choices":[{"damage_healed":0,"gold_gain":0,"player_choice":"Box","damage_taken":0,"relics_obtained":["Runesmith:AutoHammer"],"max_hp_gain":0,"max_hp_loss":0,"event_name":"Big Fish","floor":8,"gold_loss":0,"cards_obtained":["Regret"]},{"cards_removed":["Regret"],"damage_healed":0,"gold_gain":0,"player_choice":"Purged","damage_taken":0,"max_hp_gain":0,"max_hp_loss":0,"event_name":"Purifier","floor":13,"gold_loss":0}],"is_beta":false,"boss_relics":[{"not_picked":["Sozu","hubris:Stopwatch"],"picked":"hubris:Backtick"}],"items_purged_floors":[],"is_endless":false,"potions_floor_spawned":[1,4,10,11,12,18,19],"killed_by":"Sentry and Sphere","ascension_level":0}}