{"host":"hftfn8mq057nycux","time":1614248027,"event":{"mods":["Act Like it!","BaseMod","Library of Ruina","Library of Ruina Extra","Minty Spire (QoL Compilation)","StSLib"],"gold_per_floor":[110,129,147,147,161,161,175,240,240,253,282,282,308,322,322,425,425,443,471,471,171,159,186,206,206,206,27,27,58,58,97,97,201,201,236,255,165,199,211,237,275,302,302,2,14,14,14,45,45,70,70,70,18,53,53],"floor_reached":56,"language":"ZHS","playtime":5024,"items_purged":["EndlessBattle+1"],"score":1318,"play_id":"533e7a77-60ea-4f65-acff-b7ef8b799882","local_time":"20210225181347","is_ascension_mode":false,"campfire_choices":[{"data":"HandleRequest","floor":6.0,"key":"SMITH"},{"data":"Unlock1","floor":12.0,"key":"SMITH"},{"data":"DriedUp","floor":15.0,"key":"SMITH"},{"data":"Faith","floor":25.0,"key":"SMITH"},{"data":"ToWhereThePrescriptPoints","floor":32.0,"key":"SMITH"},{"data":"Apotheosis","floor":47.0,"key":"SMITH"},{"floor":49.0,"key":"RECALL"},{"data":"ForTheFamily","floor":52,"key":"SMITH"}],"circlet_count":0,"master_deck":["Dodge+1","LightDefense","LightDefense","LightDefense","ChargeAndCover","FocusedStrikes","ForcefulGesture+1","Parry2","ClassAndRespect","HandleRequest+1","GrazeTheGrass","Unlock1+1","MindPrepared","DriedUp+1","ReadyUp+1","Tttonst","GuardingStance+1","WillProduceFineSilk+1","Rewind+1","BulkyImpact","SilentMist","FrontalAssault+1","Faith+1","HandOfGreed","Shame","Leap_lor+1","ToWhereThePrescriptPoints+1","Commandeering","Leap_lor","EnergyConversion+1","Quickness+1","EnergyBeam","ForTheFamily+1","Apotheosis+1","Parry2","Parry2"],"relics":["PageOfLibrarian","Oddly Smooth Stone","Dream Catcher","PageOfScorchedGirl","Astrolabe","Red Mask","PageOfTheQueenOfHatred","War Paint","PageOfTheKnightOfDespair","PageOfGreed","TungstenRod","Coffee Dripper","PageOfWrath","PageOfNihil","PageOfFreischutz","PageOfSingingMachine","OrangePellets","Sundial"],"acts_visited":["Exordium","TheCity","TheBeyond","TheEnding"],"potions_floor_usage":[55,55,55,55,55,55,55,55,55],"damage_taken":[{"damage":0.0,"enemies":"2 Louse","floor":1.0,"turns":3.0},{"damage":4.0,"enemies":"Cultist","floor":2.0,"turns":3.0},{"damage":2.0,"enemies":"Small Slimes","floor":3.0,"turns":3.0},{"damage":2.0,"enemies":"3 Louse","floor":5.0,"turns":4.0},{"damage":2.0,"enemies":"Large Slime","floor":7.0,"turns":5.0},{"damage":0.0,"enemies":"Exordium Thugs","floor":10.0,"turns":6.0},{"damage":0.0,"enemies":"3 Sentries","floor":11.0,"turns":6.0},{"damage":1.0,"enemies":"Gremlin Nob","floor":13.0,"turns":4.0},{"damage":4.0,"enemies":"Red Slaver","floor":14.0,"turns":3.0},{"damage":8.0,"enemies":"The Guardian","floor":16.0,"turns":8.0},{"damage":1.0,"enemies":"Spheric Guardian","floor":18.0,"turns":4.0},{"damage":0.0,"enemies":"Masked Bandits","floor":19.0,"turns":7.0},{"damage":16.0,"enemies":"2 Thieves","floor":22.0,"turns":4.0},{"damage":17.0,"enemies":"Book of Stabbing","floor":23.0,"turns":7.0},{"damage":13.0,"enemies":"Snecko","floor":24.0,"turns":4.0},{"damage":0.0,"enemies":"Shelled Parasite and Fungi","floor":29.0,"turns":5.0},{"damage":0.0,"enemies":"3 Cultists","floor":31.0,"turns":5.0},{"damage":37.0,"enemies":"RedHoodMercenary","floor":33.0,"turns":9.0},{"damage":0.0,"enemies":"Orb Walker","floor":35.0,"turns":5.0},{"damage":2.0,"enemies":"3 Darklings","floor":36.0,"turns":6.0},{"damage":26.0,"enemies":"Sphere and 2 Shapes","floor":38.0,"turns":5.0},{"damage":20.0,"enemies":"Spire Growth","floor":39.0,"turns":5.0},{"damage":43.0,"enemies":"Nemesis","floor":40.0,"turns":6.0},{"damage":68.0,"enemies":"Maw","floor":41.0,"turns":10.0},{"damage":12.0,"enemies":"Reptomancer","floor":42.0,"turns":6.0},{"damage":0.0,"enemies":"Writhing Mass","floor":45.0,"turns":4.0},{"damage":3.0,"enemies":"Sphere and 2 Shapes","floor":48.0,"turns":3.0},{"damage":18.0,"enemies":"Time Eater","floor":50.0,"turns":9.0},{"damage":25,"enemies":"Shield and Spear","floor":54,"turns":6},{"damage":0,"enemies":"The Heart","floor":55,"turns":7}],"seed_played":"-2858123876904270397","potions_obtained":[{"floor":1.0,"key":"Energy Potion"},{"floor":5.0,"key":"Block Potion"},{"floor":7.0,"key":"EntropicBrew"},{"floor":10.0,"key":"SkillPotion"},{"floor":16.0,"key":"ColorlessPotion"},{"floor":19.0,"key":"Regen Potion"},{"floor":23.0,"key":"CultistPotion"},{"floor":31.0,"key":"AttackPotion"},{"floor":33.0,"key":"DistilledChaos"},{"floor":40.0,"key":"Dexterity Potion"},{"floor":45.0,"key":"SpeedPotion"},{"floor":48.0,"key":"PowerPotion"},{"floor":54,"key":"EntropicBrew"}],"is_trial":false,"path_per_floor":["M","M","M","?","M","R","M","?","T","M","E","R","E","M","R","B",null,"M","?","?","$","M","E","M","R","T","$","?","M","$","M","R","B",null,"M","M","?","M","M","E","M","E","T","$","M","?","R","M","R","B",null,"R","$","E","B",null],"character_chosen":"Librarian","items_purchased":["SilentMist","War Paint","HandOfGreed","PageOfSingingMachine","OrangePellets","Parry2"],"campfire_rested":0,"item_purchase_floors":[21,21,27,44,44,53],"current_hp_per_floor":[66,62,61,61,59,59,57,57,57,57,57,57,56,52,52,44,92,91,91,91,91,85,84,76,76,76,76,76,83,83,92,92,73,92,92,92,92,78,92,79,27,69,69,69,75,75,75,76,76,67,92,92,92,81,92],"gold":53,"neow_bonus":"TEN_PERCENT_HP_BONUS","is_daily":false,"chose_seed":false,"campfire_upgraded":7,"win_rate":0.0,"timestamp":1614248027,"path_taken":["M","M","M","?","?","R","M","?","T","M","E","R","E","M","R","BOSS","M","?","?","$","M","E","?","R","T","?","?","M","?","M","R","BOSS","M","M","?","?","M","E","M","E","T","$","M","?","R","M","R","BOSS","R","$","E","BOSS"],"items_purchased_type":["Card","Relic","Card","Relic","Relic","Card"],"build_version":"2020-12-22","purchased_purges":1,"victory":true,"max_hp_per_floor":[69,69,76,76,84,84,68,68,68,84,84,84,90,90,90,92,92,92,92,92,92,92,92,92,92,92,92,92,92,92,92,92,92,92,92,92,92,92,92,92,92,92,92,92,92,92,92,92,92,92,92,92,92,92,92],"card_choices":[{"not_picked":["NightInTheBackstreets","SharpSwipe","BackAttack","FaintMemories","QuickSuppression","InnerArdor","FervidEmotions","BiteOff"],"picked":"ForcefulGesture","floor":1.0},{"not_picked":["AsThePrescriptOrders","FrontalAssault","ViolentFlame","Thrust","Quickness","BiAn","SpearedSweep","ScatteringSlash"],"picked":"Parry2","floor":2.0},{"not_picked":["Riposte","Parry","CoordinatedAssault","Creak","OpportunitySpotted","ElectricShock","FleetFootsteps","BulkyImpact"],"picked":"ClassAndRespect","floor":3.0},{"not_picked":["Multislash","SunsetBlade","FleetFootsteps","NightInTheBackstreets","BattleCommand","YouOnlyLiveOnce","HighSpeedStabbing","BackAttack"],"picked":"HandleRequest","floor":5.0},{"not_picked":["ShockingBlow","StructuralAnalysis","SinglePointStab","StrongStrike","AsThePrescriptOrders","FierceCharge","UndertakePrescript","AssaultOrder"],"picked":"GrazeTheGrass","floor":7.0},{"not_picked":["Retaliate","ClassAndRespect","RapidGashes","EnergyShield","FlyingSword","Reload","BlowItUp","Mutilate"],"picked":"Unlock1","floor":10.0},{"not_picked":["UpbeatPerformance","QuickSuppression","DesperateStruggle","TendonChords","NightInTheBackstreets","DefenseOrder","UnavoidableGaze","BindingArms"],"picked":"MindPrepared","floor":11.0},{"not_picked":["YoureAHindrance","GreatSerpentsImpact","AsThePrescriptOrders","FleshFillet","EndlessBattle","Endure","HiddenBlade","Unlock1"],"picked":"DriedUp","floor":13.0},{"not_picked":["DesperateStruggle","Reload","IngredientHunt","SnakeSlit","DarkCloud","StructuralAnalysis","TendonChords","BiXi"],"picked":"ReadyUp","floor":14.0},{"not_picked":["Castigation","Disposal"],"picked":"Tttonst","floor":16.0},{"not_picked":["DefenseOrder","GrazeTheGrass","HardRehearsal+1","Multislash","ClassAndRespect","MultiHit","BindingChains","Ripple+1"],"picked":"Rewind+1","floor":18.0},{"not_picked":["YoureAHindrance","Standoff","PreparedMind","ClassAndRespect+1","Diversion","YouOnlyLiveOnce","AsThePrescriptOrders","DefenseOrder+1"],"picked":"BulkyImpact","floor":19.0},{"not_picked":["RatsGuideToSurvival","DirtyBlow","HardRehearsal","FleetEdge+1","LeRegole","GreatSerpentsImpact","GrazeTheGrass","TheRedNotes"],"picked":"FrontalAssault+1","floor":22.0},{"not_picked":["ProselytesBlade","Marionette","ClassAndRespect+1","SmokingPipe","HiddenBlade","FervidEmotions","ForTheFamily","CumulusWall+1"],"picked":"Faith","floor":23.0},{"not_picked":["HeavyPeaks","SenseQuarry","Marionette+1","Juggling","Reload","Parry","SnakeSlit+1","Faith","AutomatedMovement+1"],"picked":"SKIP","floor":24.0},{"not_picked":["BiAn+1","Marionette","Rewind+1","EnergyCycle","FleetFootsteps","AutonomousRush","Eject","UpbeatPerformance"],"picked":"Leap_lor","floor":29.0},{"not_picked":["Guardian_lor","TimeForALittleTest","Unlock1","SnakesPrey","ViolentFlame","Leap_lor","SerpentSwordTechnique+1","GuidanceOfTheGears"],"picked":"ToWhereThePrescriptPoints","floor":31.0},{"not_picked":["Decapitation","MirageStorm"],"picked":"Commandeering","floor":33.0},{"not_picked":["Wallop_lor+1","StructuralAnalysis","PreemptiveStrike","SpearedSweep+1","HighKick+1","BattleCommand+1","MultiBlock","SummaryJudgment+1","ChiWen+1"],"picked":"SKIP","floor":35.0},{"not_picked":["QuickSuppression+1","FierceCharge","BackAttack","Juggling","SmokingPipe","DesperateStruggle","RipSpace","ChiWen"],"picked":"Leap_lor","floor":36.0},{"not_picked":["SinglePointStab","GreatSerpentsImpact","Thirst+1","GuardingStance+1","QuickAttack+1","StartinOutLightly+1","Diversion","FaintMemories+1","FrontalAssault"],"picked":"SKIP","floor":38.0},{"not_picked":["AbsorbImpact","Tttonst","Feast","Brawl+1","AsThePrescriptOrders+1","Faith+1","MultiHit+1","GuardingStance"],"picked":"EnergyConversion+1","floor":39.0},{"not_picked":["SerpentSwordTechnique+1","ConcentratedFire+1","FocusFire+1","SharpenedBlade","HighKick","EndlessBattle+1","EnergyShield","CrackOfDawn"],"picked":"Quickness+1","floor":40.0},{"not_picked":["Struggle","SharpSwipe","GuidanceOfTheGears","MindPrepared+1","FrontalAssault+1","StrikeDown","FieryDragonSlash+1","GuardingStance+1","BindingChains"],"picked":"SKIP","floor":41.0},{"not_picked":["HandleRequest+1","Unlock1+1","UpbeatPerformance+1","DimensionalRift+1","MultiBlock+1","FlashOfSunup+1","Gigigig+1","RapidGashes+1"],"picked":"EnergyBeam","floor":42.0},{"not_picked":["SweepTheBackstreets","ChopItOff","EnergyConversion","NightInTheBackstreets+1","SkitterAway","EnergyStrike","UpbeatPerformance","ForTheFamily","HardRehearsal"],"picked":"SKIP","floor":45.0},{"not_picked":["SweepTheBackstreets","ChopItOff","EnergyConversion","NightInTheBackstreets+1","SkitterAway","EnergyStrike","UpbeatPerformance","HardRehearsal"],"picked":"ForTheFamily","floor":45.0},{"not_picked":["Violence","Forethought","Flash of Steel","Blind","Madness","Finesse","Trip","PanicButton"],"picked":"Apotheosis","floor":46.0},{"not_picked":["Gigigig+1","SpearedSweep+1","PinpointShot+1","DesperateStruggle+1","Leap_lor+1","ButterflySlash+1","Creak","QuickSuppression","Wallop_lor+1"],"picked":"SKIP","floor":48.0},{"not_picked":["CleanUp","Pound+1","SharpSwipe","Thirst+1","QuickSuppression","MultiHit+1","Juggling","FlowOfTheSword"],"picked":"Parry2","floor":54}],"player_experience":242186,"relics_obtained":[{"floor":9.0,"key":"Oddly Smooth Stone"},{"floor":11.0,"key":"Dream Catcher"},{"floor":13.0,"key":"PageOfScorchedGirl"},{"floor":19.0,"key":"Red Mask"},{"floor":23.0,"key":"PageOfTheKnightOfDespair"},{"floor":26.0,"key":"PageOfGreed"},{"floor":40.0,"key":"PageOfWrath"},{"floor":41.0,"key":"PageOfNihil"},{"floor":42.0,"key":"PageOfFreischutz"},{"floor":54,"key":"Sundial"}],"event_choices":[{"damage_healed":0.0,"max_hp_gain":0.0,"max_hp_loss":0.0,"gold_gain":0.0,"event_name":"Upgrade Shrine","player_choice":"Upgraded","floor":4.0,"gold_loss":0.0,"damage_taken":0.0,"cards_upgraded":["ForcefulGesture"]},{"damage_healed":0.0,"max_hp_gain":0.0,"max_hp_loss":0.0,"gold_gain":65.0,"event_name":"Golden Wing","player_choice":"Gained Gold","floor":8.0,"gold_loss":0.0,"damage_taken":0.0},{"damage_healed":0.0,"max_hp_gain":0.0,"max_hp_loss":0.0,"gold_gain":0.0,"event_name":"Masked Bandits","player_choice":"Fought Bandits","floor":19.0,"gold_loss":0.0,"damage_taken":0.0},{"damage_healed":0.0,"max_hp_gain":0.0,"max_hp_loss":0.0,"gold_gain":0.0,"event_name":"The Mausoleum","player_choice":"Opened","floor":20.0,"gold_loss":0.0,"damage_taken":0.0,"relics_obtained":["PageOfTheQueenOfHatred"]},{"damage_healed":0.0,"max_hp_gain":0.0,"max_hp_loss":0.0,"gold_gain":0.0,"event_name":"Addict","player_choice":"Stole Relic","floor":28.0,"gold_loss":0.0,"damage_taken":0.0,"relics_obtained":["TungstenRod"],"cards_obtained":["Shame"]},{"cards_removed":["LightDefense"],"damage_healed":0.0,"max_hp_gain":0.0,"max_hp_loss":0.0,"gold_gain":0.0,"event_name":"Designer","player_choice":"Upgrade and Remove","floor":37.0,"gold_loss":90.0,"damage_taken":0.0,"cards_upgraded":["Leap_lor"]},{"damage_healed":0.0,"max_hp_gain":0.0,"max_hp_loss":0.0,"gold_gain":0.0,"event_name":"SensoryStone","player_choice":"Memory 1","floor":46.0,"gold_loss":0.0,"damage_taken":0.0}],"is_beta":false,"boss_relics":[{"not_picked":["Cursed Key","Busted Crown"],"picked":"Astrolabe"},{"not_picked":["Runic Pyramid","Velvet Choker"],"picked":"Coffee Dripper"}],"items_purged_floors":[21],"is_endless":false,"potions_floor_spawned":[1,5,7,10,16,18,19,23,29,31,33,38,39,40,42,45,48,54],"ascension_level":0}}