{"host":"5bsc0nab6whpyrbj","time":1614292138,"event":{"mods":["AchievementEnabler","BaseMod","Colored Map","Dark Map","Highlight Path","Minty Spire (QoL Compilation)"],"gold_per_floor":[119,129,144,144,154,154,154,154,154,154,179,31,31,51,51,148,148,158,158,174,194,210,210,210],"floor_reached":23,"language":"ENG","playtime":670,"items_purged":[],"score":193,"play_id":"8ba49f88-1fd5-44e8-8982-20d8253d212b","local_time":"20210225172858","is_ascension_mode":false,"campfire_choices":[{"floor":6,"key":"REST"},{"floor":13,"key":"REST"},{"floor":15,"key":"REST"}],"circlet_count":0,"master_deck":["Strike_B","Strike_B","Strike_B","Defend_B","Defend_B","Defend_B","Defend_B","Zap","Dualcast","Dramatic Entrance","Go for the Eyes","Seek+1","Electrodynamics","Sweeping Beam","Streamline","Storm+1"],"relics":["Cracked Core","Letter Opener","WingedGreaves","Orichalcum"],"acts_visited":["Exordium","TheCity"],"potions_floor_usage":[11,16,18,20,21,21,21],"damage_taken":[{"damage":6,"enemies":"Cultist","floor":1,"turns":3},{"damage":10,"enemies":"Small Slimes","floor":2,"turns":2},{"damage":11,"enemies":"Jaw Worm","floor":3,"turns":2},{"damage":18,"enemies":"Large Slime","floor":5,"turns":4},{"damage":8,"enemies":"3 Sentries","floor":11,"turns":4},{"damage":0,"enemies":"Exordium Thugs","floor":14,"turns":2},{"damage":31,"enemies":"The Guardian","floor":16,"turns":13},{"damage":28,"enemies":"Shell Parasite","floor":18,"turns":6},{"damage":17,"enemies":"2 Thieves","floor":20,"turns":3},{"damage":27,"enemies":"Shelled Parasite and Fungi","floor":21,"turns":6},{"damage":9,"enemies":"Chosen and Byrds","floor":22,"turns":4},{"damage":12,"enemies":"Gremlin Leader","floor":23,"turns":1}],"seed_played":"1059035093769485205","potions_obtained":[{"floor":3,"key":"Energy Potion"},{"floor":10,"key":"DuplicationPotion"},{"floor":10,"key":"SpeedPotion"},{"floor":14,"key":"Fire Potion"},{"floor":16,"key":"Regen Potion"},{"floor":18,"key":"GamblersBrew"},{"floor":20,"key":"Weak Potion"}],"is_trial":false,"path_per_floor":["M","M","M","?","M","R","T","$","T","?","E","$","R","M","R","B",null,"M","?","M","M","M","E"],"character_chosen":"DEFECT","items_purchased":["Orichalcum"],"campfire_rested":3,"item_purchase_floors":[12],"current_hp_per_floor":[69,59,48,41,23,45,45,45,45,45,37,37,59,59,75,44,75,47,47,30,18,9,0,0],"gold":210,"neow_bonus":"RANDOM_COLORLESS","is_daily":false,"chose_seed":false,"campfire_upgraded":0,"win_rate":0.0,"timestamp":1614292138,"path_taken":["M","M","?","?","M","R","?","$","T","?","E","$","R","?","R","BOSS","M","?","?","M","M","E"],"items_purchased_type":["Relic"],"build_version":"2020-12-22","purchased_purges":0,"victory":false,"max_hp_per_floor":[75,75,75,75,75,75,75,75,75,75,75,75,75,75,75,75,75,75,75,75,75,75,75,75],"card_choices":[{"not_picked":["Forethought","PanicButton"],"picked":"Dramatic Entrance","floor":0},{"not_picked":["White Noise","Coolheaded"],"picked":"Go for the Eyes","floor":1},{"not_picked":["Compile Driver","Hologram","Redo"],"picked":"SKIP","floor":2},{"not_picked":["Auto Shields","Leap","Coolheaded"],"picked":"SKIP","floor":3},{"not_picked":["Go for the Eyes","Heatsinks"],"picked":"Seek","floor":5},{"not_picked":["Blizzard","Buffer","Hologram"],"picked":"SKIP","floor":11},{"not_picked":["Steam","Redo","Barrage"],"picked":"SKIP","floor":14},{"not_picked":["Amplify","Echo Form"],"picked":"Electrodynamics","floor":16},{"not_picked":["Steam","Conserve Battery","Undo"],"picked":"SKIP","floor":18},{"not_picked":["Recycle","Ball Lightning"],"picked":"Sweeping Beam","floor":20},{"not_picked":["Hologram","Ball Lightning"],"picked":"Streamline","floor":21},{"not_picked":["Steam Power","Cold Snap+1"],"picked":"Storm+1","floor":22}],"player_experience":120691,"relics_obtained":[{"floor":9,"key":"Letter Opener"},{"floor":11,"key":"WingedGreaves"}],"event_choices":[{"cards_removed":["Strike_B"],"damage_healed":0,"gold_gain":0,"player_choice":"Card Removal","damage_taken":7,"max_hp_gain":0,"max_hp_loss":0,"event_name":"Golden Wing","floor":4,"gold_loss":0},{"damage_healed":0,"gold_gain":0,"player_choice":"Got Potions","damage_taken":0,"max_hp_gain":0,"max_hp_loss":0,"event_name":"Lab","floor":10,"gold_loss":0},{"damage_healed":0,"gold_gain":0,"player_choice":"Upgraded","damage_taken":0,"max_hp_gain":0,"max_hp_loss":0,"event_name":"Upgrade Shrine","floor":19,"gold_loss":0,"cards_upgraded":["Seek"]}],"is_beta":false,"boss_relics":[{"not_picked":["Busted Crown","Velvet Choker","Empty Cage"]}],"items_purged_floors":[],"is_endless":false,"potions_floor_spawned":[3,14,16,18,20],"killed_by":"Gremlin Leader","ascension_level":0}}