{"host":"5ueuk67tsx07ylcu","time":1614293288,"event":{"mods":["BaseMod","Colored Map","Colored Powertips","Downfall","Duelist Mod","GifTheSpireLib","Hermit","Infinite Spire","Lobotomy","Minty Spire (QoL Compilation)","StSLib","The Animator"],"gold_per_floor":[110,121,121,46,46,46,66,66,66,84,84,84,84,125,125,245,245,265,265,278,293,307,342,242,242,322,322,322,322],"floor_reached":28,"language":"ENG","playtime":1333,"items_purged":["Strike_G","Strike_G"],"score":260,"play_id":"4d29d133-749c-4b2e-9a69-eea5f902848c","local_time":"20210225174808","is_ascension_mode":true,"campfire_choices":[{"data":"infinitespire:Collect","floor":6,"key":"SMITH"},{"floor":13,"key":"RECALL"},{"floor":15,"key":"REST"}],"circlet_count":0,"master_deck":["Strike_G","Defend_G+1","Defend_G","Defend_G","Defend_G","Survivor+1","Neutralize","Bane","infinitespire:Collect+1","Deadly Poison","infinitespire:Neurotoxin","Riddle With Holes","Blade Dance+1","Catalyst+1"],"relics":["Ring of the Snake","Bloody Idol","infinitespire:CheckeredPen","Empty Cage","War Paint","Ornamental Fan","White Beast Statue"],"acts_visited":["Exordium","TheCity"],"potions_floor_usage":[14,23],"damage_taken":[{"damage":0,"enemies":"2 Louse","floor":1,"turns":3},{"damage":0,"enemies":"Small Slimes","floor":2,"turns":4},{"damage":2,"enemies":"Cultist","floor":7,"turns":4},{"damage":3,"enemies":"Red Slaver","floor":10,"turns":3},{"damage":1,"enemies":"3 Sentries","floor":14,"turns":3},{"damage":22,"enemies":"Slime Boss","floor":16,"turns":10},{"damage":4,"enemies":"Spheric Guardian","floor":18,"turns":4},{"damage":1,"enemies":"Shell Parasite","floor":20,"turns":4},{"damage":33,"enemies":"Centurion and Healer","floor":21,"turns":5},{"damage":18,"enemies":"Shelled Parasite and Fungi","floor":22,"turns":5},{"damage":9,"enemies":"Gremlin Leader","floor":23,"turns":5},{"damage":15,"enemies":"Cultist and Chosen","floor":28,"turns":4}],"seed_played":"-2167368604863154646","potions_obtained":[{"floor":1,"key":"ColorlessPotion"},{"floor":14,"key":"LiquidBronze"}],"is_trial":false,"path_per_floor":["M","M","?","$","?","R","M","?","T","M","?","$","R","E","R","B",null,"M","T","M","M","M","E","$","?","T","?","M"],"character_chosen":"THE_SILENT","items_purchased":[],"campfire_rested":1,"item_purchase_floors":[],"current_hp_per_floor":[70,70,53,53,36,36,34,39,39,36,36,36,36,35,57,35,75,71,71,70,37,19,10,10,10,10,10,0,0],"gold":322,"neow_bonus":"REMOVE_CARD","is_daily":false,"chose_seed":false,"campfire_upgraded":1,"win_rate":0.0,"timestamp":1614293288,"path_taken":["M","M","?","$","?","R","M","?","T","M","?","?","R","E","R","BOSS","M","?","M","M","?","E","$","?","T","?","M"],"items_purchased_type":[],"build_version":"2020-12-22","purchased_purges":2,"victory":false,"max_hp_per_floor":[70,70,70,70,70,70,70,75,75,75,75,75,75,75,75,75,75,75,75,75,75,75,75,75,75,75,75,75,75],"card_choices":[{"not_picked":["Endless Agony","Dodge and Roll","Acrobatics"],"picked":"SKIP","floor":1},{"not_picked":["Slice","Backflip"],"picked":"Bane","floor":2},{"not_picked":["infinitespire:FinalStrike","infinitespire:FutureSight"],"picked":"infinitespire:Collect","floor":3},{"not_picked":["Cloak And Dagger","Masterful Stab"],"picked":"Deadly Poison","floor":7},{"not_picked":["Quick Slash","Outmaneuver","Cloak And Dagger"],"picked":"SKIP","floor":10},{"not_picked":["Deadly Poison","Blade Dance","Flechettes"],"picked":"SKIP","floor":14},{"not_picked":["Bullet Time","Malaise"],"picked":"infinitespire:Neurotoxin","floor":16},{"not_picked":["PiercingWail+1","Sucker Punch"],"picked":"Riddle With Holes","floor":18},{"not_picked":["Heel Hook+1","Deadly Poison","Choke+1"],"picked":"SKIP","floor":20},{"not_picked":["Sucker Punch","Escape Plan","PiercingWail"],"picked":"SKIP","floor":21},{"not_picked":["Eviscerate","Catalyst"],"picked":"Blade Dance+1","floor":22},{"not_picked":["Flying Knee+1","Outmaneuver"],"picked":"Catalyst+1","floor":23}],"player_experience":333762,"relics_obtained":[{"floor":14,"key":"infinitespire:CheckeredPen"},{"floor":19,"key":"War Paint"},{"floor":23,"key":"Ornamental Fan"},{"floor":26,"key":"White Beast Statue"}],"event_choices":[{"damage_healed":0,"gold_gain":0,"player_choice":"Take Damage","damage_taken":17,"relics_obtained":["Golden Idol"],"max_hp_gain":0,"max_hp_loss":0,"event_name":"Golden Idol","floor":5,"gold_loss":0},{"damage_healed":0,"gold_gain":0,"player_choice":"Donut","damage_taken":0,"max_hp_gain":5,"max_hp_loss":0,"event_name":"Big Fish","floor":8,"gold_loss":0},{"damage_healed":0,"gold_gain":0,"player_choice":"Ignored","damage_taken":0,"max_hp_gain":0,"max_hp_loss":0,"event_name":"Liars Game","floor":11,"gold_loss":0},{"damage_healed":0,"gold_gain":0,"player_choice":"Ignored","damage_taken":0,"max_hp_gain":0,"max_hp_loss":0,"event_name":"Vampires","floor":25,"gold_loss":0},{"damage_healed":0,"gold_gain":0,"player_choice":"Gave Idol","damage_taken":0,"relics_obtained":["Bloody Idol"],"max_hp_gain":0,"max_hp_loss":0,"event_name":"Forgotten Altar","floor":27,"relics_lost":["Golden Idol"],"gold_loss":0}],"is_beta":false,"boss_relics":[{"not_picked":["HoveringKite","Ectoplasm"],"picked":"Empty Cage"}],"items_purged_floors":[4,24],"is_endless":false,"potions_floor_spawned":[1,14],"killed_by":"Cultist and Chosen","ascension_level":2}}