{"host":"dhv3u8yhd2rnugsp","time":1614289736,"event":{"mods":["BaseMod","Block Reminder","Colored Map","Googly Eyes","Highlight Path","Minty Spire (QoL Compilation)","Permanent Neow","Quick Restart","Random Character Button","StSLib"],"gold_per_floor":[116,130,146,160,160,160,160,185,211,245,94,94,108,108,108,203,203,162,162,84,99,99,133,133,177,204,239,239,283,283,233,233,328,328,344,358,358,417,417,456,480,480,503,136,136,159,159,109,109,109,109,109,109,17,61,61,61],"floor_reached":56,"language":"ENG","playtime":4163,"items_purged":["Strike_R+1","Strike_R+1","Strike_R+1"],"score":1914,"play_id":"dc0ed047-f3e3-4756-8929-c5c30fcb7413","local_time":"20210225154856","is_ascension_mode":true,"campfire_choices":[{"data":"Carnage","floor":6,"key":"SMITH"},{"data":"Reaper","floor":12,"key":"SMITH"},{"data":"Feel No Pain","floor":15,"key":"SMITH"},{"floor":24,"key":"REST"},{"floor":28,"key":"REST"},{"floor":30,"key":"REST"},{"floor":32,"key":"REST"},{"floor":42,"key":"REST"},{"data":"Demon Form","floor":45,"key":"SMITH"},{"floor":47,"key":"RECALL"},{"data":"Bash","floor":49,"key":"SMITH"},{"data":"Discovery","floor":53,"key":"SMITH"}],"circlet_count":0,"master_deck":["AscendersBane","Strike_R+1","Strike_R+1","Defend_R+1","Defend_R+1","Defend_R+1","Defend_R+1","Bash+1","Carnage+1","Thunderclap","Carnage+1","True Grit+1","Reaper+1","Feel No Pain+1","Demon Form+1","Intimidate+1","Ghostly Armor+1","Cleave+1","Infernal Blade+1","Warcry+1","Exhume","Metallicize+1","Discovery+1","Shrug It Off+1","Feel No Pain+1","Impervious"],"relics":["SlaversCollar","Vajra","Anchor","MawBank","Pen Nib","Golden Idol","Runic Pyramid","White Beast Statue","Strawberry","Ancient Tea Set","Kunai","Letter Opener","Philosopher\u0027s Stone","Thread and Needle","Art of War","War Paint","Membership Card","Red Skull","Blood Vial","Eternal Feather"],"acts_visited":["Exordium","TheCity","TheBeyond","TheEnding"],"potions_floor_usage":[4,8,16,18,25,25,29,29,38,40,51,55],"damage_taken":[{"damage":2,"enemies":"Cultist","floor":1,"turns":4},{"damage":1,"enemies":"2 Louse","floor":2,"turns":3},{"damage":4,"enemies":"Small Slimes","floor":3,"turns":3},{"damage":22,"enemies":"Exordium Thugs","floor":4,"turns":5},{"damage":8,"enemies":"Gremlin Nob","floor":8,"turns":3},{"damage":11,"enemies":"Lagavulin","floor":10,"turns":4},{"damage":0,"enemies":"Large Slime","floor":13,"turns":4},{"damage":25,"enemies":"The Guardian","floor":16,"turns":7},{"damage":36,"enemies":"2 Thieves","floor":18,"turns":5},{"damage":18,"enemies":"Spheric Guardian","floor":21,"turns":7},{"damage":30,"enemies":"Gremlin Leader","floor":23,"turns":7},{"damage":42,"enemies":"Book of Stabbing","floor":25,"turns":5},{"damage":34,"enemies":"Gremlin Leader","floor":27,"turns":6},{"damage":47,"enemies":"Slavers","floor":29,"turns":5},{"damage":17,"enemies":"Champ","floor":33,"turns":8},{"damage":1,"enemies":"3 Darklings","floor":35,"turns":3},{"damage":0,"enemies":"Orb Walker","floor":36,"turns":3},{"damage":17,"enemies":"2 Orb Walkers","floor":38,"turns":3},{"damage":43,"enemies":"Giant Head","floor":40,"turns":7},{"damage":67,"enemies":"Transient","floor":41,"turns":6},{"damage":0,"enemies":"3 Darklings","floor":46,"turns":5},{"damage":13,"enemies":"Time Eater","floor":50,"turns":8},{"damage":53,"enemies":"Donu and Deca","floor":51,"turns":9},{"damage":136,"enemies":"Shield and Spear","floor":55,"turns":9},{"damage":19,"enemies":"The Heart","floor":56,"turns":2}],"seed_played":"-8966998782733167561","potions_obtained":[{"floor":2,"key":"GamblersBrew"},{"floor":3,"key":"ColorlessPotion"},{"floor":8,"key":"Weak Potion"},{"floor":10,"key":"PowerPotion"},{"floor":21,"key":"BlessingOfTheForge"},{"floor":23,"key":"SteroidPotion"},{"floor":25,"key":"Ancient Potion"},{"floor":27,"key":"Fruit Juice"},{"floor":29,"key":"ElixirPotion"},{"floor":33,"key":"DistilledChaos"},{"floor":35,"key":"GamblersBrew"},{"floor":38,"key":"Block Potion"},{"floor":40,"key":"Regen Potion"},{"floor":41,"key":"FairyPotion"},{"floor":46,"key":"Strength Potion"},{"floor":55,"key":"SteroidPotion"}],"is_trial":false,"path_per_floor":["M","M","M","M","?","R","?","E","T","E","$","R","M","?","R","B",null,"M","?","$","M","?","E","R","E","T","E","R","E","R","?","R","B",null,"M","M","?","?","?","E","M","R","T","$","R","M","R","$","R","B","B",null,"R","$","E","B"],"character_chosen":"IRONCLAD","items_purchased":["Pen Nib","Ghostly Armor","Membership Card","Red Skull","Blood Vial","FearPotion"],"campfire_rested":5,"item_purchase_floors":[11,20,44,44,44,54],"current_hp_per_floor":[66,65,61,39,39,39,39,31,31,25,25,25,37,37,37,28,58,39,39,39,21,21,13,33,28,28,10,32,8,32,32,56,63,76,75,75,75,69,69,72,14,38,38,38,38,80,80,80,80,80,80,80,80,80,16,0,0],"gold":61,"neow_bonus":"BOSS_RELIC","is_daily":false,"chose_seed":false,"campfire_upgraded":6,"win_rate":0.0,"timestamp":1614289736,"path_taken":["M","M","M","?","?","R","?","E","T","E","$","R","?","?","R","BOSS","M","?","$","M","?","E","R","E","T","E","R","E","R","?","R","BOSS","M","?","?","?","?","E","?","R","T","$","R","M","R","?","R","BOSS","BOSS","R","$","E","BOSS"],"items_purchased_type":["Relic","Card","Relic","Relic","Relic","Potion"],"build_version":"2020-12-22","purchased_purges":3,"victory":false,"max_hp_per_floor":[75,75,75,75,75,75,75,75,75,75,75,75,75,68,68,68,68,68,68,68,68,68,68,68,75,75,75,75,80,80,80,80,80,80,80,80,80,80,80,80,80,80,80,80,80,80,80,80,80,80,80,80,80,80,80,80,80],"card_choices":[{"not_picked":["Iron Wave","Clash"],"picked":"Carnage","floor":1},{"not_picked":["Sever Soul","Body Slam"],"picked":"Thunderclap","floor":2},{"not_picked":["Heavy Blade","Havoc"],"picked":"Carnage","floor":3},{"not_picked":["Havoc","Clothesline"],"picked":"True Grit","floor":4},{"not_picked":["Wild Strike","Shrug It Off"],"picked":"Reaper","floor":8},{"not_picked":["Heavy Blade","Intimidate"],"picked":"Feel No Pain","floor":10},{"not_picked":["Havoc","True Grit","Carnage"],"picked":"SKIP","floor":13},{"not_picked":["Berserk","Bludgeon"],"picked":"Demon Form","floor":16},{"not_picked":["Anger","Clash"],"picked":"Intimidate","floor":18},{"not_picked":["Seeing Red","Headbutt","Evolve"],"picked":"SKIP","floor":21},{"not_picked":["Perfected Strike","Whirlwind"],"picked":"Cleave+1","floor":23},{"not_picked":["Perfected Strike","Flex"],"picked":"Infernal Blade+1","floor":25},{"not_picked":["Feel No Pain+1","Anger","Rampage"],"picked":"SKIP","floor":27},{"not_picked":["Juggernaut","Clash"],"picked":"Warcry+1","floor":29},{"not_picked":["Brutality","Demon Form"],"picked":"Exhume","floor":33},{"not_picked":["Evolve","Thunderclap+1","Sword Boomerang"],"picked":"SKIP","floor":35},{"not_picked":["Searing Blow","Shrug It Off"],"picked":"Metallicize+1","floor":36},{"not_picked":["Panache","Magnetism"],"picked":"Discovery","floor":37},{"not_picked":["Warcry","Anger"],"picked":"Shrug It Off+1","floor":40},{"not_picked":["Clothesline","Pommel Strike"],"picked":"Feel No Pain+1","floor":41},{"not_picked":["Anger","Iron Wave","Second Wind"],"picked":"SKIP","floor":46},{"not_picked":["Havoc","Iron Wave"],"picked":"Impervious","floor":55}],"player_experience":1698759,"relics_obtained":[{"floor":8,"key":"Vajra"},{"floor":9,"key":"Anchor"},{"floor":10,"key":"MawBank"},{"floor":23,"key":"White Beast Statue"},{"floor":25,"key":"Strawberry"},{"floor":26,"key":"Ancient Tea Set"},{"floor":27,"key":"Kunai"},{"floor":29,"key":"Letter Opener"},{"floor":38,"key":"Thread and Needle"},{"floor":40,"key":"War Paint"},{"floor":55,"key":"Eternal Feather"}],"event_choices":[{"damage_healed":0,"gold_gain":0,"player_choice":"Grow","damage_taken":0,"max_hp_gain":0,"max_hp_loss":0,"event_name":"Living Wall","floor":5,"gold_loss":0,"cards_upgraded":["Carnage"]},{"damage_healed":0,"gold_gain":0,"player_choice":"Upgraded","damage_taken":0,"max_hp_gain":0,"max_hp_loss":0,"event_name":"Upgrade Shrine","floor":7,"gold_loss":0,"cards_upgraded":["True Grit"]},{"damage_healed":0,"gold_gain":0,"player_choice":"Lose Max HP","damage_taken":0,"relics_obtained":["Golden Idol"],"max_hp_gain":0,"max_hp_loss":7,"event_name":"Golden Idol","floor":14,"gold_loss":0},{"damage_healed":0,"gold_gain":0,"player_choice":"Simplicity","damage_taken":0,"max_hp_gain":0,"max_hp_loss":0,"event_name":"Back to Basics","floor":19,"gold_loss":0,"cards_upgraded":["Strike_R","Strike_R","Strike_R","Strike_R","Strike_R","Defend_R","Defend_R","Defend_R","Defend_R"]},{"damage_healed":0,"gold_gain":0,"player_choice":"Ignored","damage_taken":0,"max_hp_gain":0,"max_hp_loss":0,"event_name":"The Mausoleum","floor":22,"gold_loss":0},{"damage_healed":0,"gold_gain":0,"player_choice":"Bet on Murderer","damage_taken":0,"max_hp_gain":0,"max_hp_loss":0,"event_name":"The Joust","floor":31,"gold_loss":50},{"damage_healed":0,"gold_gain":0,"player_choice":"Memory 1","damage_taken":0,"max_hp_gain":0,"max_hp_loss":0,"event_name":"SensoryStone","floor":37,"gold_loss":0},{"damage_healed":0,"gold_gain":0,"player_choice":"Fight","damage_taken":0,"max_hp_gain":0,"max_hp_loss":0,"event_name":"Mysterious Sphere","floor":38,"gold_loss":0},{"damage_healed":0,"gold_gain":0,"player_choice":"Gave Potion","damage_taken":0,"relics_obtained":["Art of War"],"max_hp_gain":0,"max_hp_loss":0,"event_name":"WeMeetAgain","floor":39,"gold_loss":0}],"is_beta":false,"boss_relics":[{"not_picked":["Sozu","Runic Dome"],"picked":"Runic Pyramid"},{"not_picked":["Runic Cube","SacredBark"],"picked":"Philosopher\u0027s Stone"}],"items_purged_floors":[44,48,54],"is_endless":false,"potions_floor_spawned":[2,3,8,10,21,23,25,27,29,33,35,36,38,40,41,46,55],"killed_by":"The Heart","ascension_level":20}}