{"host":"o88u0awh8mkwl1l8","time":1614223824,"event":{"mods":["BaseMod","Colored Map","Highlight Path","Minty Spire (QoL Compilation)","Relic Sorter"],"gold_per_floor":[112,130,55,69,85,110,110,110,190,190,203,233,262,273,273,350,350,363,453,465,476,46,81,81,81,108,8,25,38,38,38,38,38,38],"floor_reached":33,"language":"JPN","playtime":1513,"items_purged":["Defend_P","Strike_P"],"score":704,"play_id":"6679ee1b-efcc-4ba9-963f-cfd79594d84e","local_time":"20210225123024","is_ascension_mode":true,"campfire_choices":[{"data":"SandsOfTime","floor":7.0,"key":"SMITH"},{"data":"Secret Weapon","floor":10.0,"key":"SMITH"},{"data":"Conclude","floor":15.0,"key":"SMITH"},{"floor":25.0,"key":"REST"},{"data":"Alpha","floor":32,"key":"SMITH"}],"circlet_count":0,"master_deck":["AscendersBane","Strike_P","Defend_P","Defend_P+1","Defend_P","Eruption","Vigilance+1","Secret Weapon+1","BowlingBash","CutThroughFate","SandsOfTime+1","Crescendo","BattleHymn","Conclude+1","CrushJoints","SpiritShield","Study+1","BowlingBash","Master of Strategy","DevaForm","Alpha+1"],"relics":["Ice Cream","White Beast Statue","SacredBark","War Paint","Strange Spoon","Juzu Bracelet","Nloth\u0027s Gift","Bronze Scales"],"acts_visited":["Exordium","TheCity"],"potions_floor_usage":[28,29],"damage_taken":[{"damage":8.0,"enemies":"Small Slimes","floor":1.0,"turns":5.0},{"damage":0.0,"enemies":"2 Louse","floor":2.0,"turns":2.0},{"damage":7.0,"enemies":"Jaw Worm","floor":4.0,"turns":4.0},{"damage":5.0,"enemies":"3 Louse","floor":5.0,"turns":4.0},{"damage":16.0,"enemies":"Gremlin Nob","floor":6.0,"turns":3.0},{"damage":5.0,"enemies":"Red Slaver","floor":11.0,"turns":4.0},{"damage":12.0,"enemies":"3 Sentries","floor":13.0,"turns":4.0},{"damage":0.0,"enemies":"Large Slime","floor":14.0,"turns":3.0},{"damage":0.0,"enemies":"Slime Boss","floor":16.0,"turns":4.0},{"damage":17.0,"enemies":"2 Thieves","floor":18.0,"turns":3.0},{"damage":0.0,"enemies":"Spheric Guardian","floor":20.0,"turns":3.0},{"damage":2.0,"enemies":"Shelled Parasite and Fungi","floor":21.0,"turns":2.0},{"damage":0.0,"enemies":"Slavers","floor":23.0,"turns":1.0},{"damage":21,"enemies":"Snake Plant","floor":28,"turns":3},{"damage":0,"enemies":"Cultist and Chosen","floor":29,"turns":3},{"damage":20,"enemies":"Champ","floor":33,"turns":3}],"seed_played":"357020446397226172","potions_obtained":[{"floor":4.0,"key":"Fruit Juice"},{"floor":5.0,"key":"CultistPotion"},{"floor":6.0,"key":"AttackPotion"},{"floor":13.0,"key":"BottledMiracle"},{"floor":14.0,"key":"SteroidPotion"},{"floor":18.0,"key":"EssenceOfSteel"},{"floor":21.0,"key":"Explosive Potion"},{"floor":23.0,"key":"AttackPotion"},{"floor":28,"key":"BottledMiracle"},{"floor":29,"key":"Fruit Juice"}],"is_trial":false,"path_per_floor":["M","M","?","M","M","E","R","?","T","R","M","?","E","M","R","B",null,"M","?","M","M","$","E","?","R","T","$","M","M","?","?","R","B"],"character_chosen":"WATCHER","items_purchased":["Strange Spoon","Master of Strategy"],"campfire_rested":1,"item_purchase_floors":[22,22],"current_hp_per_floor":[53,53,53,46,41,30,30,30,30,30,25,25,13,13,13,13,58,41,29,29,27,27,27,27,48,48,48,27,37,37,37,37,17,17],"gold":38,"neow_bonus":"RANDOM_COLORLESS_2","is_daily":false,"chose_seed":false,"campfire_upgraded":4,"win_rate":0.0,"timestamp":1614223824,"path_taken":["M","M","?","M","M","E","R","?","T","R","M","?","E","?","R","BOSS","M","?","M","M","$","E","?","R","T","?","M","M","?","?","R","BOSS"],"items_purchased_type":["Relic","Card"],"build_version":"2020-12-22","purchased_purges":2,"victory":false,"max_hp_per_floor":[68,68,68,68,68,73,73,73,73,73,73,73,73,73,73,73,73,73,73,73,73,73,73,73,73,73,73,73,83,83,83,83,83,83],"card_choices":[{"not_picked":["Mayhem","Chrysalis"],"picked":"Secret Weapon","floor":0.0},{"not_picked":["Study","DeceiveReality"],"picked":"BowlingBash","floor":1.0},{"not_picked":["Worship","Nirvana","PathToVictory"],"picked":"SKIP","floor":2.0},{"not_picked":["Swivel","Study"],"picked":"CutThroughFate","floor":4.0},{"not_picked":["Wireheading","Sanctity"],"picked":"SandsOfTime","floor":5.0},{"not_picked":["EmptyFist","FollowUp"],"picked":"Crescendo","floor":6.0},{"not_picked":["Collect","EmptyBody"],"picked":"BattleHymn","floor":11.0},{"not_picked":["ReachHeaven","InnerPeace"],"picked":"Conclude","floor":13.0},{"not_picked":["SashWhip","Fasting2"],"picked":"CrushJoints","floor":14.0},{"not_picked":["Vault","DeusExMachina"],"picked":"SpiritShield","floor":16.0},{"not_picked":["Consecrate","ForeignInfluence"],"picked":"Study+1","floor":18.0},{"not_picked":["WreathOfFlame","CutThroughFate"],"picked":"BowlingBash","floor":20.0},{"not_picked":["Crescendo","Study","FlyingSleeves"],"picked":"SKIP","floor":21.0},{"not_picked":["BowlingBash","Worship"],"picked":"DevaForm","floor":23.0},{"not_picked":["JustLucky","Collect","BowlingBash+1"],"picked":"SKIP","floor":28},{"not_picked":["Conclude","Collect"],"picked":"Alpha","floor":29}],"player_experience":1344312,"relics_obtained":[{"floor":6.0,"key":"Ice Cream"},{"floor":9.0,"key":"White Beast Statue"},{"floor":13.0,"key":"War Paint"},{"floor":23.0,"key":"Juzu Bracelet"},{"floor":26.0,"key":"Bronze Scales"}],"event_choices":[{"cards_removed":["Writhe"],"damage_healed":0.0,"max_hp_gain":0.0,"max_hp_loss":0.0,"gold_gain":0.0,"event_name":"The Cleric","player_choice":"Card Removal","floor":3.0,"gold_loss":75.0,"damage_taken":0.0},{"cards_removed":["Strike_P"],"damage_healed":0.0,"max_hp_gain":0.0,"max_hp_loss":0.0,"gold_gain":0.0,"event_name":"Living Wall","player_choice":"Forget","floor":8.0,"gold_loss":0.0,"damage_taken":0.0},{"damage_healed":0.0,"max_hp_gain":0.0,"max_hp_loss":0.0,"gold_gain":30.0,"event_name":"Dead Adventurer","player_choice":"Searched \u00271\u0027 times","floor":12.0,"gold_loss":0.0,"damage_taken":0.0},{"damage_healed":0.0,"max_hp_gain":0.0,"max_hp_loss":0.0,"gold_gain":90.0,"event_name":"Knowing Skull","player_choice":"GOLD ","floor":19.0,"potions_obtained":[],"gold_loss":0.0,"damage_taken":12.0,"cards_obtained":[]},{"damage_healed":0.0,"max_hp_gain":0.0,"max_hp_loss":0.0,"gold_gain":0.0,"event_name":"N\u0027loth","player_choice":"Traded Relic","floor":24.0,"relics_lost":["PureWater"],"gold_loss":0.0,"damage_taken":0.0,"relics_obtained":["Nloth\u0027s Gift"]},{"damage_healed":0,"gold_gain":0,"player_choice":"Ignored","damage_taken":0,"max_hp_gain":0,"max_hp_loss":0,"event_name":"Cursed Tome","floor":30,"gold_loss":0},{"cards_removed":["Strike_P"],"damage_healed":0,"gold_gain":0,"player_choice":"Elegance","damage_taken":0,"max_hp_gain":0,"max_hp_loss":0,"event_name":"Back to Basics","floor":31,"gold_loss":0}],"is_beta":false,"boss_relics":[{"not_picked":["Tiny House","VioletLotus"],"picked":"SacredBark"}],"items_purged_floors":[22,27],"is_endless":false,"potions_floor_spawned":[4,5,6,11,13,14,16,18,20,21,23,28,29],"killed_by":"Champ","ascension_level":20}}