{"host":"phy652c7lim9lcu2","time":1614249959,"event":{"mods":["BaseMod","Colored Powertips","Googly Eyes","Minty Spire (QoL Compilation)","Relic Stats","Spicy Shops","StSLib","everything is the same but u backflip on backflip"],"gold_per_floor":[116,130,144,144,163,191,43,76,99,114,114,148,148,148,148,247,247,262,281,299,315,414,414,414,414],"floor_reached":24,"language":"ENG","playtime":712,"items_purged":[],"score":483,"play_id":"30968428-8f6f-4619-a70b-0938fbc0c8a3","local_time":"20210225204559","is_ascension_mode":true,"campfire_choices":[{"data":"BattleHymn","floor":11.0,"key":"SMITH"},{"data":"SashWhip","floor":13.0,"key":"SMITH"},{"data":"CrushJoints","floor":15.0,"key":"SMITH"}],"circlet_count":0,"master_deck":["AscendersBane","Strike_P+1","Strike_P+1","Strike_P","Strike_P","Defend_P","Defend_P","Defend_P","Defend_P","Eruption","Vigilance","WindmillStrike","Wireheading","ThirdEye","FlurryOfBlows","Wireheading","DevaForm","SashWhip+1","BattleHymn+1","CrushJoints+1","Wish","EmptyFist","Tantrum"],"relics":["PureWater","NeowsBlessing","Bronze Scales","Boot","Whetstone","Strawberry","Golden Idol","Snecko Eye"],"acts_visited":["Exordium","TheCity"],"potions_floor_usage":[21,24],"damage_taken":[{"damage":0.0,"enemies":"2 Louse","floor":1.0,"turns":2.0},{"damage":0.0,"enemies":"Small Slimes","floor":2.0,"turns":1.0},{"damage":0.0,"enemies":"Jaw Worm","floor":3.0,"turns":1.0},{"damage":10.0,"enemies":"2 Fungi Beasts","floor":5.0,"turns":3.0},{"damage":0.0,"enemies":"Lagavulin","floor":6.0,"turns":4.0},{"damage":18.0,"enemies":"3 Sentries","floor":8.0,"turns":8.0},{"damage":4.0,"enemies":"Looter","floor":10.0,"turns":4.0},{"damage":24.0,"enemies":"Gremlin Nob","floor":12.0,"turns":5.0},{"damage":0,"enemies":"Slime Boss","floor":16,"turns":3},{"damage":0,"enemies":"Spheric Guardian","floor":18,"turns":2},{"damage":12,"enemies":"3 Byrds","floor":19,"turns":3},{"damage":17,"enemies":"Shelled Parasite and Fungi","floor":20,"turns":5},{"damage":51,"enemies":"Sentry and Sphere","floor":21,"turns":6},{"damage":40,"enemies":"Slavers","floor":24,"turns":2}],"seed_played":"-5390766109191402884","potions_obtained":[{"floor":2.0,"key":"FairyPotion"},{"floor":3.0,"key":"Energy Potion"},{"floor":5.0,"key":"SteroidPotion"},{"floor":6.0,"key":"Block Potion"},{"floor":16,"key":"AttackPotion"},{"floor":21,"key":"LiquidBronze"}],"is_trial":false,"path_per_floor":["M","M","M","?","M","E","$","E","T","M","R","E","R","?","R","B",null,"M","M","M","M","?","?","E"],"character_chosen":"WATCHER","items_purchased":["DevaForm","Boot"],"campfire_rested":0,"item_purchase_floors":[7,7],"current_hp_per_floor":[65,65,65,70,60,60,60,42,42,38,38,21,21,21,21,21,64,64,52,35,12,12,38,0,0],"gold":414,"neow_bonus":"THREE_ENEMY_KILL","is_daily":false,"chose_seed":false,"campfire_upgraded":3,"win_rate":0.0,"timestamp":1614249959,"path_taken":["M","M","M","?","M","E","$","E","T","M","R","E","R","?","R","BOSS","M","M","M","M","?","?","E"],"items_purchased_type":["Card","Relic"],"build_version":"2020-12-22","purchased_purges":0,"victory":false,"max_hp_per_floor":[72,72,72,77,77,77,77,77,77,77,77,84,84,78,78,78,78,78,78,78,78,78,78,78,78],"relic_stats":{"counters":[14,49],"Golden Idol":34,"Bronze Scales":[116],"Snecko Eye":[30,39,28,24],"Whetstone":["Strike_P","Strike_P"],"Boot":[17],"obtain_stats":[{"NeowsBlessing":0,"Golden Idol":14,"Bronze Scales":6,"Strawberry":12,"Snecko Eye":17,"Whetstone":8,"PureWater":0,"Boot":7},{"NeowsBlessing":0,"Golden Idol":8,"Bronze Scales":5,"Strawberry":8,"Snecko Eye":9,"Whetstone":6,"PureWater":0,"Boot":5},{"NeowsBlessing":0,"Golden Idol":28,"Bronze Scales":11,"Strawberry":28,"Snecko Eye":31,"Whetstone":19,"PureWater":0,"Boot":11}]},"card_choices":[{"not_picked":["Prostrate","Crescendo"],"picked":"WindmillStrike","floor":1.0},{"not_picked":["PathToVictory","WaveOfTheHand"],"picked":"Wireheading","floor":2.0},{"not_picked":["Vengeance","Protect"],"picked":"ThirdEye","floor":3.0},{"not_picked":["Worship","Swivel"],"picked":"FlurryOfBlows","floor":5.0},{"not_picked":["FearNoEvil","EmptyBody"],"picked":"Wireheading","floor":6.0},{"not_picked":["EmptyFist","FlyingSleeves"],"picked":"SashWhip","floor":8.0},{"not_picked":["DeceiveReality","Crescendo"],"picked":"BattleHymn","floor":10.0},{"not_picked":["JustLucky","SignatureMove"],"picked":"CrushJoints","floor":12.0},{"not_picked":["DevaForm","Establishment"],"picked":"Wish","floor":16},{"not_picked":["Evaluate","ReachHeaven+1","Crescendo"],"picked":"SKIP","floor":18},{"not_picked":["FlurryOfBlows","SashWhip","Vengeance"],"picked":"SKIP","floor":19},{"not_picked":["CutThroughFate","Evaluate+1"],"picked":"EmptyFist","floor":20},{"not_picked":["Evaluate+1","CutThroughFate"],"picked":"Tantrum","floor":21}],"player_experience":368600,"relics_obtained":[{"floor":6.0,"key":"Bronze Scales"},{"floor":8.0,"key":"Whetstone"},{"floor":12.0,"key":"Strawberry"}],"event_choices":[{"damage_healed":0.0,"max_hp_gain":5.0,"max_hp_loss":0.0,"gold_gain":0.0,"event_name":"Big Fish","player_choice":"Donut","floor":4.0,"gold_loss":0.0,"damage_taken":0.0},{"damage_healed":0.0,"max_hp_gain":0.0,"max_hp_loss":6.0,"gold_gain":0.0,"event_name":"Golden Idol","player_choice":"Lose Max HP","floor":14.0,"gold_loss":0.0,"damage_taken":0.0,"relics_obtained":["Golden Idol"]},{"damage_healed":0,"gold_gain":99,"player_choice":"Stole From Cult","damage_taken":0,"max_hp_gain":0,"max_hp_loss":0,"event_name":"Nest","floor":22,"gold_loss":0},{"damage_healed":26,"gold_gain":0,"player_choice":"Heal","damage_taken":0,"max_hp_gain":0,"max_hp_loss":0,"event_name":"The Library","floor":23,"gold_loss":0}],"is_beta":false,"boss_relics":[{"not_picked":["Empty Cage","SlaversCollar"],"picked":"Snecko Eye"}],"items_purged_floors":[],"is_endless":false,"potions_floor_spawned":[2,3,5,6,16,20,21],"killed_by":"Slavers","ascension_level":13}}