{"host":"u1dfzl6o6mfmauc3","time":1614224364,"event":{"mods":["2.2 Compatiblity","AchievementEnabler","BaseMod","Bestiary","Block Reminder","Challenge The Spire","Colored Map","Dark Map","Hermit","Highlight Path","Minty Spire (QoL Compilation)","Random Character Button","Rare Cards Sparkle","Relic Stats","Robot Space Explorer","StSLib","The Disciple"],"gold_per_floor":[112,112,42,42,54,83,4,18,72,72,104,104,117,177,190,190,190,294,294,307,4,0,0,19,19,37,62,85,85,130,130,130],"floor_reached":31,"language":"ENG","playtime":1297,"items_purged":[],"score":377,"play_id":"9adc62e5-55d6-49e6-b4b0-a8eb5bdb4196","local_time":"20210224223924","is_ascension_mode":true,"campfire_choices":[{"data":"hermit:CursedWeapon","floor":12,"key":"SMITH"},{"floor":16,"key":"REST"},{"data":"hermit:ShadowCloak","floor":17,"key":"SMITH"},{"data":"hermit:HeroicBravado","floor":25,"key":"SMITH"}],"circlet_count":0,"master_deck":["hermit:Defend_Hermit","hermit:Defend_Hermit","hermit:Defend_Hermit","hermit:Defend_Hermit","hermit:Snapshot","hermit:Covet","hermit:ShadowCloak+1","hermit:Vantage","hermit:CursedWeapon+1","hermit:GoldenBullet","hermit:PistolWhip","hermit:NoHoldsBarred","hermit:Glare","hermit:HeroicBravado+1","hermit:FlashPowder+1","hermit:Malice+1","hermit:Quickdraw+1","hermit:LoneWolf+1","hermit:FromBeyond","Bite","Bite","Bite","Bite","Bite"],"relics":["hermit:Momento","Mango","Centennial Puzzle","hermit:RyeStalk","MealTicket","Bag of Preparation","Ancient Tea Set","Sundial","Astrolabe","Membership Card","WingedGreaves","Boot","CeramicFish","Happy Flower"],"acts_visited":["Exordium","TheCity"],"potions_floor_usage":[18,18,27,31],"damage_taken":[{"damage":0,"enemies":"Small Slimes","floor":1,"turns":3},{"damage":0,"enemies":"Cultist","floor":5,"turns":4},{"damage":28,"enemies":"3 Sentries","floor":6,"turns":12},{"damage":9,"enemies":"2 Louse","floor":8,"turns":3},{"damage":5,"enemies":"Gremlin Nob","floor":11,"turns":3},{"damage":1,"enemies":"Blue Slaver","floor":13,"turns":2},{"damage":9,"enemies":"3 Sentries","floor":14,"turns":4},{"damage":6,"enemies":"Red Slaver","floor":15,"turns":2},{"damage":33,"enemies":"Hexaghost","floor":18,"turns":12},{"damage":10,"enemies":"3 Byrds","floor":20,"turns":6},{"damage":10,"enemies":"Chosen","floor":24,"turns":2},{"damage":12,"enemies":"Shelled Parasite and Fungi","floor":26,"turns":4},{"damage":31,"enemies":"Book of Stabbing","floor":27,"turns":6},{"damage":28,"enemies":"Slavers","floor":31,"turns":3}],"seed_played":"7065527078888398461","potions_obtained":[{"floor":6,"key":"SpeedPotion"},{"floor":11,"key":"Weak Potion"},{"floor":14,"key":"hermit:BlackBile"},{"floor":18,"key":"hermit:Tonic"},{"floor":24,"key":"ColorlessPotion"},{"floor":27,"key":"SteroidPotion"}],"is_trial":false,"path_per_floor":["M","?","$","?","M","E","$","M","T","T","E","R","M","?","M","R","R","B",null,"M","$","?","?","M","R","M","E","T","T","?","E"],"character_chosen":"HERMIT","items_purchased":["hermit:ShadowCloak","hermit:GoldenBullet","Membership Card","WingedGreaves"],"campfire_rested":1,"item_purchase_floors":[3,7,21,21],"current_hp_per_floor":[64,89,89,77,77,49,49,40,40,40,35,35,34,25,19,45,45,12,70,60,75,75,75,65,65,53,22,22,22,22,0,0],"gold":130,"neow_bonus":"ONE_RARE_RELIC","is_daily":false,"chose_seed":false,"campfire_upgraded":3,"win_rate":0.0,"timestamp":1614224364,"path_taken":["M","?","?","?","M","E","?","?","T","T","E","R","M","?","M","R","R","BOSS","M","$","?","?","?","R","M","E","T","T","?","E"],"items_purchased_type":["Card","Card","Relic","Relic"],"build_version":"2020-12-22","purchased_purges":0,"victory":false,"max_hp_per_floor":[89,89,89,89,89,89,89,89,89,89,89,89,89,89,89,89,89,89,89,89,89,89,89,89,89,89,89,89,89,62,62,62],"relic_stats":{"Centennial Puzzle":[36],"Happy Flower":[1],"counters":[14,66],"Sundial":[6],"Astrolabe":["hermit:FlashPowder","hermit:Malice","hermit:Quickdraw"],"CeramicFish":45,"MealTicket":15,"Bag of Preparation":[20],"Boot":[0],"obtain_stats":[{"Happy Flower":29,"Astrolabe":19,"CeramicFish":28,"Mango":0,"Bag of Preparation":10,"Ancient Tea Set":11,"Boot":27,"hermit:RyeStalk":6,"Centennial Puzzle":4,"Sundial":14,"MealTicket":9,"WingedGreaves":21,"Membership Card":21,"hermit:Momento":0},{"Happy Flower":13,"Astrolabe":9,"CeramicFish":13,"Mango":0,"Bag of Preparation":4,"Ancient Tea Set":5,"Boot":13,"hermit:RyeStalk":3,"Centennial Puzzle":1,"Sundial":6,"MealTicket":4,"WingedGreaves":10,"Membership Card":10,"hermit:Momento":0},{"Happy Flower":63,"Astrolabe":45,"CeramicFish":63,"Mango":0,"Bag of Preparation":22,"Ancient Tea Set":25,"Boot":63,"hermit:RyeStalk":19,"Centennial Puzzle":3,"Sundial":27,"MealTicket":22,"WingedGreaves":51,"Membership Card":51,"hermit:Momento":0}]},"card_choices":[{"not_picked":["hermit:Vantage","hermit:WideOpen"],"picked":"hermit:FlashPowder","floor":1},{"not_picked":["hermit:BigShot","hermit:LowProfile"],"picked":"hermit:Vantage","floor":5},{"not_picked":["hermit:Glare","hermit:FullyLoaded"],"picked":"hermit:CursedWeapon","floor":6},{"not_picked":["hermit:Scavenge","hermit:EyeOfTheStorm"],"picked":"hermit:PistolWhip","floor":8},{"not_picked":["hermit:HighCaliber","hermit:GoldenBullet"],"picked":"hermit:NoHoldsBarred","floor":11},{"not_picked":["hermit:Maintenance","hermit:CursedWeapon"],"picked":"hermit:Glare","floor":13},{"not_picked":["hermit:HighCaliber","hermit:Headshot","hermit:Snipe"],"picked":"SKIP","floor":15},{"not_picked":["hermit:HighNoon","hermit:OverwhelmingPower"],"picked":"hermit:HeroicBravado","floor":18},{"not_picked":["hermit:EyeOfTheStorm","hermit:PistolWhip"],"picked":"hermit:LoneWolf+1","floor":20},{"not_picked":["hermit:PistolWhip","hermit:CalledShot","hermit:Horror"],"picked":"SKIP","floor":24},{"not_picked":["hermit:Feint","hermit:HoleUp","hermit:Showdown"],"picked":"SKIP","floor":26},{"not_picked":["hermit:DeadMansHand","hermit:LoneWolf"],"picked":"hermit:FromBeyond","floor":27}],"player_experience":268643,"relics_obtained":[{"floor":6,"key":"hermit:RyeStalk"},{"floor":9,"key":"MealTicket"},{"floor":10,"key":"Bag of Preparation"},{"floor":11,"key":"Ancient Tea Set"},{"floor":27,"key":"Boot"},{"floor":28,"key":"CeramicFish"},{"floor":29,"key":"Happy Flower"}],"event_choices":[{"cards_removed":["hermit:FlashPowder"],"damage_healed":25,"gold_gain":0,"player_choice":"Offered Uncommon","damage_taken":0,"max_hp_gain":0,"max_hp_loss":0,"event_name":"Bonfire Elementals","floor":2,"gold_loss":0},{"damage_healed":0,"gold_gain":0,"player_choice":"Success","damage_taken":12,"relics_obtained":["Centennial Puzzle"],"max_hp_gain":0,"max_hp_loss":0,"event_name":"Scrap Ooze","floor":4,"gold_loss":0},{"damage_healed":0,"gold_gain":0,"player_choice":"Searched \u00272\u0027 times","damage_taken":0,"relics_obtained":["Sundial"],"max_hp_gain":0,"max_hp_loss":0,"event_name":"Dead Adventurer","floor":14,"gold_loss":0},{"damage_healed":0,"gold_gain":0,"player_choice":"Paid Fearfully","damage_taken":0,"max_hp_gain":0,"max_hp_loss":0,"event_name":"Masked Bandits","floor":22,"gold_loss":4},{"cards_removed":["hermit:Strike_Hermit"],"damage_healed":0,"gold_gain":0,"player_choice":"Purged","damage_taken":0,"max_hp_gain":0,"max_hp_loss":0,"event_name":"Purifier","floor":23,"gold_loss":0},{"damage_healed":0,"gold_gain":0,"player_choice":"Became a vampire","damage_taken":0,"max_hp_gain":0,"max_hp_loss":27,"event_name":"Vampires","floor":30,"gold_loss":0,"cards_obtained":["Bite","Bite","Bite","Bite","Bite"]}],"is_beta":false,"boss_relics":[{"not_picked":["SlaversCollar","Runic Pyramid"],"picked":"Astrolabe"}],"items_purged_floors":[],"is_endless":false,"potions_floor_spawned":[6,11,14,15,18,24,27],"killed_by":"Slavers","ascension_level":7}}