{"host":"1ot21gvocus9hpzo","time":1614290986,"event":{"mods":["BaseMod","Colored Map","Colored Powertips","Infinite Spire","Minty Spire (QoL Compilation)","StSLib"],"gold_per_floor":[113,125,135,210,180,180,193,221,221,221,221,247,247,9,9,108,108,122,133,133,133,146,146,166,166,166,116,128,161,161,111,111,213,213,228,178,194,204,204,204,231,251,251,262,262,280,295,311,311,311],"floor_reached":51,"language":"ENG","playtime":2517,"items_purged":["Strike_R","Pain","Strike_R","Sever Soul"],"score":724,"play_id":"505296e0-cf98-4ed8-8889-72dd38d01def","local_time":"20210225140946","is_ascension_mode":false,"campfire_choices":[{"data":"Body Slam","floor":6,"key":"SMITH"},{"data":"Barricade","floor":11,"key":"SMITH"},{"data":"Flame Barrier","floor":13,"key":"SMITH"},{"data":"Evolve","floor":15,"key":"SMITH"},{"floor":23,"key":"REST"},{"data":"Juggernaut","floor":25,"key":"SMITH"},{"data":"Metallicize","floor":30,"key":"SMITH"},{"floor":32,"key":"REST"},{"data":"Blind","floor":40,"key":"SMITH"},{"data":"infinitespire:Gouge","floor":45,"key":"SMITH"},{"data":"Feed","floor":49,"key":"SMITH"}],"circlet_count":0,"master_deck":["Bash","Blind+1","Evolve+1","Flame Barrier+1","Body Slam+1","Barricade+1","Wild Strike","True Grit+1","Juggernaut+1","infinitespire:Gouge+1","Shrug It Off+1","Metallicize+1","Reckless Charge","Shrug It Off+1","Juggernaut+1","Exhume+1","Flame Barrier+1","Intimidate+1","Inflame","Reckless Charge","Warcry+1","Shrug It Off+1","Disarm+1","Disarm+1","Flame Barrier+1","Feed+1"],"relics":["Burning Blood","Gambling Chip","Toxic Egg 2","White Beast Statue","Smiling Mask","infinitespire:Beetle Shell","SlaversCollar","WarpedTongs","infinitespire:Satchel","PreservedInsect","Pandora\u0027s Box","Omamori","The Courier"],"acts_visited":["Exordium","TheCity","TheBeyond"],"potions_floor_usage":[11,29,37,38,38,41,50],"damage_taken":[{"damage":5,"enemies":"Jaw Worm","floor":1,"turns":6},{"damage":1,"enemies":"2 Louse","floor":2,"turns":4},{"damage":0,"enemies":"Cultist","floor":3,"turns":5},{"damage":9,"enemies":"Looter","floor":5,"turns":4},{"damage":6,"enemies":"Red Slaver","floor":7,"turns":5},{"damage":45,"enemies":"Gremlin Nob","floor":8,"turns":6},{"damage":13,"enemies":"Hexaghost","floor":16,"turns":7},{"damage":28,"enemies":"Spheric Guardian","floor":18,"turns":9},{"damage":0,"enemies":"3 Byrds","floor":19,"turns":3},{"damage":10,"enemies":"Cultist and Chosen","floor":22,"turns":8},{"damage":16,"enemies":"Centurion and Healer","floor":24,"turns":9},{"damage":5,"enemies":"Snecko","floor":28,"turns":6},{"damage":13,"enemies":"Gremlin Leader","floor":29,"turns":6},{"damage":12,"enemies":"Collector","floor":33,"turns":7},{"damage":2,"enemies":"Orb Walker","floor":35,"turns":4},{"damage":0,"enemies":"3 Shapes","floor":37,"turns":6},{"damage":4,"enemies":"Transient","floor":38,"turns":5},{"damage":13,"enemies":"Reptomancer","floor":41,"turns":6},{"damage":7,"enemies":"Writhing Mass","floor":42,"turns":7},{"damage":12,"enemies":"Maw","floor":44,"turns":6},{"damage":0,"enemies":"Sphere and 2 Shapes","floor":46,"turns":6},{"damage":14,"enemies":"Transient","floor":47,"turns":5},{"damage":11,"enemies":"Writhing Mass","floor":48,"turns":8},{"damage":33,"enemies":"infinitespire:MassOfShapes","floor":50,"turns":9}],"seed_played":"-6924594821913686863","potions_obtained":[{"floor":3,"key":"ElixirPotion"},{"floor":8,"key":"BloodPotion"},{"floor":16,"key":"DistilledChaos"},{"floor":18,"key":"PowerPotion"},{"floor":29,"key":"Weak Potion"},{"floor":33,"key":"Energy Potion"},{"floor":37,"key":"EssenceOfSteel"},{"floor":38,"key":"Fire Potion"},{"floor":41,"key":"FairyPotion"},{"floor":42,"key":"SteroidPotion"},{"floor":47,"key":"infinitespire:BlackPotion"}],"is_trial":false,"path_per_floor":["M","M","M","?","M","R","M","E","T","?","R","T","R","$","R","B",null,"M","M","?","?","M","R","M","R","T","$","M","E","R","$","R","B",null,"M","$","M","M","?","R","E","M","T","M","R","M","M","M","R","B",null],"character_chosen":"IRONCLAD","items_purchased":["infinitespire:Beetle Shell","True Grit+1"],"campfire_rested":2,"item_purchase_floors":[14,14],"current_hp_per_floor":[80,80,80,69,66,66,66,27,27,20,36,36,36,36,36,29,80,58,64,43,43,39,63,53,53,53,53,54,47,47,47,71,65,80,80,80,80,80,80,80,73,72,72,66,66,72,64,59,59,32],"gold":311,"neow_bonus":"RANDOM_COLORLESS","is_daily":false,"chose_seed":false,"campfire_upgraded":9,"win_rate":0.0,"timestamp":1614290986,"path_taken":["M","M","M","?","M","R","M","E","T","?","R","?","R","$","R","BOSS","M","M","?","?","M","R","?","R","T","$","M","E","R","$","R","BOSS","M","$","M","M","?","R","E","M","T","M","R","?","M","M","R","BOSS"],"items_purchased_type":["Relic","Card"],"build_version":"2020-12-22","purchased_purges":4,"victory":true,"max_hp_per_floor":[80,80,80,80,80,80,80,80,80,80,80,80,80,80,80,80,80,80,80,80,80,80,80,80,80,80,80,80,80,80,80,80,80,80,80,80,80,80,80,80,80,80,80,80,80,80,80,80,80,80],"card_choices":[{"not_picked":["Discovery","Swift Strike"],"picked":"Blind","floor":0},{"not_picked":["Pommel Strike","Perfected Strike"],"picked":"Evolve","floor":1},{"not_picked":["Clothesline","Flex"],"picked":"Flame Barrier","floor":2},{"not_picked":["Perfected Strike","Blood for Blood","Heavy Blade"],"picked":"SKIP","floor":3},{"not_picked":["Hemokinesis","Clothesline"],"picked":"Body Slam","floor":5},{"not_picked":["Ghostly Armor","Twin Strike"],"picked":"Barricade","floor":7},{"not_picked":["Dual Wield","Clothesline"],"picked":"Wild Strike","floor":8},{"not_picked":["Immolate","Offering+1"],"picked":"Juggernaut","floor":16},{"not_picked":["Perfected Strike","Evolve","Sever Soul"],"picked":"SKIP","floor":18},{"not_picked":["Anger","Havoc+1","Reckless Charge"],"picked":"SKIP","floor":19},{"not_picked":["infinitespire:Menacing","infinitespire:SealOfDarkness+"],"picked":"infinitespire:Gouge","floor":20},{"not_picked":["Anger","Twin Strike"],"picked":"Shrug It Off+1","floor":22},{"not_picked":["Armaments+1","Thunderclap+1"],"picked":"Metallicize","floor":24},{"not_picked":["Perfected Strike+1","Thunderclap"],"picked":"Reckless Charge","floor":28},{"not_picked":["Feel No Pain+1","Anger"],"picked":"Shrug It Off+1","floor":29},{"not_picked":["Limit Break+1","Immolate"],"picked":"Juggernaut","floor":33},{"not_picked":["Pommel Strike","Armaments+1","Rage+1"],"picked":"SKIP","floor":35},{"not_picked":["Rampage+1","Clash"],"picked":"Shrug It Off+1","floor":37},{"not_picked":["Searing Blow+1","Second Wind+1","True Grit+1"],"picked":"SKIP","floor":38},{"not_picked":["Evolve","Infernal Blade+1"],"picked":"Disarm+1","floor":41},{"not_picked":["Inflame+1","Clothesline+1"],"picked":"Disarm+1","floor":42},{"not_picked":["Feel No Pain+1","Anger","Sentinel+1"],"picked":"SKIP","floor":44},{"not_picked":["Wild Strike","Havoc+1","Bloodletting+1"],"picked":"SKIP","floor":46},{"not_picked":["Blood for Blood+1","Shockwave+1"],"picked":"Flame Barrier+1","floor":47},{"not_picked":["Hemokinesis","Pummel"],"picked":"Feed","floor":48}],"player_experience":3872598,"relics_obtained":[{"floor":8,"key":"Gambling Chip"},{"floor":9,"key":"Toxic Egg 2"},{"floor":12,"key":"Smiling Mask"},{"floor":26,"key":"infinitespire:Satchel"},{"floor":29,"key":"PreservedInsect"},{"floor":41,"key":"Omamori"},{"floor":43,"key":"The Courier"}],"event_choices":[{"damage_healed":0,"gold_gain":75,"player_choice":"Gather Gold","damage_taken":11,"max_hp_gain":0,"max_hp_loss":0,"event_name":"World of Goop","floor":4,"gold_loss":0},{"damage_healed":0,"gold_gain":0,"player_choice":"Success","damage_taken":7,"relics_obtained":["White Beast Statue"],"max_hp_gain":0,"max_hp_loss":0,"event_name":"Scrap Ooze","floor":10,"gold_loss":0},{"damage_healed":0,"gold_gain":0,"player_choice":"Rummage","damage_taken":0,"relics_obtained":["WarpedTongs"],"max_hp_gain":0,"max_hp_loss":0,"event_name":"Accursed Blacksmith","floor":21,"gold_loss":0,"cards_obtained":["Pain"]},{"damage_healed":0,"gold_gain":0,"player_choice":"Upgraded","damage_taken":0,"max_hp_gain":0,"max_hp_loss":0,"event_name":"Upgrade Shrine","floor":39,"gold_loss":0,"cards_upgraded":["Juggernaut"]}],"is_beta":false,"boss_relics":[{"not_picked":["Empty Cage","SacredBark"],"picked":"SlaversCollar"},{"not_picked":["Fusion Hammer","Busted Crown"],"picked":"Pandora\u0027s Box"}],"items_purged_floors":[14,27,31,36],"is_endless":false,"potions_floor_spawned":[3,8,16,18,19,22,24,28,29,33,35,37,38,41,42,44,46,47,48],"ascension_level":0}}