{"host":"gm50ke85n5jz306u","time":1614238522,"event":{"mods":["AchievementEnabler","AlwaysNeverKeys","Aspiration","BaseMod","Beaked The Cultist","Bestiary","Better Altar","Better Match","Better Note","Better Sensory Stone","Better Skull","Better Third Choice","Better Vampires","Better-Laid Plans","BetterRewards","Colored Powertips","Curses Come First","DNKmod","Defuse TimeMaze Blight","Disable Question Mark Monsters","Displayed Cursed Tome","Downfall","Emptier Cage","Extra Virgin Snecko Oil","Filter the Spire","Friendly Minions","Gremlin Skip","Hermit","Hubris","Hyrulean Relics","Ironclad Rager","Koishi","Lobotomy","Marisa????????","Marked Mod","Minty Spire (QoL Compilation)","Permanent Neow","Poor People Problems","Quick Restart","Reimu??????","Relic Filter Mod","Relic Sorter","Remove Card Discount Mod","Reorder Act Four","Replay The Spire","Shop Mod","StSLib","Synergy Search","Td1madao Mod","The Administrix","The Animator","The Blue Laboratory","The Bug Knight","The Construct","The Cursed","The Disciple","The Hierophant","The Necromancer","The Runesmith","The Senshi","The Servant 0.9.4","Thieving Mod","Transform Curses","WarShipGirlsR/????R mod"],"gold_per_floor":[10020,10048,8906,8906,8919,8953,8953,8953,8953,8953,8966,8982,8982,8982,8982,8365,8365,8470,8470,8483,8483,8495,7653,7653,7653,6819,6819,6819,6259,6269,6294,6294,6294,6294,6391,6491,6511,6511,6014,6033,6033,6033,6033,6033,6088,6088,6088,5480,5480,5480,5480,5480],"floor_reached":53,"language":"ENG","playtime":1961,"items_purged":["animator:Defend_Kancolle","animator:Strike_Konosuba","Bash","Strike_R","Strike_R","Strike_R","Strike_R","Flex","Strike_R","Pommel Strike","Sickly","Headbutt","Apotheosis+1"],"score":1123,"play_id":"eeeee8a0-c356-4cac-8389-0b6538176096","local_time":"20210225083522","is_ascension_mode":true,"campfire_choices":[{"data":"Rampage","floor":7.0,"key":"SMITH"},{"data":"Panache","floor":10.0,"key":"SMITH"},{"data":"Spot Weakness","floor":15.0,"key":"SMITH"},{"data":"Iron Wave","floor":17.0,"key":"SMITH"},{"data":"Apotheosis","floor":25.0,"key":"SMITH"},{"data":"Barricade","floor":27.0,"key":"SMITH"},{"data":"Metallicize","floor":32.0,"key":"SMITH"},{"data":"Defend_R","floor":34.0,"key":"SMITH"},{"data":"Headbutt","floor":42.0,"key":"SMITH"},{"data":"Headbutt","floor":44.0,"key":"SMITH"},{"data":"Demon Form","floor":47.0,"key":"SMITH"},{"data":"Defend_R","floor":49.0,"key":"SMITH"},{"data":"Defend_R","floor":51.0,"key":"SMITH"}],"circlet_count":0,"master_deck":["Defend_R+1","Defend_R+1","Defend_R+1","Defend_R+1","Panache+1","Headbutt+1","Rampage+1","Headbutt+1","Spot Weakness+1","Iron Wave+1","Barricade+1","Sword Boomerang+1","Double Tap+1","Metallicize+1","Demon Form+1","Headbutt+1","Cleave+1","Madness+1"],"relics":["Burning Blood","hubris:Icosahedron","Shuriken","InkBottle","animator:PurgingStone","hubris:DeckOfHolding","HandDrill","Charon\u0027s Ashes","ReplayTheSpireMod:Shallot","SlaversCollar","HornCleat","CaptainsWheel","aspiration:BabyByrd","MerchantsRug","Thread and Needle","hubris:PeanutButter","Question Card","Replay:Bottled Steam","hubris:Teleporter","FaceOfCleric","WingedGreaves","aspiration:Nostalgia","Tiny Chest","Boot","Replay:Wanted Poster","Mango","Juzu Bracelet","MealTicket","hubris:ChampionShield","Toxic Egg 2"],"acts_visited":["Exordium","TheCity","TheBeyond"],"potions_floor_usage":[],"damage_taken":[{"damage":1.0,"enemies":"Cultist","floor":1.0,"turns":4.0},{"damage":2.0,"enemies":"Small Slimes","floor":5.0,"turns":3.0},{"damage":30.0,"enemies":"Lagavulin","floor":6.0,"turns":5.0},{"damage":4.0,"enemies":"Jaw Worm","floor":11.0,"turns":2.0},{"damage":0.0,"enemies":"Lots of Slimes","floor":12.0,"turns":2.0},{"damage":0.0,"enemies":"Slime Boss","floor":18.0,"turns":7.0},{"damage":0.0,"enemies":"Chosen","floor":20.0,"turns":4.0},{"damage":5.0,"enemies":"Spheric Guardian","floor":22.0,"turns":4.0},{"damage":0.0,"enemies":"Shelled Parasite and Fungi","floor":30.0,"turns":4.0},{"damage":3.0,"enemies":"Gremlin Leader","floor":31.0,"turns":5.0},{"damage":0.0,"enemies":"Collector","floor":35.0,"turns":7.0},{"damage":0.0,"enemies":"3 Darklings","floor":37.0,"turns":4.0},{"damage":0.0,"enemies":"3 Shapes","floor":40.0,"turns":3.0},{"damage":16,"enemies":"Awakened One","floor":52,"turns":8}],"seed_played":"-6499767285088200371","potions_obtained":[],"is_trial":false,"path_per_floor":["M","?","$","?","M","E","R","?","T","R","M","M","PTL","PTL","R","$","R","B",null,"M","?","M","$","?","R","$","R","T","$","M","E","R","?","R","B",null,"M","?","$","M","?","R","R","R","T","T","R","$","R","?","R","B",null],"character_chosen":"IRONCLAD","items_purchased":["Thread and Needle","Brimstone","Rampage","MerchantsRug","Question Card","Flex","Flashbang","SpeedPotion","hubris:PeanutButter","hubris:Teleporter","Iron Wave","blueLaboratory:BubblePotion","WingedGreaves","hubris:DeckOfHolding","blueLaboratory:HummingbirdPotion","Adrenaline Potion","Apotheosis","CaptainsWheel","HandDrill","aspiration:Nostalgia","Headbutt","SmokeBomb","Tiny Chest","ReplayTheSpireMod:Shallot","Double Tap","Mango","Juzu Bracelet","BloodPotion","Toxic Egg 2","HornCleat","Madness+1","Fire Potion"],"campfire_rested":0,"item_purchase_floors":[3,3,3,3,3,3,3,3,16,16,16,16,23,23,23,23,23,26,26,26,26,26,29,29,29,39,39,39,48,48,48,48],"current_hp_per_floor":[77,57,57,56,60,36,36,36,36,36,38,44,44,44,44,44,44,50,73,79,79,81,81,81,81,81,81,81,81,82,83,83,83,83,84,84,85,85,99,100,100,100,100,100,100,100,100,100,100,100,100,91],"gold":5480,"neow_bonus":"RANDOM_COLORLESS_2","is_daily":false,"chose_seed":false,"campfire_upgraded":13,"win_rate":0.0,"timestamp":1614238522,"path_taken":["M","?","$","?","?","E","R","?","T","R","M","M","PTL","PTL","R","?","R","BOSS","M","?","M","$","?","R","$","R","T","$","M","E","R","?","R","BOSS","BOSS","M","?","$","M","?","R","R","R","T","?","R","$","R","?","R","BOSS"],"items_purchased_type":["Relic","Relic","Card","Relic","Relic","Card","Potion","Potion","Relic","Relic","Card","Potion","Relic","Relic","Potion","Potion","Card","Relic","Relic","Relic","Card","Potion","Relic","Relic","Card","Relic","Relic","Potion","Relic","Relic","Card","Potion"],"build_version":"2020-12-22","purchased_purges":13,"victory":true,"max_hp_per_floor":[80,80,80,80,80,80,80,80,80,80,80,80,80,80,80,80,80,80,80,80,80,81,81,81,81,81,81,81,81,82,83,83,83,83,84,84,85,85,99,100,100,100,100,100,100,100,100,100,100,100,100,101],"card_choices":[{"not_picked":["hubris:EnhanceAbility","Sadistic Nature"],"picked":"Panache","floor":0.0},{"not_picked":["Anger","Whirlwind"],"picked":"Cleave","floor":1.0},{"not_picked":["Hemokinesis","Shockwave"],"picked":"Headbutt","floor":2.0},{"not_picked":["ReplayTheSpireMod:Limb From Limb","Clothesline","Thunderclap"],"picked":"Pommel Strike","floor":5.0},{"not_picked":["Body Slam","Pommel Strike","Havoc"],"picked":"Headbutt","floor":6.0},{"not_picked":["Replay:Many Hands","Seeing Red","Disarm","Shockwave"],"picked":"SKIP","floor":11.0},{"not_picked":["Armaments","Disarm","Ghostly Armor"],"picked":"Spot Weakness","floor":12.0},{"not_picked":["Immolate","Demonic Infusion","Fiend Fire"],"picked":"Barricade","floor":18.0},{"not_picked":["Wild Strike+1","Seeing Red+1","Spot Weakness","Heavy Blade"],"picked":"SKIP","floor":20.0},{"not_picked":["Clash","Warcry","Battle Trance"],"picked":"Sword Boomerang+1","floor":22.0},{"not_picked":["Ghostly Armor","Twin Strike+1","Burning Pact","Thunderclap"],"picked":"SKIP","floor":30.0},{"not_picked":["Shrug It Off","Massacre","Rampage"],"picked":"Metallicize","floor":31.0},{"not_picked":["Hemogenesis","Replay:Many Hands","Impervious"],"picked":"Demon Form","floor":35.0},{"not_picked":["Clash","Power Through","Inflame"],"picked":"Headbutt+1","floor":37.0},{"not_picked":["Replay:Undeath\u0027s Touch","ReplayTheSpireMod:Corrosion Curse+1","ReplayTheSpireMod:Strike From Hell+1"],"picked":"Cleave+1","floor":40.0}],"player_experience":461186,"relics_obtained":[{"floor":2.0,"key":"Charon\u0027s Ashes"},{"floor":6.0,"key":"Replay:Bottled Steam"},{"floor":9.0,"key":"InkBottle"},{"floor":28.0,"key":"Shuriken"},{"floor":31.0,"key":"Boot"},{"floor":45.0,"key":"MealTicket"},{"floor":46.0,"key":"hubris:ChampionShield"}],"event_choices":[{"damage_healed":0.0,"max_hp_gain":0.0,"max_hp_loss":0.0,"gold_gain":0.0,"event_name":"betterSkull:BetterSkull","player_choice":"","floor":4.0,"gold_loss":0.0,"damage_taken":1.0,"cards_upgraded":[],"relics_obtained":[]},{"damage_healed":0.0,"max_hp_gain":0.0,"max_hp_loss":0.0,"gold_gain":0.0,"event_name":"FaceTrader","player_choice":"Trade","floor":21.0,"gold_loss":0.0,"damage_taken":0.0,"relics_obtained":["FaceOfCleric"]},{"cards_removed":["Cleave"],"damage_healed":5.0,"max_hp_gain":0.0,"max_hp_loss":0.0,"gold_gain":0.0,"event_name":"Bonfire Elementals","player_choice":"Offered Common","floor":24.0,"gold_loss":0.0,"damage_taken":0.0},{"cards_removed":["Cleave"],"damage_healed":5.0,"max_hp_gain":0.0,"max_hp_loss":0.0,"gold_gain":0.0,"event_name":"Bonfire Elementals","player_choice":"Offered Special","floor":24.0,"gold_loss":0.0,"damage_taken":0.0},{"damage_healed":0.0,"max_hp_gain":0.0,"max_hp_loss":0.0,"gold_gain":0.0,"event_name":"Upgrade Shrine","player_choice":"Upgraded","floor":33.0,"gold_loss":0.0,"damage_taken":0.0,"cards_upgraded":["Double Tap"]}],"is_beta":false,"boss_relics":[{"not_picked":["Black Blood","aspiration:PoetsPen_weak"],"picked":"SlaversCollar"},{"not_picked":["hubris:VirtuousBlindfold","Kintsugi"],"picked":"Replay:Wanted Poster"}],"items_purged_floors":[3,3,3,3,3,3,3,16,16,23,39,39,48],"is_endless":false,"potions_floor_spawned":[12,30,31,35,40],"ascension_level":8}}