{"host":"am9dcwhv7hq2nlsk","time":1614238103,"event":{"mods":["ATMod(°¢èªMod)","AchievementEnabler","Act Like it!","Aspiration","BaseMod","BetterRewards","Conspire","Custom Start","Dota2Spire","Marisa£¨ìFÓê¡¡Ä§ÀíÉ³£©","Minty Spire (QoL Compilation)","Reimu£¨²©ÀöÁéÃÎ£©","Remilia£¨ÀÙÃ×ÀòÑÇ£©","Replay The Spire","RumiaBox-Â¶Ã×æ«µÄÉñÃØºÐ×Ó","Shop Mod","Spicy Shops","StSLib","TestMod","The Cursed","The Hierophant","UnlockEverythingMod","[IsaacMod]ÒÔÈö¼âËþ","noobMod","¡¾ÒÅÎï¿¨ÅÆ¡¿REMEMod","óô»ðÖ¸ÄÏ"],"gold_per_floor":[118,129,129,149,149,149,174,13,13,41,41,41,67,82,82,153,153,166,180,197,215,229,259,274,274,343,10,40,40,60,86,86,163,163,174,191,205,250,266,300,347,366,390,73,73,405,405,432,432,432,432],"floor_reached":52,"language":"ZHS","playtime":1604,"items_purged":["Strike_G"],"score":3394,"play_id":"884d0e51-8c74-4161-a026-fa579a6428f1","local_time":"20210225152823","is_ascension_mode":true,"campfire_choices":[{"data":"Cloak And Dagger","floor":6.0,"key":"SMITH"},{"data":"AT_FamilyPortrait","floor":12.0,"key":"SMITH"},{"data":"Blade Dance","floor":15.0,"key":"SMITH"},{"data":"Tools of the Trade","floor":25.0,"key":"SMITH"},{"data":"Accuracy","floor":29.0,"key":"SMITH"},{"data":"Neutralize","floor":32.0,"key":"SMITH"},{"floor":49,"key":"DIG"}],"circlet_count":0,"master_deck":["AscendersBane","Strike_G","Strike_G","Strike_G+1","Strike_G","Defend_G+1","Defend_G+1","Defend_G+1","Defend_G","Defend_G","Survivor","Neutralize+1","AT_FamilyPortrait+1","Accuracy+1","Accuracy","Strike_G","Cloak And Dagger+1","Dagger Spray","Blade Dance+1","Tools of the Trade+1","REME_FirmDetermination","AT_WindFlip","AT_EssenceShift","conspire:PoisonWeapons","Footwork","Infinite Blades+1"],"relics":["Ring of the Snake","AT_ATBox","testmod-TestBox","ice","HushsDoor","REME_ComplimentaryCards","testmod-IntensifyImprint","BookOfRevelations","Onion Ring","AT_Manta","testmod-Antiphasic","testmod-LifeArmor","aspiration:DSix","ScarletDevilRocket","Painkiller Herb","Akabeko","testmod-Justice","AT_BladeRuinedKing","aspiration:Nostalgia","MiniHakkero","Blood Vial","aspiration:ChemicalBlood","Black Star","MagicDraw2","BlankCard","CatCart","conspire:TopHat","Byrd Skull","Old Coin","Omamori","AT_ForceNature","War Paint"],"acts_visited":["Exordium","TheCity","TheBeyond"],"potions_floor_usage":[51,51,51],"damage_taken":[{"damage":1.0,"enemies":"Jaw Worm","floor":1.0,"turns":2.0},{"damage":0.0,"enemies":"2 Louse","floor":2.0,"turns":3.0},{"damage":0.0,"enemies":"Small Slimes","floor":4.0,"turns":1.0},{"damage":0.0,"enemies":"Gremlin Nob","floor":7.0,"turns":1.0},{"damage":0.0,"enemies":"3 Sentries","floor":10.0,"turns":3.0},{"damage":0.0,"enemies":"Gremlin Nob","floor":13.0,"turns":1.0},{"damage":0.0,"enemies":"Blue Slaver","floor":14.0,"turns":1.0},{"damage":0.0,"enemies":"Slime Boss","floor":16.0,"turns":3.0},{"damage":0.0,"enemies":"conspire:FuzzyDice","floor":18.0,"turns":1.0},{"damage":0.0,"enemies":"2 Thieves","floor":19.0,"turns":1.0},{"damage":0.0,"enemies":"Centurion and Healer","floor":20.0,"turns":3.0},{"damage":0.0,"enemies":"conspire:HollyBat","floor":21.0,"turns":2.0},{"damage":0.0,"enemies":"3 Cultists","floor":22.0,"turns":1.0},{"damage":0.0,"enemies":"REME_1_Revenger","floor":23.0,"turns":2.0},{"damage":0.0,"enemies":"Snake Plant","floor":24.0,"turns":1.0},{"damage":3.0,"enemies":"Gremlin Leader","floor":28.0,"turns":2.0},{"damage":0.0,"enemies":"Snecko","floor":30.0,"turns":1.0},{"damage":0.0,"enemies":"Replay:Snechameleon","floor":31.0,"turns":1.0},{"damage":0.0,"enemies":"Automaton","floor":33.0,"turns":1.0},{"damage":0.0,"enemies":"Orb Walker","floor":35.0,"turns":1.0},{"damage":16.0,"enemies":"3 Shapes","floor":36.0,"turns":2.0},{"damage":0.0,"enemies":"Maw","floor":37.0,"turns":1.0},{"damage":0.0,"enemies":"2 Orb Walkers","floor":38.0,"turns":1.0},{"damage":4.0,"enemies":"Jaw Worm Horde","floor":39.0,"turns":2.0},{"damage":0.0,"enemies":"Giant Head","floor":40.0,"turns":3.0},{"damage":9.0,"enemies":"Orin","floor":41.0,"turns":4.0},{"damage":0,"enemies":"Transient","floor":42,"turns":5},{"damage":0,"enemies":"R_Hoarder","floor":46,"turns":2},{"damage":5,"enemies":"Reptomancer","floor":48,"turns":4},{"damage":16,"enemies":"Awakened One","floor":50,"turns":6},{"damage":0,"enemies":"Time Eater","floor":51,"turns":5}],"seed_played":"4458167488209269253","potions_obtained":[{"floor":4.0,"key":"Reflective Coating"},{"floor":7.0,"key":"SpeedPotion"},{"floor":33.0,"key":"CunningPotion"},{"floor":40.0,"key":"REME_GoldPotion"},{"floor":41.0,"key":"testmod-SpacePotion"},{"floor":42,"key":"PowerPotion"}],"is_trial":false,"path_per_floor":["M","M","?","M","?","R","E","$","T","E","$","R","E","M","R","B",null,"?","?","?","?","?","E","?","T","T","T","E","T","?","E","T","B",null,"?","?","?","?","?","E","?","?","T","T","?","E","?","E","T","B","B",null],"character_chosen":"THE_SILENT","items_purchased":["Onion Ring","Accuracy","Cloak And Dagger","testmod-Antiphasic","aspiration:DSix","REME_FirmDetermination","AT_BladeRuinedKing","aspiration:Nostalgia","Byrd Skull"],"campfire_rested":0,"item_purchase_floors":[0,0,0,0,8,17,27,27,44],"current_hp_per_floor":[27,29,34,34,17,17,17,17,17,25,25,25,25,25,25,25,63,63,63,63,63,63,63,63,63,63,63,60,60,62,64,64,66,74,76,60,62,64,62,64,57,76,76,76,73,73,58,55,55,41,43],"gold":432,"neow_bonus":"","is_daily":false,"chose_seed":false,"campfire_upgraded":6,"win_rate":0.0,"timestamp":1614238103,"path_taken":["M","M","?","M","?","R","E","$","T","E","$","R","E","M","R","BOSS","?","?","?","?","?","E","?","T","T","T","E","T","?","E","T","BOSS","?","?","?","?","?","E","?","?","T","T","?","E","?","E","T","BOSS","BOSS"],"items_purchased_type":["Relic","Card","Card","Relic","Relic","Card","Relic","Relic","Relic"],"build_version":"2020-12-22","purchased_purges":1,"victory":true,"max_hp_per_floor":[66,68,73,73,78,78,78,78,78,78,78,78,78,78,78,78,76,76,76,76,76,76,76,76,76,76,76,76,76,76,76,76,76,76,76,76,76,76,76,76,76,77,77,77,73,73,73,76,76,82,89],"card_choices":[{"not_picked":["Dagger Throw","Outmaneuver","Dodge and Roll"],"picked":"SKIP","floor":1.0},{"not_picked":["REME_ShadowStrike","Heel Hook"],"picked":"Dagger Spray","floor":2.0},{"not_picked":["ReplayTheSpireMod:Exploit Weakness","Flying Knee"],"picked":"Blade Dance","floor":4.0},{"not_picked":["REME_GrazeFinale","Outmaneuver","Tactician"],"picked":"SKIP","floor":7.0},{"not_picked":["REME_GreenPollution","Cloak And Dagger","Underhanded Strike"],"picked":"SKIP","floor":10.0},{"not_picked":["Outmaneuver","Endless Agony","Riddle With Holes"],"picked":"SKIP","floor":13.0},{"not_picked":["Flechettes","Slice","Concentrate"],"picked":"SKIP","floor":14.0},{"not_picked":["Corpse Explosion","ReplayTheSpireMod:Necrosis"],"picked":"Tools of the Trade","floor":16.0},{"not_picked":["Deadly Poison","Prepared","Slice"],"picked":"SKIP","floor":18.0},{"not_picked":["Crippling Poison","Acrobatics","Blade Dance"],"picked":"SKIP","floor":19.0},{"not_picked":["Dagger Throw","ReplayTheSpireMod:Speed Training","Masterful Stab"],"picked":"SKIP","floor":20.0},{"not_picked":["Expertise+1","Heel Hook","Blade Dance"],"picked":"SKIP","floor":21.0},{"not_picked":["Backflip","Blade Dance+1","Tactician"],"picked":"SKIP","floor":22.0},{"not_picked":["Deadly Poison","Noxious Fumes","Riddle With Holes"],"picked":"SKIP","floor":23.0},{"not_picked":["Flying Knee","Bane","PiercingWail"],"picked":"SKIP","floor":24.0},{"not_picked":["Outmaneuver+1","Deadly Poison"],"picked":"AT_WindFlip","floor":28.0},{"not_picked":["Well Laid Plans","Poisoned Stab","AT_ThistleTea"],"picked":"SKIP","floor":30.0},{"not_picked":["Venomology","Blade Dance","Outmaneuver+1"],"picked":"SKIP","floor":31.0},{"not_picked":["Malaise","ReplayTheSpireMod:From All Sides"],"picked":"AT_EssenceShift","floor":33.0},{"not_picked":["Riddle With Holes","Slice","Outmaneuver"],"picked":"SKIP","floor":35.0},{"not_picked":["Outmaneuver","Replay:Poison Smokescreen"],"picked":"conspire:PoisonWeapons","floor":36.0},{"not_picked":["Flying Knee","Dagger Throw","Slice"],"picked":"SKIP","floor":37.0},{"not_picked":["PiercingWail","Sucker Punch","ReplayTheSpireMod:Speed Training"],"picked":"SKIP","floor":39.0},{"not_picked":["Venomology","Slice+1"],"picked":"Footwork","floor":40.0},{"not_picked":["Envenom","PiercingWail","Quick Slash+1"],"picked":"SKIP","floor":42},{"not_picked":["Caltrops+1","Dagger Throw","Poisoned Stab"],"picked":"SKIP","floor":46},{"not_picked":["AT_Desolate","Hidden Blade"],"picked":"Infinite Blades+1","floor":48}],"player_experience":569094,"relics_obtained":[{"floor":7.0,"key":"testmod-LifeArmor"},{"floor":10.0,"key":"ScarletDevilRocket"},{"floor":23.0,"key":"Akabeko"},{"floor":26.0,"key":"testmod-Justice"},{"floor":28.0,"key":"Blood Vial"},{"floor":31.0,"key":"aspiration:ChemicalBlood"},{"floor":40.0,"key":"MagicDraw2"},{"floor":40.0,"key":"BlankCard"},{"floor":41.0,"key":"CatCart"},{"floor":43,"key":"conspire:TopHat"},{"floor":46,"key":"Old Coin"},{"floor":48,"key":"AT_ForceNature"},{"floor":49,"key":"War Paint"}],"event_choices":[{"damage_healed":0.0,"max_hp_gain":5.0,"max_hp_loss":0.0,"gold_gain":0.0,"event_name":"Big Fish","player_choice":"Donut","floor":3.0,"gold_loss":0.0,"damage_taken":0.0},{"damage_healed":0.0,"max_hp_gain":0.0,"max_hp_loss":0.0,"gold_gain":0.0,"event_name":"Shining Light","player_choice":"Entered Light","floor":5.0,"gold_loss":0.0,"damage_taken":22.0,"cards_upgraded":["Strike_G","Defend_G"]},{"damage_healed":0.0,"max_hp_gain":0.0,"max_hp_loss":0.0,"gold_gain":0.0,"event_name":"Mysterious Sphere","player_choice":"Fight","floor":38.0,"gold_loss":0.0,"damage_taken":0.0},{"damage_healed":0.0,"max_hp_gain":0.0,"max_hp_loss":0.0,"gold_gain":0.0,"event_name":"OrinTheCat","player_choice":"Fight","floor":41.0,"gold_loss":0.0,"damage_taken":0.0},{"damage_healed":0,"gold_gain":0,"player_choice":"Max HP","damage_taken":0,"max_hp_gain":0,"max_hp_loss":4,"event_name":"Winding Halls","floor":45,"gold_loss":0}],"is_beta":false,"boss_relics":[{"not_picked":["Replay:Ancient Bell","Fusion Hammer"],"picked":"Painkiller Herb"},{"not_picked":[]},{"not_picked":["HoveringKite","aspiration:RunicSpoon"],"picked":"Black Star"},{"not_picked":[]}],"items_purged_floors":[0],"is_endless":false,"potions_floor_spawned":[4,7,16,20,21,23,28,30,33,36,40,41,42],"ascension_level":20}}