{"host":"lg1piimdyocafd6j","time":1614273078,"event":{"mods":["AchievementEnabler","BaseMod","Better Third Choice","BetterRewards","Colored Map","Colored Powertips","Downfall","Minty Spire (QoL Compilation)","Quick Restart","Rare Cards Sparkle","Remove Card Discount Mod","Shop Mod","StSLib","SuperFastMode"],"gold_per_floor":[118,135,135,135,153,153,172,172,196,121,146,211,242,258,258,357,357,371,371,333,352,352,352,352,352,352,352,372,447,447,447,447,544,544,556,573,590,590,401,401,401,96,96,96,96,126,126,143,143,143,143,143,62,94,94],"floor_reached":56,"language":"ENG","playtime":2340,"items_purged":["Strike_R","Strike_R","Bash","Strike_R","Defend_R","Strike_R","Strike_R","Demon Form+1","Shrug It Off","Armaments","Iron Wave+1","Iron Wave+1"],"score":1304,"play_id":"18ad0675-f122-4644-b562-0a4148cd1fe9","local_time":"20210225181118","is_ascension_mode":false,"campfire_choices":[{"floor":6,"key":"RECALL"},{"data":"Body Slam","floor":8,"key":"SMITH"},{"data":"Iron Wave","floor":15,"key":"SMITH"},{"data":"Body Slam","floor":27,"key":"SMITH"},{"data":"Impervious","floor":30,"key":"SMITH"},{"data":"Body Slam","floor":32,"key":"SMITH"},{"data":"Barricade","floor":40,"key":"SMITH"},{"data":"Entrench","floor":49,"key":"SMITH"},{"data":"Enlightenment","floor":52,"key":"SMITH"}],"circlet_count":0,"master_deck":["Body Slam+1","Body Slam+1","Body Slam+1","Ghostly Armor","Juggernaut","Impervious+1","Entrench+1","Ghostly Armor+1","Ghostly Armor","Body Slam+1","Barricade+1","Entrench+1","Enlightenment+1","Entrench+1","Impervious+1","Seeing Red","Flame Barrier+1"],"relics":["Burning Blood","Juzu Bracelet","Vajra","Orichalcum","Astrolabe","Blue Candle","Enchiridion","Matryoshka","Velvet Choker","Happy Flower","PreservedInsect","DollysMirror","Paper Frog","Pantograph","Blood Vial","Bag of Marbles"],"acts_visited":["Exordium","TheCity","TheBeyond","TheEnding"],"potions_floor_usage":[13,16,54,55,55],"damage_taken":[{"damage":4,"enemies":"Cultist","floor":1,"turns":4},{"damage":0,"enemies":"Small Slimes","floor":2,"turns":4},{"damage":0,"enemies":"Jaw Worm","floor":5,"turns":3},{"damage":0,"enemies":"Blue Slaver","floor":7,"turns":3},{"damage":8,"enemies":"Lagavulin","floor":11,"turns":4},{"damage":0,"enemies":"3 Sentries","floor":12,"turns":8},{"damage":25,"enemies":"3 Sentries","floor":13,"turns":11},{"damage":0,"enemies":"2 Fungi Beasts","floor":14,"turns":3},{"damage":0,"enemies":"The Guardian","floor":16,"turns":7},{"damage":10,"enemies":"3 Byrds","floor":18,"turns":5},{"damage":0,"enemies":"Spheric Guardian","floor":21,"turns":3},{"damage":14,"enemies":"Snake Plant","floor":28,"turns":2},{"damage":4,"enemies":"Collector","floor":33,"turns":6},{"damage":6,"enemies":"Orb Walker","floor":35,"turns":3},{"damage":10,"enemies":"3 Shapes","floor":36,"turns":4},{"damage":10,"enemies":"Sphere and 2 Shapes","floor":37,"turns":5},{"damage":0,"enemies":"Nemesis","floor":46,"turns":3},{"damage":0,"enemies":"Spire Growth","floor":48,"turns":3},{"damage":6,"enemies":"Donu and Deca","floor":50,"turns":6},{"damage":28,"enemies":"Shield and Spear","floor":54,"turns":5},{"damage":7,"enemies":"The Heart","floor":55,"turns":8}],"seed_played":"5850847530609309030","potions_obtained":[{"floor":1,"key":"champ:CounterPotion"},{"floor":12,"key":"Dexterity Potion"},{"floor":14,"key":"Block Potion"},{"floor":16,"key":"Fruit Juice"},{"floor":21,"key":"EssenceOfSteel"},{"floor":24,"key":"Guardian:BlockOnCardUsePotion"}],"is_trial":false,"path_per_floor":["M","M","?","?","M","R","M","R","T","$","E","?","E","M","R","B",null,"M","?","$","M","?","?","?","?","T","R","M","?","R","?","R","B",null,"M","M","M","?","$","R","?","$","T","$","?","E","$","M","R","B",null,"R","$","E","B",null],"character_chosen":"IRONCLAD","items_purchased":["Body Slam","Body Slam","Armaments","Body Slam","Iron Wave","Seeing Red","Ghostly Armor","Happy Flower","Entrench","PreservedInsect","DollysMirror","Seeing Red"],"campfire_rested":0,"item_purchase_floors":[0,0,0,0,0,10,20,39,39,42,42,53],"current_hp_per_floor":[80,80,80,85,85,85,85,85,85,85,83,85,66,72,72,83,90,86,86,86,90,85,69,69,69,69,69,61,52,52,52,52,54,90,90,86,82,82,82,82,82,82,82,82,82,88,88,90,90,90,90,90,90,68,89],"gold":94,"neow_bonus":"","is_daily":false,"chose_seed":false,"campfire_upgraded":8,"win_rate":0.0,"timestamp":1614273078,"path_taken":["M","?","?","?","M","R","M","R","T","?","E","?","E","M","R","BOSS","M","?","$","M","?","?","?","?","T","R","M","?","R","?","R","BOSS","M","M","M","?","$","R","?","?","T","$","?","E","?","M","R","BOSS","R","$","E","BOSS"],"items_purchased_type":["Card","Card","Card","Card","Card","Card","Card","Relic","Card","Relic","Relic","Card"],"build_version":"2020-12-22","purchased_purges":12,"victory":true,"max_hp_per_floor":[80,80,80,85,85,85,85,85,85,85,85,85,85,85,85,90,90,90,90,90,90,90,90,90,90,90,90,90,90,90,90,90,90,90,90,90,90,90,90,90,90,90,90,90,90,90,90,90,90,90,90,90,90,90,90],"card_choices":[{"not_picked":["Clash","Clothesline"],"picked":"Shrug It Off","floor":1},{"not_picked":["Inflame","Thunderclap","Sever Soul"],"picked":"SKIP","floor":2},{"not_picked":["Perfected Strike","True Grit","Headbutt"],"picked":"SKIP","floor":5},{"not_picked":["True Grit","Heavy Blade","Pummel"],"picked":"SKIP","floor":7},{"not_picked":["Perfected Strike","Armaments"],"picked":"Ghostly Armor","floor":11},{"not_picked":["Havoc","Perfected Strike"],"picked":"Juggernaut","floor":13},{"not_picked":["Warcry","Clothesline","Perfected Strike"],"picked":"SKIP","floor":14},{"not_picked":["Juggernaut","Offering"],"picked":"Impervious","floor":16},{"not_picked":["Perfected Strike","Dropkick+1"],"picked":"Iron Wave+1","floor":18},{"not_picked":["Pommel Strike+1","Headbutt+1"],"picked":"Body Slam","floor":21},{"not_picked":["Burning Pact+1","Uppercut+1","Armaments"],"picked":"SKIP","floor":28},{"not_picked":["Brutality","Corruption"],"picked":"Barricade","floor":33},{"not_picked":["Feel No Pain","Burning Pact","Wild Strike+1"],"picked":"SKIP","floor":35},{"not_picked":["Thunderclap+1","Clash+1","Shrug It Off"],"picked":"SKIP","floor":36},{"not_picked":["Sword Boomerang","Hemokinesis+1"],"picked":"Entrench+1","floor":37},{"not_picked":["Purity","Apotheosis"],"picked":"Enlightenment","floor":38},{"not_picked":["Rampage+1","Thunderclap","Armaments"],"picked":"SKIP","floor":46},{"not_picked":["Whirlwind","Twin Strike","Sword Boomerang+1"],"picked":"SKIP","floor":48},{"not_picked":["Bludgeon","Anger"],"picked":"Flame Barrier+1","floor":54}],"player_experience":228175,"relics_obtained":[{"floor":11,"key":"Juzu Bracelet"},{"floor":13,"key":"Orichalcum"},{"floor":23,"key":"Enchiridion"},{"floor":26,"key":"Matryoshka"},{"floor":43,"key":"Paper Frog"},{"floor":43,"key":"Pantograph"},{"floor":46,"key":"Blood Vial"},{"floor":54,"key":"Bag of Marbles"}],"event_choices":[{"damage_healed":0,"gold_gain":0,"player_choice":"Grow","damage_taken":0,"max_hp_gain":0,"max_hp_loss":0,"event_name":"Living Wall","floor":3,"gold_loss":0,"cards_upgraded":["Body Slam"]},{"damage_healed":0,"gold_gain":0,"player_choice":"Donut","damage_taken":0,"max_hp_gain":5,"max_hp_loss":0,"event_name":"Big Fish","floor":4,"gold_loss":0},{"damage_healed":0,"gold_gain":0,"player_choice":"Searched \u00272\u0027 times","damage_taken":0,"relics_obtained":["Vajra"],"max_hp_gain":0,"max_hp_loss":0,"event_name":"Dead Adventurer","floor":12,"gold_loss":0},{"damage_healed":0,"gold_gain":0,"player_choice":"Ignored","damage_taken":0,"max_hp_gain":0,"max_hp_loss":0,"event_name":"Ghosts","floor":19,"gold_loss":0},{"damage_healed":0,"gold_gain":0,"player_choice":"Obtained Book","damage_taken":16,"max_hp_gain":0,"max_hp_loss":0,"event_name":"Cursed Tome","floor":23,"gold_loss":0},{"damage_healed":0,"gold_gain":0,"player_choice":"Got Potions","damage_taken":0,"max_hp_gain":0,"max_hp_loss":0,"event_name":"Lab","floor":24,"gold_loss":0},{"damage_healed":0,"gold_gain":75,"player_choice":"Touch","damage_taken":9,"max_hp_gain":0,"max_hp_loss":0,"event_name":"FaceTrader","floor":29,"gold_loss":0},{"damage_healed":0,"gold_gain":0,"player_choice":"Ignored","damage_taken":0,"max_hp_gain":0,"max_hp_loss":0,"event_name":"Beggar","floor":31,"gold_loss":0},{"damage_healed":0,"gold_gain":0,"player_choice":"Memory 1","damage_taken":0,"max_hp_gain":0,"max_hp_loss":0,"event_name":"SensoryStone","floor":38,"gold_loss":0},{"damage_healed":0,"gold_gain":0,"player_choice":"Ignored","damage_taken":0,"max_hp_gain":0,"max_hp_loss":0,"event_name":"Tomb of Lord Red Mask","floor":41,"gold_loss":0},{"cards_removed":["Seeing Red"],"damage_healed":0,"gold_gain":0,"player_choice":"Removed Skill","damage_taken":0,"max_hp_gain":0,"max_hp_loss":0,"event_name":"Falling","floor":45,"gold_loss":0}],"is_beta":false,"boss_relics":[{"not_picked":["Runic Dome","Empty Cage"],"picked":"Astrolabe"},{"not_picked":["Calling Bell","Philosopher\u0027s Stone"],"picked":"Velvet Choker"}],"items_purged_floors":[0,0,0,0,0,10,10,20,39,39,39,39],"is_endless":false,"potions_floor_spawned":[1,12,14,16,21,28,35,46],"ascension_level":0}}