{"host":"uonldg9uriwfhjjx","time":1614225545,"event":{"mods":["AchievementEnabler","BaseMod","Colored Map","Colored Powertips","Curses Come First","Highlight Path","Minty Spire (QoL Compilation)","Rare Cards Sparkle","Relic Stats","StSLib","The Cursed","The Marked"],"gold_per_floor":[109,109,119,132,149,149,164,189,235,71,71,71,104,122,122,122,122],"floor_reached":16,"language":"ENG","playtime":434,"items_purged":[],"score":207,"play_id":"6c872716-6813-4c8a-9a16-8e7d0cf6158a","local_time":"20210224225905","is_ascension_mode":true,"campfire_choices":[{"data":"Armaments","floor":6,"key":"SMITH"},{"data":"Seeing Red","floor":12,"key":"SMITH"},{"data":"Cleave","floor":15,"key":"SMITH"}],"circlet_count":0,"master_deck":["AscendersBane","Strike_R","Strike_R","Strike_R","Strike_R","Defend_R","Defend_R","Defend_R","Defend_R","Bash","Double Tap","Seeing Red+1","Barricade","Armaments+1","Heavy Blade","Flex","Cleave+1","Infernal Blade+1"],"relics":["Burning Blood","WingedGreaves","Lantern","HandDrill","Bottled Flame"],"acts_visited":["Exordium"],"potions_floor_usage":[8,8],"damage_taken":[{"damage":1,"enemies":"Cultist","floor":1,"turns":3},{"damage":8,"enemies":"2 Louse","floor":3,"turns":4},{"damage":2,"enemies":"Jaw Worm","floor":4,"turns":4},{"damage":6,"enemies":"2 Fungi Beasts","floor":5,"turns":4},{"damage":16,"enemies":"Blue Slaver","floor":7,"turns":5},{"damage":8,"enemies":"Gremlin Nob","floor":8,"turns":3},{"damage":15,"enemies":"Lagavulin","floor":13,"turns":8},{"damage":10,"enemies":"Lots of Slimes","floor":14,"turns":3},{"damage":54,"enemies":"Hexaghost","floor":16,"turns":9}],"seed_played":"5731430467734415993","potions_obtained":[{"floor":3,"key":"AttackPotion"},{"floor":4,"key":"Fire Potion"},{"floor":14,"key":"ElixirPotion"}],"is_trial":false,"path_per_floor":["M","?","M","M","M","R","M","E","T","$","?","R","E","M","R","B"],"character_chosen":"IRONCLAD","items_purchased":["HandDrill"],"campfire_rested":0,"item_purchase_floors":[10],"current_hp_per_floor":[73,73,71,75,75,75,65,63,63,63,63,63,54,50,50,0,0],"gold":122,"neow_bonus":"ONE_RANDOM_RARE_CARD","is_daily":false,"chose_seed":false,"campfire_upgraded":3,"win_rate":0.0,"timestamp":1614225545,"path_taken":["M","?","M","M","?","R","M","E","T","$","?","R","E","M","R","BOSS"],"items_purchased_type":["Relic"],"build_version":"2020-12-22","purchased_purges":0,"victory":false,"max_hp_per_floor":[75,75,75,75,75,75,75,75,75,75,75,75,75,75,75,75,75],"relic_stats":{"counters":[9,43],"HandDrill":[2],"obtain_stats":[{"Lantern":9,"Bottled Flame":13,"WingedGreaves":8,"HandDrill":10,"Burning Blood":0},{"Lantern":6,"Bottled Flame":7,"WingedGreaves":6,"HandDrill":6,"Burning Blood":0},{"Lantern":23,"Bottled Flame":31,"WingedGreaves":23,"HandDrill":23,"Burning Blood":0}],"Burning Blood":48},"card_choices":[{"not_picked":["Shrug It Off","Combust"],"picked":"Seeing Red","floor":1},{"not_picked":["Clothesline","Fire Breathing"],"picked":"Armaments","floor":3},{"not_picked":["Clash","Dark Embrace"],"picked":"Heavy Blade","floor":4},{"not_picked":["Fire Breathing","Second Wind"],"picked":"Flex","floor":5},{"not_picked":["Body Slam","Shrug It Off"],"picked":"Cleave","floor":7},{"not_picked":["Searing Blow","Perfected Strike"],"picked":"Infernal Blade","floor":8},{"not_picked":["Rage","Heavy Blade","Burning Pact"],"picked":"SKIP","floor":13},{"not_picked":["Clash","Armaments","Reaper"],"picked":"SKIP","floor":14}],"player_experience":835465,"relics_obtained":[{"floor":8,"key":"WingedGreaves"},{"floor":9,"key":"Lantern"},{"floor":13,"key":"Bottled Flame"}],"event_choices":[{"damage_healed":0,"gold_gain":0,"cards_transformed":["Strike_R"],"player_choice":"Transformed","damage_taken":0,"max_hp_gain":0,"max_hp_loss":0,"event_name":"Transmorgrifier","floor":2,"gold_loss":0,"cards_obtained":["Barricade"]},{"damage_healed":0,"gold_gain":0,"player_choice":"Forge","damage_taken":0,"max_hp_gain":0,"max_hp_loss":0,"event_name":"Accursed Blacksmith","floor":11,"gold_loss":0,"cards_upgraded":["Infernal Blade"]}],"is_beta":false,"boss_relics":[],"items_purged_floors":[],"is_endless":false,"potions_floor_spawned":[3,4,14],"killed_by":"Hexaghost","ascension_level":17}}