{"host":"5vxoi0a3x57fg5l4","time":1614290520,"event":{"mods":["Act Like it!","BaseMod","GifTheSpireLib","Hallownest","Minty Spire (QoL Compilation)","Permanent Neow","Quick Restart","Relic Sorter","Relic Stats","StSLib","The Bug Knight","UnlockEverythingMod"],"gold_per_floor":[19,367,367,385,385,266,266,291,309,309,309,309,327,327,327,327,423,423,441,457,203,203,217,217,230,230,253,143,178,178,178],"floor_reached":29,"language":"ENG","playtime":2220,"items_purged":["HollowMod:QuickDashStart"],"score":241,"play_id":"b58a9242-d8cf-425c-8944-4cf84898630d","local_time":"20210225190159","is_ascension_mode":false,"campfire_choices":[{"data":"HollowMod:FocusHealStart","floor":6.0,"key":"SMITH"},{"data":"HollowMod:SoulVessel","floor":11.0,"key":"SMITH"},{"floor":13.0,"key":"REST"},{"floor":15.0,"key":"REST"},{"floor":23.0,"key":"RECALL"},{"floor":25.0,"key":"REST"}],"circlet_count":0,"master_deck":["HollowMod:NailStrikeStart","HollowMod:NailStrikeStart","HollowMod:NailStrikeStart","HollowMod:QuickDashStart","HollowMod:QuickDashStart","HollowMod:QuickDashStart","HollowMod:FocusHealStart+1","HollowMod:PogoStrike","HollowMod:HeavyBlow","HollowMod:DreamGate","HollowMod:SoulVessel+1","HollowMod:GoodIntentions","HollowMod:SoulEater+1","HollowMod:HowlingWraiths","HollowMod:SiblingsSouls","HollowMod:theNailsmith","HollowMod:HowlingWraiths+1","HollowMod:SoulStrike+1","HollowMod:HowlingWraiths+1","HollowMod:SoulVessel+1","HollowMod:PureNailStrike+1","HollowMod:SoulEater","HollowMod:SoulSplash"],"relics":["HollowMod:VesselMask","Hallownest:TeacherSealRelic","Du-Vu Doll","Mango","Hallownest:DreamNailRelic","Molten Egg 2","Sozu","DollysMirror","HollowMod:LifeEnderRelic"],"acts_visited":["Hallownest:Greenpath","Hallownest:CityofTears"],"potions_floor_usage":[],"damage_taken":[{"damage":8.0,"enemies":"Hallownest:monsterHuskWarrior","floor":1.0,"turns":5.0},{"damage":10.0,"enemies":"2_ Uuma","floor":3.0,"turns":4.0},{"damage":53.0,"enemies":"Hallownest:eliteMossKnight","floor":7.0,"turns":9.0},{"damage":6.0,"enemies":"Hallownest:2_MossCreeps","floor":8.0,"turns":5.0},{"damage":11.0,"enemies":"Hallownest:Wandering_and_Horned","floor":12.0,"turns":4.0},{"damage":71.0,"enemies":"Hallownest:BossBrokenVessel","floor":16.0,"turns":10.0},{"damage":48.0,"enemies":"Hallownest:Guard_and_Sentry","floor":18.0,"turns":8.0},{"damage":0.0,"enemies":"Hallownest:3_Youths","floor":19.0,"turns":4.0},{"damage":41.0,"enemies":"Hallownest:2_Husk_Sentries","floor":22.0,"turns":6.0},{"damage":37.0,"enemies":"Hallownest:Master_and_Novice","floor":24.0,"turns":4.0},{"damage":36.0,"enemies":"Hallownest:Nosk","floor":28.0,"turns":9.0},{"damage":6,"enemies":"Hallownest:monsterMisterMushroom","floor":29,"turns":4}],"seed_played":"-2410684573625849131","potions_obtained":[{"floor":8.0,"key":"Dexterity Potion"},{"floor":12.0,"key":"PowerPotion"},{"floor":16.0,"key":"FearPotion"}],"is_trial":false,"path_per_floor":["M","?","M","?","$","R","E","M","T","?","R","M","R","T","R","B",null,"M","M","$","?","M","R","M","R","T","$","E","M"],"character_chosen":"THE_BUGKNIGHT","items_purchased":["HollowMod:SoulVessel","HollowMod:GoodIntentions","HollowMod:HowlingWraiths+1","DollysMirror","HollowMod:PureNailStrike+1","HollowMod:SoulEater"],"campfire_rested":3,"item_purchase_floors":[5,5,20,20,27,27],"current_hp_per_floor":[29,52,52,54,54,54,54,15,19,33,33,33,22,46,46,70,11,82,54,60,60,60,31,31,6,30,30,30,4,4,4],"gold":178,"neow_bonus":"TWO_FIFTY_GOLD","is_daily":false,"chose_seed":false,"campfire_upgraded":2,"win_rate":0.0,"timestamp":1614290519,"path_taken":["M","?","M","?","$","R","E","M","T","?","R","M","R","?","R","BOSS","M","?","$","?","M","R","M","R","T","$","E","M"],"items_purchased_type":["Card","Card","Card","Relic","Card","Card"],"build_version":"2020-12-22","purchased_purges":1,"victory":false,"max_hp_per_floor":[80,75,75,75,68,68,68,68,68,82,82,82,82,82,82,82,82,82,82,82,82,82,82,82,82,82,82,82,82,82,82],"relic_stats":{"Sozu":2,"counters":[12,72],"obtain_stats":[{"Du-Vu Doll":7,"Sozu":17,"HollowMod:LifeEnderRelic":28,"DollysMirror":20,"HollowMod:VesselMask":0,"Mango":9,"Molten Egg 2":14,"Hallownest:DreamNailRelic":10,"Hallownest:TeacherSealRelic":2},{"Du-Vu Doll":3,"Sozu":6,"HollowMod:LifeEnderRelic":11,"DollysMirror":8,"HollowMod:VesselMask":0,"Mango":4,"Molten Egg 2":5,"Hallownest:DreamNailRelic":4,"Hallownest:TeacherSealRelic":1},{"Du-Vu Doll":18,"Sozu":37,"HollowMod:LifeEnderRelic":68,"DollysMirror":49,"HollowMod:VesselMask":0,"Mango":23,"Molten Egg 2":27,"Hallownest:DreamNailRelic":23,"Hallownest:TeacherSealRelic":5}]},"card_choices":[{"not_picked":["HollowMod:SoulSplash","HollowMod:ShadowDash"],"picked":"HollowMod:HeavyBlow","floor":1.0},{"not_picked":["HollowMod:WraithStrike","HollowMod:NewGlowingWomb"],"picked":"HollowMod:DreamGate","floor":3.0},{"not_picked":["HollowMod:NewJinnsSoul","HollowMod:DashSlash"],"picked":"HollowMod:SoulEater","floor":7.0},{"not_picked":["HollowMod:ChannelNail","HollowMod:CloakDash"],"picked":"HollowMod:HowlingWraiths","floor":8.0},{"not_picked":["HollowMod:ElderbugsWisdom","HollowMod:CornifersMapStart"],"picked":"HollowMod:SiblingsSouls","floor":12.0},{"not_picked":["HollowMod:LifebloodCore","HollowMod:ElderbugsWisdom"],"picked":"HollowMod:theNailsmith","floor":16.0},{"not_picked":["HollowMod:GreatSlash+1","HollowMod:CloakDash+1"],"picked":"HollowMod:HowlingWraiths+1","floor":18.0},{"not_picked":["HollowMod:DoubleDash+1","HollowMod:DreamGate"],"picked":"HollowMod:SoulStrike+1","floor":19.0},{"not_picked":["HollowMod:DescendingDark+1","HollowMod:SiblingsShadow","HollowMod:ShadowDash"],"picked":"SKIP","floor":22.0},{"not_picked":["HollowMod:InfectedAttack+1","HollowMod:ShadowDash","HollowMod:SharpenedShadows"],"picked":"SKIP","floor":24.0},{"not_picked":["HollowMod:CycloneSlash+1","HollowMod:FastStrike+1"],"picked":"HollowMod:SoulSplash","floor":28.0}],"player_experience":13061,"relics_obtained":[{"floor":7.0,"key":"Du-Vu Doll"},{"floor":9.0,"key":"Mango"},{"floor":14.0,"key":"Molten Egg 2"},{"floor":28.0,"key":"HollowMod:LifeEnderRelic"}],"event_choices":[],"is_beta":false,"boss_relics":[{"not_picked":["Tiny House","Fusion Hammer"],"picked":"Sozu"}],"items_purged_floors":[20],"is_endless":false,"potions_floor_spawned":[8,12,16,18,28],"killed_by":"Hallownest:monsterMisterMushroom","ascension_level":0}}