{"host":"4333ugbd3tcpphs5","time":1614290439,"event":{"mods":["Act Like it!","Aspiration","Astrologer","Bard","BaseMod","Beaked The Cultist","Bestiary","BetterRewards","Block Reminder","Bossed Relics","Colored Map","Colored Powertips","Conspire","Curses Come First","Disable Question Mark Monsters","Energized Spire","Glutton Mod","Halation","Hermit","Hubris","Infinite Spire","Keyboard Shortcuts","Marisa????????","Minty Spire (QoL Compilation)","Prisma Mod","Quick Restart","Rare Cards Sparkle","Replay The Spire","Spicy Shops","StSLib","SuperFastMode","Synergy Search","The Cursed","The Necromancer","The Sage","Transform Curses","Treasure Hunter"],"gold_per_floor":[109,128,143,143,143,143,168,184,184,184,196,208,218,274,274,379,379,393,61,151,164,164,164],"floor_reached":22,"language":"ENG","playtime":2601,"items_purged":[],"score":213,"play_id":"d865e80d-b898-4b62-ad73-436a70749a2f","local_time":"20210225170039","is_ascension_mode":false,"campfire_choices":[{"data":"PrismaMod:ChloeAnyUncommonTrace","floor":6.0,"key":"SMITH"},{"floor":10.0,"key":"REST"},{"data":"PrismaMod:ChloeHalloween","floor":15.0,"key":"SMITH"}],"circlet_count":0,"master_deck":["PrismaMod:ChloeCommonAttack","PrismaMod:ChloeCommonAttack","PrismaMod:ChloeCommonAttack","PrismaMod:ChloeCommonAttack","PrismaMod:ChloeCommonAttack","PrismaMod:ChloeCommonDefend","PrismaMod:ChloeCommonDefend","PrismaMod:ChloeCommonDefend","PrismaMod:ChloeCommonDefend","PrismaMod:ChloeCommonDefend","PrismaMod:ChloeCheapAttack","PrismaMod:ChloeCheapDefend","PrismaMod:ChloeAnyUncommonTrace+1","PrismaMod:ChloeMaid","PrismaMod:ChloeCaladbolg","PrismaMod:ChloeGaeBolg","PrismaMod:ChloeCheapAttackTwo","TH:BikiniMail","TH:PixieDust","PrismaMod:ChloeHalloween+1","Reboot","TH:CursedSword","PrismaMod:ChloeGreatTracePools","PrismaMod:ChloeCarnivalAOEAttack","PrismaMod:ChloeCheapDefend","PrismaMod:ChloeAnyAttackTrace"],"relics":["PrismaMod:PrismaTraceOn","halation:PinkSoulGem","hubris:Towel","Quantum Egg","Smiling Mask","Replay:Wax Seal","Prayer Wheel","Replay:Cursed D8","conspire:Flyswatter","Sling"],"acts_visited":["Exordium","TheCity"],"potions_floor_usage":[],"damage_taken":[{"damage":19.0,"enemies":"Jaw Worm","floor":1.0,"turns":6.0},{"damage":28.0,"enemies":"2 Louse","floor":2.0,"turns":6.0},{"damage":0.0,"enemies":"Cultist","floor":3.0,"turns":4.0},{"damage":23.0,"enemies":"Gremlin Nob","floor":7.0,"turns":8.0},{"damage":6.0,"enemies":"Looter","floor":8.0,"turns":2.0},{"damage":15.0,"enemies":"3 Louse","floor":11.0,"turns":3.0},{"damage":0.0,"enemies":"Large Slime","floor":12.0,"turns":6.0},{"damage":9.0,"enemies":"Blue Slaver","floor":13.0,"turns":3.0},{"damage":29.0,"enemies":"Lagavulin Event","floor":14.0,"turns":13.0},{"damage":30.0,"enemies":"Fading Forest","floor":16.0,"turns":11.0},{"damage":24,"enemies":"Chosen","floor":18,"turns":7},{"damage":12,"enemies":"Spheric Guardian","floor":21,"turns":6},{"damage":33,"enemies":"Snake Plant","floor":22,"turns":6}],"seed_played":"-3077371702937683776","potions_obtained":[{"floor":3.0,"key":"Strength Potion"},{"floor":8.0,"key":"SmokeBomb"},{"floor":12.0,"key":"ColorlessPotion"}],"is_trial":false,"path_per_floor":["M","M","M","?","?","R","E","M","T","R","M","M","M","?","R","B",null,"M","$","?","M","M"],"character_chosen":"CHLOE","items_purchased":["conspire:Flyswatter","Sling"],"campfire_rested":1,"item_purchase_floors":[19,19],"current_hp_per_floor":[56,33,33,33,33,33,10,4,4,26,11,75,66,50,50,39,76,52,52,40,28,0,0],"gold":164,"neow_bonus":"ONE_RANDOM_RARE_CARD","is_daily":false,"chose_seed":false,"campfire_upgraded":2,"win_rate":0.0,"timestamp":1614290439,"path_taken":["M","M","M","?","?","R","E","M","T","R","M","M","M","?","R","BOSS","M","$","?","M","?"],"items_purchased_type":["Relic","Relic"],"build_version":"2020-12-22","purchased_purges":0,"victory":false,"max_hp_per_floor":[75,75,75,75,75,75,75,75,75,75,75,75,75,76,76,76,76,76,76,76,76,76,76],"card_choices":[{"not_picked":["PrismaMod:ChloeCheapDefend","PrismaMod:ChloeCheapAttackTwo"],"picked":"PrismaMod:ChloeMaid","floor":1.0},{"not_picked":["PrismaMod:ChloeRhongomyniad","PrismaMod:ChloeDiscardRecovery"],"picked":"PrismaMod:ChloeCaladbolg","floor":2.0},{"not_picked":["PrismaMod:ChloeChristmas","PrismaMod:ChloeCheapDefendTwo"],"picked":"PrismaMod:ChloeGaeBolg","floor":3.0},{"not_picked":["PrismaMod:ChloeCheapAttack","PrismaMod:ChloeCheapDefend"],"picked":"PrismaMod:ChloeCheapAttackTwo","floor":7.0},{"not_picked":["TH:DeckOfManyThings"],"picked":"TH:BikiniMail","floor":7.0},{"not_picked":["PrismaMod:ChloeCommonAOEAttack","PrismaMod:ChloeCheapAttackTwo","PrismaMod:ChloeDiscardRecovery"],"picked":"SKIP","floor":8.0},{"not_picked":["TH:EnergyPotion"],"picked":"TH:PixieDust","floor":9.0},{"not_picked":["PrismaMod:ChloeCommonAOEAttack","PrismaMod:ChloeUncommonDefend"],"picked":"PrismaMod:ChloeHalloween","floor":11.0},{"not_picked":["PrismaMod:ChloeCheapDefend","PrismaMod:ChloeMaid","PrismaMod:ChloeBetterTracePools"],"picked":"SKIP","floor":12.0},{"not_picked":["PrismaMod:ChloeCheapAttackTwo","PrismaMod:ChloeCheapDefend","PrismaMod:ChloeCommonAOEAttack"],"picked":"SKIP","floor":13.0},{"not_picked":["TH:Mimic"],"picked":"TH:CursedSword","floor":16.0},{"not_picked":["PrismaMod:ChloeReshuffleDiscard","PrismaMod:ChloeDevil"],"picked":"PrismaMod:ChloeGreatTracePools","floor":16.0},{"not_picked":["PrismaMod:ChloeCheapDefend","PrismaMod:ChloeExhaustOne"],"picked":"PrismaMod:ChloeCarnivalAOEAttack","floor":18},{"not_picked":["PrismaMod:ChloeExhaustOne","PrismaMod:ChloeRhongomyniad+1"],"picked":"PrismaMod:ChloeCheapDefend","floor":18},{"not_picked":["PrismaMod:ChloeGaeBolg","PrismaMod:ChloeCheapDefendTwo"],"picked":"PrismaMod:ChloeAnyAttackTrace","floor":21},{"not_picked":["PrismaMod:ChloeCommonAOEAttack","PrismaMod:ChloeExhaustOne","PrismaMod:ChloeCheapAttack+1"],"picked":"SKIP","floor":21}],"player_experience":258906,"relics_obtained":[{"floor":7.0,"key":"Quantum Egg"},{"floor":9.0,"key":"Smiling Mask"},{"floor":14.0,"key":"Replay:Wax Seal"}],"event_choices":[{"damage_healed":0.0,"max_hp_gain":0.0,"max_hp_loss":0.0,"gold_gain":0.0,"event_name":"Dead Adventurer","player_choice":"Searched \u00272\u0027 times","floor":14.0,"gold_loss":0.0,"damage_taken":0.0},{"damage_healed":0,"gold_gain":90,"player_choice":"GOLD ","damage_taken":12,"max_hp_gain":0,"max_hp_loss":0,"event_name":"Knowing Skull","floor":20,"potions_obtained":[],"gold_loss":0,"cards_obtained":[]}],"is_beta":false,"boss_relics":[{"not_picked":["Ectoplasm","beaked:MawFillet"],"picked":"Replay:Cursed D8"}],"items_purged_floors":[],"is_endless":false,"potions_floor_spawned":[3,8,12,13,16,21],"killed_by":"Snake Plant","ascension_level":0}}