{"host":"mithrandi","time":1614281676,"event":{"mods":["BaseMod","Colored Map","Highlight Path","Minty Spire (QoL Compilation)","SuperFastMode"],"gold_per_floor":[113,188,188,199,89,89,120,134,134,134,134,149,172,2,2,2,2],"floor_reached":16,"language":"ENG","playtime":580,"items_purged":["Strike_B"],"score":250,"play_id":"83e62993-7391-4fc0-94cd-e4d229cde43e","local_time":"20210225213436","is_ascension_mode":true,"campfire_choices":[{"data":"Coolheaded","floor":6,"key":"SMITH"},{"data":"Recycle","floor":10,"key":"SMITH"},{"data":"Coolheaded","floor":15,"key":"SMITH"}],"circlet_count":0,"master_deck":["AscendersBane","Strike_B","Strike_B","Strike_B","Defend_B","Defend_B","Defend_B","Defend_B","Zap","Dualcast","Compile Driver","Gash","Go for the Eyes","Coolheaded+1","Compile Driver","Recycle+1","Coolheaded+1","Gash","Finesse"],"relics":["Cracked Core","NeowsBlessing","Strawberry","White Beast Statue","Pear","Golden Idol"],"acts_visited":["Exordium"],"potions_floor_usage":[13,13,16],"damage_taken":[{"damage":0,"enemies":"Cultist","floor":1,"turns":1},{"damage":0,"enemies":"Small Slimes","floor":4,"turns":1},{"damage":0,"enemies":"Gremlin Nob","floor":7,"turns":1},{"damage":7,"enemies":"Jaw Worm","floor":8,"turns":3},{"damage":12,"enemies":"3 Louse","floor":12,"turns":4},{"damage":9,"enemies":"Lots of Slimes","floor":13,"turns":4},{"damage":16,"enemies":"Hexaghost","floor":16,"turns":9}],"seed_played":"1592282509687361431","potions_obtained":[{"floor":7,"key":"ColorlessPotion"},{"floor":8,"key":"DuplicationPotion"},{"floor":12,"key":"EssenceOfSteel"},{"floor":13,"key":"EssenceOfDarkness"}],"is_trial":false,"path_per_floor":["M","?","?","M","$","R","E","M","T","R","?","M","M","$","R","B"],"character_chosen":"DEFECT","items_purchased":["Go for the Eyes","Coolheaded","Finesse"],"campfire_rested":0,"item_purchase_floors":[5,5,14],"current_hp_per_floor":[64,53,34,34,34,34,34,27,37,37,37,25,16,16,16,0,0],"gold":2,"neow_bonus":"THREE_ENEMY_KILL","is_daily":false,"chose_seed":false,"campfire_upgraded":3,"win_rate":0.0,"timestamp":1614281676,"path_taken":["M","?","?","M","$","R","E","M","T","R","?","M","M","$","R","BOSS"],"items_purchased_type":["Card","Card","Card"],"build_version":"2020-12-18","purchased_purges":1,"victory":false,"max_hp_per_floor":[71,71,78,78,78,78,78,78,88,88,80,80,80,80,80,80,80],"card_choices":[{"not_picked":["Coolheaded","Go for the Eyes"],"picked":"Compile Driver","floor":1},{"not_picked":["Steam","Go for the Eyes"],"picked":"Gash","floor":4},{"not_picked":["Streamline","Auto Shields"],"picked":"Compile Driver","floor":7},{"not_picked":["Reprogram","Leap"],"picked":"Recycle","floor":8},{"not_picked":["Sweeping Beam","Aggregate"],"picked":"Coolheaded","floor":12},{"not_picked":["Rebound","Steam"],"picked":"Gash","floor":13}],"player_experience":3132006,"relics_obtained":[{"floor":7,"key":"White Beast Statue"},{"floor":9,"key":"Pear"}],"event_choices":[{"damage_healed":0,"gold_gain":75,"player_choice":"Gather Gold","damage_taken":11,"max_hp_gain":0,"max_hp_loss":0,"event_name":"World of Goop","floor":2,"gold_loss":0},{"damage_healed":0,"gold_gain":0,"player_choice":"Success","damage_taken":26,"relics_obtained":["Strawberry"],"max_hp_gain":0,"max_hp_loss":0,"event_name":"Scrap Ooze","floor":3,"gold_loss":0},{"damage_healed":0,"gold_gain":0,"player_choice":"Lose Max HP","damage_taken":0,"relics_obtained":["Golden Idol"],"max_hp_gain":0,"max_hp_loss":8,"event_name":"Golden Idol","floor":11,"gold_loss":0}],"is_beta":true,"boss_relics":[],"items_purged_floors":[14],"is_endless":false,"potions_floor_spawned":[7,8,12,13],"killed_by":"Hexaghost","ascension_level":20}}