{"host":"mp4nw1ahnxiisuiw","time":1614216395,"event":{"mods":["AchievementEnabler","BaseMod","Better Note","Block Reminder","Colored Map","Colored Powertips","Curses Come First","DeckTracker","Dio Mod","Downfall","Hero for Fun","Highlight Path","HololiveMod","Koishi","Marisa????????","Minty Spire (QoL Compilation)","Permanent Neow","Quick Restart","Rare Cards Sparkle","Relic Sorter","Relic Stats","Remilia??????","Replay The Spire","Small Relic Pack","Spikes Relics","StSLib","Td1madao Mod","The Animator","The Bug Knight","The Senshi","Waifu the Spire","Wandering Minibosses"],"gold_per_floor":[110,160,20,20,30,30,30],"floor_reached":6,"language":"ENG","playtime":1376,"items_purged":[],"score":34,"play_id":"af5fa7f4-6232-437a-8bc0-2bf7d1af6c87","local_time":"20210225022635","is_ascension_mode":false,"campfire_choices":[],"circlet_count":0,"master_deck":["dioMod:Strike","dioMod:Strike","dioMod:Strike","dioMod:Strike","Bite","dioMod:Defend","dioMod:Defend","dioMod:Defend","dioMod:Defend","dioMod:SlashThroughTime","Normality","dioMod:UltimateSacrifice","dioMod:DoubleTime"],"relics":["Ring of Chaos","Ring of Peace","Ring of Greed","SsserpentHead"],"acts_visited":["Exordium"],"potions_floor_usage":[],"damage_taken":[{"damage":1,"enemies":"Jaw Worm","floor":1,"turns":4},{"damage":18,"enemies":"Cultist","floor":5,"turns":7},{"damage":0,"enemies":"3 Sentries","floor":6,"turns":1}],"seed_played":"516915736183349236","potions_obtained":[{"floor":5,"key":"Slimebound:ThreeZeroPotion"}],"is_trial":false,"path_per_floor":["M","?","$","?","M","E"],"character_chosen":"THE_DEFAULT","items_purchased":["dioMod:UltimateSacrifice"],"campfire_rested":0,"item_purchase_floors":[3],"current_hp_per_floor":[75,75,75,75,57,57,57],"gold":30,"neow_bonus":"BOSS_RELIC","is_daily":false,"chose_seed":false,"campfire_upgraded":0,"win_rate":0.0,"timestamp":1614216395,"path_taken":["M","?","$","?","M","E"],"items_purchased_type":["Card"],"build_version":"2020-12-22","purchased_purges":0,"victory":false,"max_hp_per_floor":[75,75,75,75,75,75,75],"relic_stats":{"SsserpentHead":0,"counters":[3,12],"obtain_stats":[{"SsserpentHead":4,"dioMod:VampireBlood":0,"Ring of Peace":2,"Ring of Chaos":0,"Ring of Greed":2},{"SsserpentHead":1,"dioMod:VampireBlood":0,"Ring of Peace":1,"Ring of Chaos":0,"Ring of Greed":1},{"SsserpentHead":4,"dioMod:VampireBlood":0,"Ring of Peace":4,"Ring of Chaos":0,"Ring of Greed":4}]},"card_choices":[{"not_picked":["dioMod:HeavyLifting","dioMod:BloodTransfusion"],"picked":"dioMod:SlashThroughTime","floor":1},{"not_picked":["dioMod:Diversion","dioMod:Hiss"],"picked":"dioMod:DoubleTime","floor":5}],"player_experience":135442,"relics_obtained":[{"floor":2,"key":"Ring of Peace"},{"floor":2,"key":"Ring of Greed"}],"event_choices":[{"damage_healed":0,"gold_gain":0,"player_choice":"Trade","damage_taken":0,"relics_obtained":["SsserpentHead"],"max_hp_gain":0,"max_hp_loss":0,"event_name":"FaceTrader","floor":4,"gold_loss":0}],"is_beta":false,"boss_relics":[],"items_purged_floors":[],"is_endless":false,"potions_floor_spawned":[5],"killed_by":"3 Sentries","ascension_level":0}}