{"host":"2hobwcalzbvkj63m","time":1614240486,"event":{"mods":["BaseMod","Downfall","Minty Spire (QoL Compilation)","StSLib"],"gold_per_floor":[99,118,118,133,133,152,220,230,88,88,107,137,37,62,77,181,181,181,197,215,23,39,39,39,39,39,58,58,58,77,138,156,156,156,156],"floor_reached":33,"language":"ENG","playtime":1984,"items_purged":["Regret","Slimebound:Strike_Slimebound"],"score":299,"play_id":"5c997fce-14a4-4a40-9a9e-0fb45ff5900b","local_time":"20210225030806","is_ascension_mode":true,"campfire_choices":[{"floor":1,"key":"REST"},{"floor":10,"key":"REST"},{"floor":13,"key":"REST"},{"floor":18,"key":"RECALL"},{"floor":25,"key":"REST"},{"floor":28,"key":"REST"}],"circlet_count":0,"master_deck":["Slimebound:Strike_Slimebound","Slimebound:Strike_Slimebound","Slimebound:Tackle","Slimebound:Defend_Slimebound","Slimebound:Defend_Slimebound","Slimebound:Defend_Slimebound","Slimebound:Defend_Slimebound","Slimebound:Split","Slimebound:CorrosiveSpit","Slimebound:ComboTackle","Slimebound:SplitAcid","Slimebound:HauntingLick","Slimebound:RollThrough","Slimebound:ForwardTackle","Slimebound:LeechEnergy","Slimebound:MassRepurpose","Slimebound:SplitAcid","Slimebound:ComboTackle","Slimebound:Replication","Slimebound:MinionMaster","Slimebound:BestDefense","Slimebound:Schlurp+1","Slimebound:FlameTackle","Slimebound:SamplingLick","Slimebound:RollThrough","Slimebound:LeechEnergy","Slimebound:LeechEnergy+1"],"relics":["Slimebound:AbsorbEndCombat","Shuriken","Orichalcum","Darkstone Periapt","Boot","downfall:HeartBlessingGreen","Bronze Scales","Runic Pyramid","SsserpentHead"],"acts_visited":["Exordium","TheCity"],"potions_floor_usage":[9,11,12,14,16,21,22,27,32,33],"damage_taken":[{"damage":8,"enemies":"2 Louse","floor":2,"turns":4},{"damage":7,"enemies":"Small Slimes","floor":4,"turns":3},{"damage":12,"enemies":"Jaw Worm","floor":6,"turns":4},{"damage":12,"enemies":"downfall:LooterAlt","floor":8,"turns":4},{"damage":11,"enemies":"downfall:FleeingMerchant","floor":9,"turns":4},{"damage":13,"enemies":"Gremlin Gang","floor":11,"turns":3},{"damage":18,"enemies":"Gremlin Nob","floor":12,"turns":3},{"damage":19,"enemies":"Lagavulin","floor":14,"turns":4},{"damage":6,"enemies":"Blue Slaver","floor":15,"turns":3},{"damage":16,"enemies":"WA_ARCHETYPE_RETAIN","floor":16,"turns":4},{"damage":20,"enemies":"Shell Parasite","floor":19,"turns":4},{"damage":8,"enemies":"Chosen","floor":20,"turns":5},{"damage":17,"enemies":"downfall:FleeingMerchant","floor":21,"turns":4},{"damage":30,"enemies":"Sentry and Sphere","floor":22,"turns":5},{"damage":29,"enemies":"Snake Plant","floor":27,"turns":2},{"damage":13,"enemies":"Snecko","floor":30,"turns":4},{"damage":15,"enemies":"Centurion and Healer","floor":31,"turns":4},{"damage":13,"enemies":"Snake Plant","floor":32,"turns":3},{"damage":10,"enemies":"DF_ARCHETYPE_CLAW","floor":33,"turns":1}],"seed_played":"4979972765534801462","potions_obtained":[{"floor":4,"key":"Slimebound:SpawnSlimePotion"},{"floor":8,"key":"Slimebound:SpawnSlimePotion"},{"floor":11,"key":"SneckoOil"},{"floor":12,"key":"BlessingOfTheForge"},{"floor":15,"key":"DistilledChaos"},{"floor":20,"key":"Slimebound:SlimedPotion"},{"floor":22,"key":"SkillPotion"},{"floor":27,"key":"LiquidBronze"},{"floor":32,"key":"sneckomod:MuddlingPotion"}],"is_trial":false,"path_per_floor":["R","M","?","M","?","M","T","M","$","R","M","E","R","E","M","B",null,"R","M","M","$","M","?","T","R","?","M","R","?","M","M","M","B"],"character_chosen":"SLIMEBOUND","items_purchased":["Slimebound:LeechEnergy","Regen Potion"],"campfire_rested":5,"item_purchase_floors":[9,21],"current_hp_per_floor":[77,73,73,68,56,48,48,40,35,58,49,35,58,45,43,33,77,77,57,53,42,26,26,26,49,35,10,34,34,25,14,5,0,0,0],"gold":156,"neow_bonus":"TWENTY_PERCENT_HP_BONUS","is_daily":false,"chose_seed":false,"campfire_upgraded":0,"win_rate":0.0,"timestamp":1614240486,"path_taken":["R","M","?","M","?","M","T","M","$","R","M","E","R","E","M","BOSS","R","M","M","$","M","?","T","R","?","M","R","?","M","?","M","BOSS"],"items_purchased_type":["Card","Potion"],"build_version":"2020-12-22","purchased_purges":2,"victory":false,"max_hp_per_floor":[77,77,77,77,77,77,77,77,77,77,77,77,77,77,77,77,77,77,77,77,77,77,77,77,77,82,82,82,82,82,82,82,82,82,82],"card_choices":[{"not_picked":["Slimebound:FinishingTackle","Slimebound:SamplingLick"],"picked":"Slimebound:ComboTackle","floor":2},{"not_picked":["Slimebound:SplitMire","Slimebound:FinishingTackle"],"picked":"Slimebound:SplitAcid","floor":4},{"not_picked":["Slimebound:SplitBruiser","Slimebound:TongueLash"],"picked":"Slimebound:HauntingLick","floor":6},{"not_picked":["Slimebound:TongueLash","Slimebound:GoopSpray"],"picked":"Slimebound:RollThrough","floor":8},{"not_picked":["Slimebound:SlimeTap","Slimebound:LeadByExample"],"picked":"Slimebound:ForwardTackle","floor":9},{"not_picked":["Slimebound:Gluttony","Slimebound:GoopSpray"],"picked":"Slimebound:MassRepurpose","floor":11},{"not_picked":["Slimebound:SlimeBarrage","Slimebound:FinishingTackle"],"picked":"Slimebound:SplitAcid","floor":12},{"not_picked":["Slimebound:GoopSpray","Slimebound:ServeAndProtect"],"picked":"Slimebound:ComboTackle","floor":14},{"not_picked":["Slimebound:Dissolve","Slimebound:SplitMire"],"picked":"Slimebound:Replication","floor":15},{"not_picked":["Slimebound:PrepareCrush","Slimebound:WasteNot"],"picked":"Slimebound:MinionMaster","floor":16},{"not_picked":["Slimebound:SplitAcid","Slimebound:LevelUp"],"picked":"Slimebound:BestDefense","floor":19},{"not_picked":["Slimebound:TongueLash","Slimebound:SamplingLick"],"picked":"Slimebound:Schlurp+1","floor":20},{"not_picked":["Slimebound:SpikyOuterGoop","Slimebound:MegaLick","Slimebound:SplitLeeching"],"picked":"SKIP","floor":21},{"not_picked":["Slimebound:DivideAndConquer","Slimebound:SplitMire+1"],"picked":"Slimebound:FlameTackle","floor":22},{"not_picked":["Slimebound:ForwardTackle","Slimebound:SlimeBarrage"],"picked":"Slimebound:SamplingLick","floor":27},{"not_picked":["Slimebound:FinishingTackle","Slimebound:RejuvenatingLick"],"picked":"Slimebound:RollThrough","floor":30},{"not_picked":["Slimebound:ItLooksTasty","Slimebound:LevelUp"],"picked":"Slimebound:LeechEnergy","floor":31},{"not_picked":["Slimebound:SlimeBarrage","Slimebound:OozeBath"],"picked":"Slimebound:LeechEnergy+1","floor":32}],"player_experience":101601,"relics_obtained":[{"floor":7,"key":"Darkstone Periapt"},{"floor":12,"key":"Boot"},{"floor":14,"key":"Bronze Scales"}],"event_choices":[{"damage_healed":0,"gold_gain":0,"player_choice":"Box","damage_taken":0,"relics_obtained":["Shuriken"],"max_hp_gain":0,"max_hp_loss":0,"event_name":"Big Fish","floor":3,"gold_loss":0,"cards_obtained":["Regret"]},{"damage_healed":0,"gold_gain":0,"player_choice":"Success","damage_taken":12,"relics_obtained":["Orichalcum"],"max_hp_gain":0,"max_hp_loss":0,"event_name":"Scrap Ooze","floor":5,"gold_loss":0},{"damage_healed":0,"gold_gain":0,"player_choice":"Ignored","damage_taken":0,"max_hp_gain":0,"max_hp_loss":0,"event_name":"Ghosts","floor":23,"gold_loss":0},{"damage_healed":0,"gold_gain":0,"player_choice":"Trade","damage_taken":0,"relics_obtained":["SsserpentHead"],"max_hp_gain":0,"max_hp_loss":0,"event_name":"FaceTrader","floor":29,"gold_loss":0}],"is_beta":false,"boss_relics":[{"not_picked":["Snecko Eye","Fusion Hammer"],"picked":"Runic Pyramid"}],"items_purged_floors":[9,21],"is_endless":false,"potions_floor_spawned":[4,8,11,12,15,20,22,27,32],"killed_by":"DF_ARCHETYPE_CLAW","ascension_level":1}}