{"host":"jsd6g3c2vo13e69c","time":1614252240,"event":{"mods":["2.2 Compatiblity","Act Like it!","BaseMod","Better Altar","Better Match","Better Note","Better Sensory Stone","Better Third Choice","BetterRewards","Colored Map","Colored Powertips","Downfall","Friendly Minions","GifTheSpireLib","Googly Eyes","Gremlin Mod","Hermit","Hubris","Infinite Spire","Melee Mod","Minty Spire (QoL Compilation)","Permanent Neow","Quick Restart","Random Character Button","Replay The Spire","Shop Mod","Spire Arcade","StSLib","The Cursed","The Disciple","The Forsaken","thorton"],"gold_per_floor":[99,111,122,122,122,122,122,222,33,46,46,61,79,96,109,109,109,109],"floor_reached":16,"language":"ENG","playtime":871,"items_purged":["Slimebound:Defend_Slimebound"],"score":94,"play_id":"3b021279-80fe-4875-bab9-04d9282f0ee4","local_time":"20210225062400","is_ascension_mode":false,"campfire_choices":[{"data":"Slimebound:Prepare","floor":11,"key":"SMITH"}],"circlet_count":0,"master_deck":["Slimebound:Strike_Slimebound","Slimebound:Strike_Slimebound","Slimebound:Strike_Slimebound","Slimebound:Tackle","Slimebound:Defend_Slimebound","Slimebound:Defend_Slimebound","Slimebound:Split","Slimebound:CorrosiveSpit","Slimebound:Prepare+1","Slimebound:SplitSpecialist","Slimebound:Prepare+1","Slimebound:DivideAndConquer","Slimebound:Repurpose","Slimebound:SplitBruiser","Slimebound:SplitBruiser","Slimebound:ProtectTheBoss"],"relics":["m_SlimeRing","Quantum Egg","downfall:GremlinWheel"],"acts_visited":["Exordium"],"potions_floor_usage":[9,16,16],"damage_taken":[{"damage":3,"enemies":"Cultist","floor":2,"turns":3},{"damage":0,"enemies":"Jaw Worm","floor":3,"turns":3},{"damage":37,"enemies":"Jaw Worm","floor":8,"turns":5},{"damage":6,"enemies":"downfall:FleeingMerchant","floor":9,"turns":5},{"damage":1,"enemies":"2 Louse","floor":10,"turns":3},{"damage":5,"enemies":"Gremlin Gang","floor":12,"turns":5},{"damage":5,"enemies":"Exordium Thugs","floor":13,"turns":4},{"damage":0,"enemies":"3 Louse","floor":14,"turns":3},{"damage":1,"enemies":"2 Fungi Beasts","floor":15,"turns":3},{"damage":27,"enemies":"IC_STATUS_ARCHETYPE","floor":16,"turns":4}],"seed_played":"-4133139379778504642","potions_obtained":[{"floor":8,"key":"Flashbang"},{"floor":13,"key":"ColorlessPotion"},{"floor":15,"key":"Regen Potion"}],"is_trial":false,"path_per_floor":["R_BF","M","M","?","?","?","T","?","$","M","R","M","M","M","M","B"],"character_chosen":"SLIMEBOUND","items_purchased":["Slimebound:Prepare","Slimebound:DivideAndConquer"],"campfire_rested":0,"item_purchase_floors":[9,9],"current_hp_per_floor":[65,64,65,65,65,65,65,28,22,21,21,16,11,11,10,0,0,0],"gold":109,"neow_bonus":"THREE_CARDS","is_daily":false,"chose_seed":false,"campfire_upgraded":1,"win_rate":0.0,"timestamp":1614252240,"path_taken":["R_BF","M","?","?","?","?","T","?","$","M","R","M","?","?","M","BOSS"],"items_purchased_type":["Card","Card"],"build_version":"2020-12-22","purchased_purges":1,"victory":false,"max_hp_per_floor":[65,65,65,65,65,65,65,65,65,65,65,65,65,65,65,65,65,65],"card_choices":[{"not_picked":["Slimebound:GrowthPunch","Slimebound:Repurpose"],"picked":"Slimebound:Prepare","floor":0},{"not_picked":["Slimebound:DisruptingSlam","Slimebound:TongueLash"],"picked":"Slimebound:SplitSpecialist","floor":2},{"not_picked":["Slimebound:AcidTongue","Slimebound:Gluttony","Slimebound:TongueLash"],"picked":"SKIP","floor":3},{"not_picked":["Slimebound:PressTheAttack","Slimebound:Schlurp","Slimebound:GrowthPunch"],"picked":"SKIP","floor":9},{"not_picked":["Accuracy","Cloak And Dagger"],"picked":"Slimebound:Repurpose","floor":10},{"not_picked":["Slimebound:GoopSpray","Slimebound:SlimeSpikes","Slimebound:GrowthPunch"],"picked":"SKIP","floor":12},{"not_picked":["Slimebound:FinishingTackle","Slimebound:ViciousTackle"],"picked":"Slimebound:SplitBruiser","floor":13},{"not_picked":["Infinite Blades","Slimebound:GoopTackle"],"picked":"Slimebound:SplitBruiser","floor":14},{"not_picked":["Slimebound:BestDefense","Slimebound:RainOfGoop"],"picked":"Slimebound:ProtectTheBoss","floor":15}],"player_experience":453045,"relics_obtained":[{"floor":7,"key":"Quantum Egg"},{"floor":8,"key":"downfall:GremlinWheel"}],"event_choices":[],"is_beta":false,"boss_relics":[],"items_purged_floors":[9],"is_endless":false,"potions_floor_spawned":[8,13,15],"killed_by":"IC_STATUS_ARCHETYPE","ascension_level":0}}