{"host":"1e3ivg30op4goso1","time":1614292066,"event":{"mods":["AchievementEnabler","Ascension Unlocker","BaseMod","Colored Map","Minty Spire (QoL Compilation)","Permanent Neow","Quick Restart","Relic Filter","StSLib","SuperFastMode"],"gold_per_floor":[119,137,50,125,35,35,54,82,130,165,115,128,144,144,144,242,242,213,232,10,10,10,10,43,56,56,56,73,89,100,100,100,205,205,219,219,237,335,335,335,349,381,459,459,322,322,101,113,113,113,113],"floor_reached":50,"language":"ENG","playtime":2988,"items_purged":["Defend_G"],"score":798,"play_id":"ec639930-8be0-4b49-8390-3e03581d04cd","local_time":"20210225172746","is_ascension_mode":true,"campfire_choices":[{"data":"Neutralize","floor":6.0,"key":"SMITH"},{"floor":15.0,"key":"REST"},{"data":"Flechettes","floor":23.0,"key":"SMITH"},{"floor":32,"key":"REST"},{"data":"Acrobatics","floor":40,"key":"SMITH"},{"floor":49,"key":"RECALL"}],"circlet_count":0,"master_deck":["AscendersBane","Strike_G+1","Defend_G","Defend_G+1","Defend_G","Defend_G","Survivor","Neutralize+1","Deflect+1","Caltrops+1","Flechettes+1","Finesse","Footwork","Flechettes+1","Adrenaline","Malaise","Deep Breath","Blur+1","After Image+1","Calculated Gamble+1","Acrobatics+1","Blur+1","Parasite","Escape Plan+1","Madness","Madness","Backflip"],"relics":["Astrolabe","Odd Mushroom","PreservedInsect","Toy Ornithopter","HoveringKite","Membership Card","Bronze Scales","Calipers","Bottled Tornado","Bag of Marbles","Busted Crown","Tiny House","Lizard Tail","TheAbacus","Ice Cream","Medical Kit"],"acts_visited":["Exordium","TheCity","TheBeyond"],"potions_floor_usage":[30,30,33,33,41,50],"damage_taken":[{"damage":2.0,"enemies":"Small Slimes","floor":1.0,"turns":5.0},{"damage":7.0,"enemies":"Jaw Worm","floor":2.0,"turns":5.0},{"damage":1.0,"enemies":"2 Louse","floor":7.0,"turns":3.0},{"damage":5.0,"enemies":"The Mushroom Lair","floor":8.0,"turns":5.0},{"damage":15.0,"enemies":"3 Sentries","floor":10.0,"turns":8.0},{"damage":1.0,"enemies":"Exordium Wildlife","floor":12.0,"turns":5.0},{"damage":0.0,"enemies":"Red Slaver","floor":13.0,"turns":4.0},{"damage":30.0,"enemies":"Slime Boss","floor":16.0,"turns":23.0},{"damage":15.0,"enemies":"2 Thieves","floor":18.0,"turns":5.0},{"damage":7.0,"enemies":"Spheric Guardian","floor":19.0,"turns":5.0},{"damage":9.0,"enemies":"Book of Stabbing","floor":24.0,"turns":4.0},{"damage":7.0,"enemies":"Snake Plant","floor":25.0,"turns":5.0},{"damage":10.0,"enemies":"Sentry and Sphere","floor":28.0,"turns":6.0},{"damage":5.0,"enemies":"Centurion and Healer","floor":29.0,"turns":11.0},{"damage":7,"enemies":"Cultist and Chosen","floor":30,"turns":10},{"damage":17,"enemies":"Automaton","floor":33,"turns":20},{"damage":3,"enemies":"3 Shapes","floor":35,"turns":11},{"damage":3,"enemies":"Orb Walker","floor":37,"turns":5},{"damage":29,"enemies":"2 Orb Walkers","floor":38,"turns":7},{"damage":2,"enemies":"Writhing Mass","floor":41,"turns":7},{"damage":0,"enemies":"Nemesis","floor":42,"turns":19},{"damage":9,"enemies":"Spire Growth","floor":48,"turns":7},{"damage":74,"enemies":"Donu and Deca","floor":50,"turns":14}],"seed_played":"8965579843254906794","potions_obtained":[{"floor":2.0,"key":"SkillPotion"},{"floor":8.0,"key":"GhostInAJar"},{"floor":13.0,"key":"Strength Potion"},{"floor":24.0,"key":"Block Potion"},{"floor":29.0,"key":"SpeedPotion"},{"floor":30,"key":"EssenceOfSteel"},{"floor":37,"key":"Swift Potion"},{"floor":42,"key":"SneckoOil"}],"is_trial":false,"path_per_floor":["M","M","$","?","$","R","M","?","T","E","?","M","M","?","R","B",null,"M","M","$","?","$","R","E","M","T","?","M","M","M","T","R","B",null,"M","?","M","?","?","R","M","E","T","?","$","?","$","M","R","B"],"character_chosen":"THE_SILENT","items_purchased":["Finesse","Finesse","Membership Card","Bronze Scales","TheAbacus","Backflip","Ice Cream","Medical Kit"],"campfire_rested":2,"item_purchase_floors":[3,5,20,20,45,45,47,47],"current_hp_per_floor":[61,54,54,43,43,43,42,37,37,22,22,21,21,7,28,8,55,40,33,33,33,33,33,24,17,17,17,7,2,5,5,26,19,57,54,54,51,27,27,27,30,30,30,21,21,21,21,12,12,0,0],"gold":113,"neow_bonus":"BOSS_RELIC","is_daily":false,"chose_seed":false,"campfire_upgraded":3,"win_rate":0.0,"timestamp":1614292066,"path_taken":["M","M","$","?","$","R","M","?","T","E","?","M","M","?","R","BOSS","M","M","$","?","$","R","E","M","T","?","M","?","M","?","R","BOSS","M","?","M","?","?","R","?","E","T","?","$","?","?","M","R","BOSS"],"items_purchased_type":["Card","Card","Relic","Relic","Relic","Card","Relic","Relic"],"build_version":"2020-12-22","purchased_purges":1,"victory":false,"max_hp_per_floor":[70,70,70,70,70,70,70,70,70,70,70,70,70,70,70,70,70,70,70,70,70,70,70,70,70,70,70,70,70,70,70,70,70,70,70,70,70,75,75,75,75,75,75,75,75,75,75,75,75,75,75],"card_choices":[{"not_picked":["Flying Knee","Heel Hook","Expertise"],"picked":"SKIP","floor":1.0},{"not_picked":["Dagger Spray","Dagger Throw","Flying Knee"],"picked":"SKIP","floor":2.0},{"not_picked":["Underhanded Strike","Bane","Prepared"],"picked":"SKIP","floor":7.0},{"not_picked":["Quick Slash","Dagger Throw"],"picked":"Footwork","floor":8.0},{"not_picked":["Infinite Blades","Slice","Prepared"],"picked":"SKIP","floor":10.0},{"not_picked":["Eviscerate","Endless Agony"],"picked":"Flechettes","floor":12.0},{"not_picked":["Acrobatics","Backstab"],"picked":"Adrenaline","floor":13.0},{"not_picked":["Wraith Form v2","Corpse Explosion"],"picked":"Malaise","floor":16.0},{"not_picked":["Dagger Spray","Quick Slash","Infinite Blades"],"picked":"SKIP","floor":18.0},{"not_picked":["Dagger Throw","Infinite Blades","Backstab"],"picked":"SKIP","floor":19.0},{"not_picked":["Predator","Underhanded Strike","Night Terror"],"picked":"SKIP","floor":24.0},{"not_picked":["Deflect","Reflex","Bouncing Flask"],"picked":"SKIP","floor":25.0},{"not_picked":["Flying Knee","Blade Dance"],"picked":"Blur+1","floor":28.0},{"not_picked":["Well Laid Plans","Flying Knee","PiercingWail"],"picked":"SKIP","floor":29.0},{"not_picked":["PiercingWail+1","Underhanded Strike","Sucker Punch"],"picked":"SKIP","floor":30},{"not_picked":["Glass Knife","Night Terror"],"picked":"After Image","floor":33},{"not_picked":[],"picked":"Calculated Gamble+1","floor":35},{"not_picked":[],"picked":"Acrobatics","floor":37},{"not_picked":[],"picked":"Escape Plan+1","floor":41},{"not_picked":["Blade Dance+1"],"picked":"SKIP","floor":42},{"not_picked":["Heel Hook+1"],"picked":"SKIP","floor":48}],"player_experience":40728,"relics_obtained":[{"floor":8.0,"key":"Odd Mushroom"},{"floor":9.0,"key":"PreservedInsect"},{"floor":10.0,"key":"Toy Ornithopter"},{"floor":24.0,"key":"Calipers"},{"floor":26.0,"key":"Bottled Tornado"},{"floor":31,"key":"Bag of Marbles"},{"floor":38,"key":"Tiny House"},{"floor":42,"key":"Lizard Tail"}],"event_choices":[{"damage_healed":0.0,"max_hp_gain":0.0,"max_hp_loss":0.0,"gold_gain":75.0,"event_name":"World of Goop","player_choice":"Gather Gold","floor":4.0,"gold_loss":0.0,"damage_taken":11.0},{"damage_healed":0.0,"max_hp_gain":0.0,"max_hp_loss":0.0,"gold_gain":0.0,"event_name":"Mushrooms","player_choice":"Fought Mushrooms","floor":8.0,"gold_loss":0.0,"damage_taken":0.0},{"cards_removed":["Strike_G"],"damage_healed":0.0,"max_hp_gain":0.0,"max_hp_loss":0.0,"gold_gain":0.0,"event_name":"The Cleric","player_choice":"Card Removal","floor":11.0,"gold_loss":50.0,"damage_taken":0.0},{"damage_healed":0.0,"max_hp_gain":0.0,"max_hp_loss":0.0,"gold_gain":0.0,"event_name":"Shining Light","player_choice":"Entered Light","floor":14.0,"gold_loss":0.0,"damage_taken":14.0,"cards_upgraded":["Defend_G","Strike_G"]},{"damage_healed":0.0,"max_hp_gain":0.0,"max_hp_loss":0.0,"gold_gain":0.0,"event_name":"Vampires","player_choice":"Ignored","floor":21.0,"gold_loss":0.0,"damage_taken":0.0},{"damage_healed":0.0,"max_hp_gain":0.0,"max_hp_loss":0.0,"gold_gain":0.0,"event_name":"Match and Keep!","player_choice":"1 cards matched","floor":27.0,"gold_loss":0.0,"damage_taken":0.0,"cards_obtained":["Deep Breath"]},{"cards_removed":["Finesse"],"damage_healed":0,"gold_gain":0,"player_choice":"Removed Skill","damage_taken":0,"max_hp_gain":0,"max_hp_loss":0,"event_name":"Falling","floor":36,"gold_loss":0},{"damage_healed":0,"gold_gain":0,"player_choice":"Fight","damage_taken":0,"max_hp_gain":0,"max_hp_loss":0,"event_name":"Mysterious Sphere","floor":38,"gold_loss":0},{"damage_healed":0,"gold_gain":0,"player_choice":"Copied","damage_taken":0,"max_hp_gain":0,"max_hp_loss":0,"event_name":"Duplicator","floor":39,"gold_loss":0,"cards_obtained":["Blur"]},{"damage_healed":0,"gold_gain":0,"player_choice":"Embrace Madness","damage_taken":9,"max_hp_gain":0,"max_hp_loss":0,"event_name":"Winding Halls","floor":44,"gold_loss":0,"cards_obtained":["Madness","Madness"]},{"damage_healed":0,"gold_gain":0,"player_choice":"Memory 1","damage_taken":0,"max_hp_gain":0,"max_hp_loss":0,"event_name":"SensoryStone","floor":46,"gold_loss":0}],"is_beta":false,"boss_relics":[{"not_picked":["Snecko Eye","SacredBark"],"picked":"HoveringKite"},{"not_picked":["Empty Cage","Coffee Dripper"],"picked":"Busted Crown"}],"items_purged_floors":[45],"is_endless":false,"potions_floor_spawned":[2,8,13,24,29,30,37,42],"killed_by":"Donu and Deca","ascension_level":10}}