{"host":"p9vmbvw2hh2n16dn","time":1614245360,"event":{"mods":["AchievementEnabler","BaseMod","Block Reminder","Minty Spire (QoL Compilation)","Relic Stats","SuperFastMode"],"gold_per_floor":[117,117,117,42,56,56,56,91,91,110,153,221,264,264,264,360,360,373,397,322,21,21,54,73,104,158,158,158],"floor_reached":27,"language":"ENG","playtime":793,"items_purged":["Injury"],"score":482,"play_id":"313d4330-5e72-4934-a99e-9004529435c8","local_time":"20210225102920","is_ascension_mode":true,"campfire_choices":[{"data":"Predator","floor":6.0,"key":"SMITH"},{"data":"Footwork","floor":15.0,"key":"SMITH"}],"circlet_count":0,"master_deck":["AscendersBane","Strike_G","Strike_G","Strike_G","Defend_G","Defend_G","Defend_G","Defend_G","Defend_G","Survivor","Neutralize","Quick Slash","Predator+1","Predator","Footwork+1","Poisoned Stab","Deadly Poison","Corpse Explosion","Crippling Poison","Bouncing Flask","Poisoned Stab","Noxious Fumes","Deadly Poison+1"],"relics":["Ring of the Snake","NeowsBlessing","Darkstone Periapt","Golden Idol","Bottled Flame","Snake Skull","Bag of Marbles","Oddly Smooth Stone","SlaversCollar","Membership Card","PreservedInsect","Nunchaku","Turnip","Dream Catcher","Potion Belt"],"acts_visited":["Exordium","TheCity"],"potions_floor_usage":[],"damage_taken":[{"damage":0.0,"enemies":"2 Louse","floor":1.0,"turns":1.0},{"damage":0.0,"enemies":"Jaw Worm","floor":5.0,"turns":1.0},{"damage":0.0,"enemies":"Gremlin Nob","floor":8.0,"turns":1.0},{"damage":0.0,"enemies":"Cultist","floor":10.0,"turns":3.0},{"damage":32.0,"enemies":"3 Sentries","floor":11.0,"turns":6.0},{"damage":12.0,"enemies":"Gremlin Nob","floor":13.0,"turns":3.0},{"damage":31.0,"enemies":"The Guardian","floor":16.0,"turns":14.0},{"damage":0.0,"enemies":"3 Byrds","floor":18.0,"turns":2.0},{"damage":0.0,"enemies":"Spheric Guardian","floor":19.0,"turns":3.0},{"damage":14.0,"enemies":"Book of Stabbing","floor":23.0,"turns":5.0},{"damage":28.0,"enemies":"Shelled Parasite and Fungi","floor":24.0,"turns":6.0},{"damage":5.0,"enemies":"Slavers","floor":25.0,"turns":6.0},{"damage":0,"enemies":"Snecko","floor":27,"turns":1}],"seed_played":"-6937155849367794642","potions_obtained":[{"floor":1.0,"key":"BlessingOfTheForge"},{"floor":8.0,"key":"AttackPotion"},{"floor":10.0,"key":"CultistPotion"},{"floor":16.0,"key":"Weak Potion"},{"floor":23.0,"key":"FearPotion"},{"floor":25.0,"key":"BlessingOfTheForge"}],"is_trial":false,"path_per_floor":["M","?","?","$","M","R","$","E","T","M","E","?","E","?","R","B",null,"M","M","?","$","?","E","M","E","T","M"],"character_chosen":"THE_SILENT","items_purchased":["Membership Card","PreservedInsect","Nunchaku"],"campfire_rested":0,"item_purchase_floors":[21,21,21],"current_hp_per_floor":[63,51,57,57,57,57,57,57,57,57,25,25,13,38,38,7,59,59,59,59,59,59,45,17,12,12,12,12],"gold":158,"neow_bonus":"THREE_ENEMY_KILL","is_daily":false,"chose_seed":false,"campfire_upgraded":2,"win_rate":0.0,"timestamp":1614245360,"path_taken":["M","?","?","$","M","R","?","E","T","?","E","?","E","?","R","BOSS","M","M","?","$","?","E","?","E","T","M"],"items_purchased_type":["Relic","Relic","Relic"],"build_version":"2020-12-22","purchased_purges":1,"victory":false,"max_hp_per_floor":[70,70,76,76,76,76,76,76,76,76,76,76,76,76,76,76,76,76,76,76,76,76,76,76,76,76,76,76],"relic_stats":{"Darkstone Periapt":6,"Nunchaku":[1],"Dream Catcher":0,"counters":[13,52],"Golden Idol":76,"Snake Skull":[35],"PreservedInsect":85,"Turnip":[0],"obtain_stats":[{"Darkstone Periapt":2,"Potion Belt":26,"NeowsBlessing":0,"Golden Idol":3,"Oddly Smooth Stone":13,"Snake Skull":9,"PreservedInsect":21,"SlaversCollar":17,"Bottled Flame":8,"Nunchaku":21,"Dream Catcher":25,"Turnip":23,"Bag of Marbles":11,"Membership Card":21,"Ring of the Snake":0},{"Darkstone Periapt":1,"Potion Belt":12,"NeowsBlessing":0,"Golden Idol":1,"Oddly Smooth Stone":6,"Snake Skull":3,"PreservedInsect":9,"SlaversCollar":7,"Bottled Flame":3,"Nunchaku":9,"Dream Catcher":12,"Turnip":10,"Bag of Marbles":5,"Membership Card":9,"Ring of the Snake":0},{"Darkstone Periapt":1,"Potion Belt":51,"NeowsBlessing":0,"Golden Idol":1,"Oddly Smooth Stone":15,"Snake Skull":3,"PreservedInsect":34,"SlaversCollar":29,"Bottled Flame":3,"Nunchaku":34,"Dream Catcher":51,"Turnip":39,"Bag of Marbles":12,"Membership Card":34,"Ring of the Snake":0}],"Ring of the Snake":[26]},"card_choices":[{"not_picked":["Calculated Gamble","Dagger Throw"],"picked":"Quick Slash","floor":1.0},{"not_picked":["Leg Sweep","Bane"],"picked":"Predator","floor":5.0},{"not_picked":["Skewer","Outmaneuver"],"picked":"Predator","floor":8.0},{"not_picked":["Flying Knee","Sucker Punch"],"picked":"Footwork","floor":10.0},{"not_picked":["Outmaneuver","Grand Finale"],"picked":"Poisoned Stab","floor":11.0},{"not_picked":["Slice","Dodge and Roll"],"picked":"Deadly Poison","floor":13.0},{"not_picked":["After Image","Storm of Steel"],"picked":"Corpse Explosion","floor":16.0},{"not_picked":["Poisoned Stab","Deflect"],"picked":"Crippling Poison","floor":18.0},{"not_picked":["Endless Agony","Flying Knee"],"picked":"Bouncing Flask","floor":19.0},{"not_picked":["Wraith Form v2","Slice"],"picked":"Poisoned Stab","floor":23.0},{"not_picked":["Bane","Quick Slash"],"picked":"Noxious Fumes","floor":24.0},{"not_picked":["Deflect+1","Masterful Stab"],"picked":"Deadly Poison+1","floor":25.0}],"player_experience":359760,"relics_obtained":[{"floor":8.0,"key":"Bottled Flame"},{"floor":9.0,"key":"Snake Skull"},{"floor":11.0,"key":"Bag of Marbles"},{"floor":13.0,"key":"Oddly Smooth Stone"},{"floor":23.0,"key":"Turnip"},{"floor":25.0,"key":"Dream Catcher"},{"floor":26.0,"key":"Potion Belt"}],"event_choices":[{"damage_healed":0.0,"max_hp_gain":0.0,"max_hp_loss":0.0,"gold_gain":0.0,"event_name":"Scrap Ooze","player_choice":"Success","floor":2.0,"gold_loss":0.0,"damage_taken":12.0,"relics_obtained":["Darkstone Periapt"]},{"damage_healed":0.0,"max_hp_gain":0.0,"max_hp_loss":0.0,"gold_gain":0.0,"event_name":"Golden Idol","player_choice":"Take Wound","floor":3.0,"gold_loss":0.0,"damage_taken":0.0,"relics_obtained":["Golden Idol"],"cards_obtained":["Injury"]},{"damage_healed":0.0,"max_hp_gain":0.0,"max_hp_loss":0.0,"gold_gain":68.0,"event_name":"Golden Wing","player_choice":"Gained Gold","floor":12.0,"gold_loss":0.0,"damage_taken":0.0},{"damage_healed":25.0,"max_hp_gain":0.0,"max_hp_loss":0.0,"gold_gain":0.0,"event_name":"Big Fish","player_choice":"Banana","floor":14.0,"gold_loss":0.0,"damage_taken":0.0},{"cards_removed":["Strike_G"],"damage_healed":0.0,"max_hp_gain":0.0,"max_hp_loss":0.0,"gold_gain":0.0,"event_name":"Beggar","player_choice":"Gave Gold","floor":20.0,"gold_loss":75.0,"damage_taken":0.0},{"cards_removed":["Strike_G"],"damage_healed":0.0,"max_hp_gain":0.0,"max_hp_loss":0.0,"gold_gain":0.0,"event_name":"Purifier","player_choice":"Purged","floor":22.0,"gold_loss":0.0,"damage_taken":0.0}],"is_beta":false,"boss_relics":[{"not_picked":["Empty Cage","SacredBark"],"picked":"SlaversCollar"}],"items_purged_floors":[4],"is_endless":false,"potions_floor_spawned":[1,8,10,16,23,25],"killed_by":"Snecko","ascension_level":13}}