{"host":"t4bl6qmmsws2mq4o","time":1614290310,"event":{"mods":["AchievementEnabler","Act Like it!","BaseMod","Better Note","Downfall","GifTheSpireLib","Hermit","Koishi","Marisa????????","Minty Spire (QoL Compilation)","Ruina","StSLib","The Alterego","The Death Knight","The Marked","The Necromancer","The Poker Player","The Runesmith","The Servant 0.9.4"],"gold_per_floor":[112,112,287,69,34,60,60,75,75,75,88,119,119,134,134,235,235,249,249,249,265,277,312,322,322,322,322,377,397,397,397,397,502,502,512,116,165,215,490,490,141,166,219,246,92,104,130,140,140,140,140,140,37,68,68],"floor_reached":56,"language":"ENG","playtime":4119,"items_purged":["Doubt","Regret"],"score":1149,"play_id":"9a9f6886-de3d-435f-b873-c696e2841de6","local_time":"20210225135830","is_ascension_mode":false,"campfire_choices":[{"data":"Koishi:PredatoryInstincts","floor":7.0,"key":"SMITH"},{"data":"Koishi:HauntingSlash","floor":10.0,"key":"SMITH"},{"data":"Koishi:VengefulSpirit","floor":15.0,"key":"SMITH"},{"floor":25.0,"key":"RECALL"},{"floor":32.0,"key":"REST"},{"floor":40,"key":"REST"},{"floor":49,"key":"REST"},{"floor":52,"key":"REST"}],"circlet_count":0,"master_deck":["Koishi:BasicStrike","Koishi:BasicStrike","Koishi:BasicStrike+1","Koishi:BasicStrike+1","Koishi:BasicDefend","Koishi:BasicDefend","Koishi:BasicDefend","Koishi:Provoke","Koishi:HauntingSlash+1","Koishi:PredatoryInstincts+1","Koishi:PhantomBarrier","Koishi:SubterraneanRose+1","Koishi:Whimsy","Koishi:VengefulSpirit+1","Koishi:SuperEgo+1","Koishi:SubterraneanRose+1","Koishi:StingingMind","Koishi:SubterraneanRose+1","Koishi:HeartAttack","Koishi:UnseenTerror","Koishi:JumpScare+1","Koishi:HeartStoppingHorror","CurseOfTheBell","Koishi:VengefulSpirit+1","Koishi:BloodcurdlingScream+1","Koishi:Possession+1","Koishi:MassHysteria+1","Koishi:TremblingHands+1","Koishi:ParalyzingFear+1"],"relics":["Koishi:ImaginaryFriend","NeowsBlessing","Oddly Smooth Stone","Lantern","White Beast Statue","Whetstone","Fusion Hammer","DeathKnight:PutricidesVial","Tiny Chest","Bag of Marbles","DeathKnight:SindragosasSkull","Calling Bell","Happy Flower","Darkstone Periapt","Mango","Gremlin Horn","ClockworkSouvenir","Torii","CaptainsWheel","Pear","Koishi:BloodstainedWhiteRose","Centennial Puzzle","Bag of Preparation","Regal Pillow","InkBottle"],"acts_visited":["Exordium","ruina:Briah","TheBeyond","TheEnding"],"potions_floor_usage":[35,42,47,50,53,55,55,55,55],"damage_taken":[{"damage":0.0,"enemies":"Jaw Worm","floor":1.0,"turns":1.0},{"damage":0.0,"enemies":"Gremlin Nob","floor":6.0,"turns":1.0},{"damage":0.0,"enemies":"2 Louse","floor":8.0,"turns":1.0},{"damage":0.0,"enemies":"Small Slimes","floor":11.0,"turns":5.0},{"damage":24.0,"enemies":"Lagavulin","floor":12.0,"turns":14.0},{"damage":0.0,"enemies":"Blue Slaver","floor":14.0,"turns":5.0},{"damage":26.0,"enemies":"Hexaghost","floor":16.0,"turns":13.0},{"damage":9.0,"enemies":"ruina:BadWolf","floor":18.0,"turns":5.0},{"damage":0.0,"enemies":"ruina:2_Scarecrows","floor":21.0,"turns":4.0},{"damage":0.0,"enemies":"ruina:KnightOfDespair","floor":22.0,"turns":3.0},{"damage":15.0,"enemies":"ruina:Mountain","floor":23.0,"turns":12.0},{"damage":3.0,"enemies":"ruina:QueenOfHate","floor":24.0,"turns":4.0},{"damage":17.0,"enemies":"ruina:RoadHome","floor":28.0,"turns":6.0},{"damage":18.0,"enemies":"ruina:Woodsman","floor":29.0,"turns":3.0},{"damage":44,"enemies":"ruina:Ozma","floor":33,"turns":14},{"damage":0,"enemies":"3 Darklings","floor":35,"turns":6},{"damage":35,"enemies":"2 Orb Walkers","floor":37,"turns":5},{"damage":12,"enemies":"Mind Bloom Boss Battle","floor":38,"turns":7},{"damage":53,"enemies":"Giant Head","floor":42,"turns":9},{"damage":0,"enemies":"3 Shapes","floor":46,"turns":3},{"damage":1,"enemies":"Reptomancer","floor":47,"turns":3},{"damage":1,"enemies":"Writhing Mass","floor":48,"turns":3},{"damage":66,"enemies":"Donu and Deca","floor":50,"turns":9},{"damage":19,"enemies":"Shield and Spear","floor":54,"turns":5},{"damage":66,"enemies":"The Heart","floor":55,"turns":7}],"seed_played":"3403726029020729380","potions_obtained":[{"floor":1.0,"key":"champ:CounterPotion"},{"floor":11.0,"key":"bronze:BurnAndBuffPotion"},{"floor":12.0,"key":"DistilledChaos"},{"floor":14.0,"key":"DistilledChaos"},{"floor":16.0,"key":"champ:CounterPotion"},{"floor":18.0,"key":"Explosive Potion"},{"floor":21.0,"key":"CultistPotion"},{"floor":22.0,"key":"ColorlessPotion"},{"floor":23.0,"key":"SteroidPotion"},{"floor":28.0,"key":"Swift Potion"},{"floor":29.0,"key":"Fruit Juice"},{"floor":33,"key":"LiquidMemories"},{"floor":35,"key":"SmokeBomb"},{"floor":37,"key":"LiquidBronze"},{"floor":38,"key":"ColorlessPotion"},{"floor":42,"key":"LiquidMemories"},{"floor":47,"key":"PowerPotion"},{"floor":54,"key":"CultistPotion"}],"is_trial":false,"path_per_floor":["M","?","?","$","?","E","R","M","T","R","M","E","$","M","R","B",null,"M","?","?","M","M","E","M","R","T","?","E","M","?","T","R","B",null,"M","$","?","?","?","R","$","E","T","T","$","M","E","M","R","B",null,"R","$","E","B",null],"character_chosen":"KOISHI","items_purchased":["Oddly Smooth Stone","Gremlin Horn","ClockworkSouvenir","Pear","Bag of Preparation","Fruit Juice"],"campfire_rested":4,"item_purchase_floors":[4,36,36,41,45,53],"current_hp_per_floor":[60,53,53,53,60,60,60,60,60,60,60,54,54,60,60,50,60,60,60,33,49,60,60,60,60,60,60,60,63,71,71,73,59,87,87,87,76,70,76,93,103,76,76,76,76,97,103,103,103,67,103,103,108,108,67],"gold":68,"neow_bonus":"THREE_ENEMY_KILL","is_daily":false,"chose_seed":false,"campfire_upgraded":3,"win_rate":0.0,"timestamp":1614290310,"path_taken":["M","?","?","$","?","E","R","M","T","R","M","E","?","?","R","BOSS","M","?","?","?","M","E","M","R","T","?","E","?","?","?","R","BOSS","M","$","?","?","?","R","$","E","T","?","$","M","E","M","R","BOSS","R","$","E","BOSS"],"items_purchased_type":["Relic","Relic","Relic","Relic","Relic","Potion"],"build_version":"2020-12-22","purchased_purges":2,"victory":true,"max_hp_per_floor":[60,60,60,60,60,60,60,60,60,60,60,60,60,60,60,60,60,60,60,60,60,60,60,60,60,60,60,60,65,73,73,73,73,87,87,87,87,87,93,93,103,103,103,103,103,103,103,103,103,103,103,103,108,108,108],"card_choices":[{"not_picked":["Koishi:Jaunt","Koishi:SpiritedAway"],"picked":"Koishi:PredatoryInstincts","floor":1.0},{"not_picked":["Koishi:DreadfulBlow","Koishi:UnansweredLove"],"picked":"Koishi:PhantomBarrier","floor":6.0},{"not_picked":["Koishi:Jaunt","Koishi:MassHysteria","Koishi:BloodcurdlingScream"],"picked":"SKIP","floor":8.0},{"not_picked":["Koishi:FleetingPhantom","Koishi:HeartfeltFancy"],"picked":"Koishi:SubterraneanRose","floor":11.0},{"not_picked":["Koishi:ReflexRadar","Koishi:PhilosophyOfTheDespised"],"picked":"Koishi:Whimsy","floor":12.0},{"not_picked":["Koishi:ReflexRadar","Koishi:Untouchable"],"picked":"Koishi:VengefulSpirit","floor":14.0},{"not_picked":["Koishi:MindStellarRelief","Koishi:ConditionedTeleport"],"picked":"Koishi:SuperEgo","floor":16.0},{"not_picked":["Koishi:BramblyRoseGarden","Koishi:Jaunt"],"picked":"Koishi:SubterraneanRose","floor":18.0},{"not_picked":["Koishi:FleetingPhantom","Koishi:CatchAndRose+1"],"picked":"Koishi:StingingMind","floor":21.0},{"not_picked":["Koishi:PhilosophyOfTheDespised","Koishi:Vanish+1"],"picked":"Koishi:SubterraneanRose+1","floor":22.0},{"not_picked":["Koishi:PhantomBarrier+1","Koishi:EmbryosDream"],"picked":"Koishi:HeartAttack","floor":23.0},{"not_picked":["Koishi:HeartfeltFancy","Koishi:UnconsciousUprising","Koishi:IdleWhim"],"picked":"SKIP","floor":24.0},{"not_picked":["Koishi:Bloodlust","Koishi:JumpScare+1"],"picked":"Koishi:UnseenTerror","floor":28.0},{"not_picked":["Koishi:DreadfulBlow","Koishi:FadingMemory"],"picked":"Koishi:JumpScare+1","floor":29.0},{"not_picked":["Koishi:GrowingPain","Koishi:SilentAndRestless"],"picked":"Koishi:HeartStoppingHorror","floor":33},{"not_picked":["Koishi:SubterraneanRose","Koishi:StingingMind"],"picked":"Koishi:VengefulSpirit+1","floor":35},{"not_picked":["Koishi:HeartStoppingHorror","Koishi:Prune"],"picked":"Koishi:BloodcurdlingScream+1","floor":37},{"not_picked":["Koishi:PhantomStrike+1","Koishi:ApparitionsStalkTheNight"],"picked":"Koishi:Possession+1","floor":38},{"not_picked":["Koishi:BloodcurdlingScream","Koishi:Whimsy"],"picked":"Koishi:MassHysteria+1","floor":42},{"not_picked":["Koishi:IdleWhim","Koishi:SubconsciousSweep+1","Koishi:UnconsciousUprising+1"],"picked":"SKIP","floor":46},{"not_picked":["Koishi:FleetingPhantom","Koishi:HeartAttack+1"],"picked":"Koishi:TremblingHands+1","floor":47},{"not_picked":["Koishi:DreadfulBlow","Koishi:UnansweredLove+1"],"picked":"Koishi:ParalyzingFear+1","floor":48},{"not_picked":["Koishi:TraumaticStroke+1","Koishi:GrowingPain","Koishi:StingingMind+1"],"picked":"SKIP","floor":54}],"player_experience":517129,"relics_obtained":[{"floor":6.0,"key":"Lantern"},{"floor":9.0,"key":"White Beast Statue"},{"floor":12.0,"key":"Whetstone"},{"floor":23.0,"key":"DeathKnight:PutricidesVial"},{"floor":26.0,"key":"Tiny Chest"},{"floor":28.0,"key":"Bag of Marbles"},{"floor":31.0,"key":"DeathKnight:SindragosasSkull"},{"floor":34,"key":"Happy Flower"},{"floor":34,"key":"Darkstone Periapt"},{"floor":34,"key":"Mango"},{"floor":37,"key":"Torii"},{"floor":38,"key":"CaptainsWheel"},{"floor":42,"key":"Koishi:BloodstainedWhiteRose"},{"floor":44,"key":"Centennial Puzzle"},{"floor":47,"key":"Regal Pillow"},{"floor":54,"key":"InkBottle"}],"event_choices":[{"cards_removed":["Koishi:BasicDefend"],"damage_healed":0.0,"max_hp_gain":0.0,"max_hp_loss":0.0,"gold_gain":0.0,"event_name":"Golden Wing","player_choice":"Card Removal","floor":2.0,"gold_loss":0.0,"damage_taken":7.0},{"damage_healed":0.0,"max_hp_gain":0.0,"max_hp_loss":0.0,"gold_gain":175.0,"event_name":"Liars Game","player_choice":"AGREE","floor":3.0,"gold_loss":0.0,"damage_taken":0.0,"cards_obtained":["Doubt"]},{"damage_healed":15.0,"max_hp_gain":0.0,"max_hp_loss":0.0,"gold_gain":0.0,"event_name":"The Cleric","player_choice":"Healed","floor":5.0,"gold_loss":35.0,"damage_taken":0.0},{"damage_healed":0,"gold_gain":0,"player_choice":"Fight","damage_taken":0,"max_hp_gain":0,"max_hp_loss":0,"event_name":"Mysterious Sphere","floor":37,"gold_loss":0},{"damage_healed":0,"gold_gain":0,"player_choice":"Fight","damage_taken":0,"max_hp_gain":0,"max_hp_loss":0,"event_name":"MindBloom","floor":38,"gold_loss":0},{"damage_healed":0,"gold_gain":275,"player_choice":"Desecrate","damage_taken":0,"max_hp_gain":0,"max_hp_loss":0,"event_name":"Golden Shrine","floor":39,"gold_loss":0,"cards_obtained":["Regret"]}],"is_beta":false,"boss_relics":[{"not_picked":["Runic Pyramid","Runic Dome"],"picked":"Fusion Hammer"},{"not_picked":["Runesmith:UraniumAnvil","Empty Cage"],"picked":"Calling Bell"}],"items_purged_floors":[4,41],"is_endless":false,"potions_floor_spawned":[1,11,12,14,16,18,21,22,23,24,28,29,33,35,37,38,42,46,47,48,54],"ascension_level":0}}