{"host":"yx5rao87132cy5xq","time":1614280206,"event":{"mods":["2.2 Compatiblity","AchievementEnabler","BaseMod","Bestiary","Colored Map","Colored Powertips","Highlight Path","Minty Spire (QoL Compilation)","Quick Restart","Relic Stats","Slay-I","SuperFastMode"],"gold_per_floor":[117,131,131,146,146,175,190,190,216,228,257,257,284,234,234,337,387,401,237,237,237,256,256,283,293,375,375,375],"floor_reached":27,"language":"ENG","playtime":2077,"items_purged":["Strike_G"],"score":375,"play_id":"9f69485d-ec79-4757-b8a9-540a03da51c2","local_time":"20210225201006","is_ascension_mode":true,"campfire_choices":[{"data":"Terror","floor":8.0,"key":"SMITH"},{"data":"Slice","floor":12.0,"key":"SMITH"},{"data":"Corpse Explosion","floor":15.0,"key":"SMITH"},{"data":"Venomology","floor":23.0,"key":"SMITH"}],"circlet_count":0,"master_deck":["Strike_G+1","Strike_G+1","Strike_G+1","Strike_G+1","Defend_G","Defend_G","Defend_G+1","Defend_G+1","Survivor","Neutralize+1","Blade Dance+1","All Out Attack","Blur","Slice+1","Terror+1","Leg Sweep","Corpse Explosion+1","Venomology+1","Backflip","Cloak And Dagger","Well Laid Plans","Deflect","Decay","Deflect","Deadly Poison","Backflip+1"],"relics":["Ring of the Snake","War Paint","Whetstone","Bag of Marbles","Happy Flower","Tiny House","Tingsha","White Beast Statue"],"acts_visited":["Exordium","TheCity"],"potions_floor_usage":[27,27],"damage_taken":[{"damage":0.0,"enemies":"2 Louse","floor":1.0,"turns":3.0},{"damage":0.0,"enemies":"Small Slimes","floor":2.0,"turns":3.0},{"damage":3.0,"enemies":"Jaw Worm","floor":4.0,"turns":4.0},{"damage":12.0,"enemies":"3 Sentries","floor":6.0,"turns":8.0},{"damage":0.0,"enemies":"Red Slaver","floor":7.0,"turns":3.0},{"damage":4.0,"enemies":"2 Fungi Beasts","floor":10.0,"turns":3.0},{"damage":0.0,"enemies":"Lagavulin","floor":11.0,"turns":9.0},{"damage":2.0,"enemies":"3 Sentries","floor":13.0,"turns":5.0},{"damage":0.0,"enemies":"Slime Boss","floor":16.0,"turns":7.0},{"damage":0.0,"enemies":"Chosen","floor":18.0,"turns":4.0},{"damage":25.0,"enemies":"Spheric Guardian","floor":22.0,"turns":4.0},{"damage":43.0,"enemies":"Gremlin Leader","floor":24.0,"turns":8.0},{"damage":1.0,"enemies":"Centurion and Healer","floor":25.0,"turns":7.0},{"damage":12,"enemies":"Slavers","floor":27,"turns":1}],"seed_played":"49980575617624512","potions_obtained":[{"floor":1.0,"key":"Energy Potion"},{"floor":6.0,"key":"CultistPotion"},{"floor":10.0,"key":"Fire Potion"},{"floor":17.0,"key":"ColorlessPotion"},{"floor":24.0,"key":"CultistPotion"},{"floor":25.0,"key":"BlessingOfTheForge"}],"is_trial":false,"path_per_floor":["M","M","$","M","?","E","M","R","T","M","E","R","E","?","R","B",null,"M","$","?","?","M","R","E","M","T","E"],"character_chosen":"THE_SILENT","items_purchased":["Well Laid Plans","Deflect"],"campfire_rested":0,"item_purchase_floors":[19,19],"current_hp_per_floor":[70,70,70,67,53,41,41,41,41,37,37,37,35,35,35,35,75,75,75,75,75,50,50,7,6,6,0,0],"gold":375,"neow_bonus":"UPGRADE_CARD","is_daily":false,"chose_seed":false,"campfire_upgraded":4,"win_rate":0.0,"timestamp":1614280206,"path_taken":["M","M","$","M","?","E","M","R","T","M","E","R","E","?","R","BOSS","M","$","?","?","M","R","E","M","T","E"],"items_purchased_type":["Card","Card"],"build_version":"2020-12-22","purchased_purges":1,"victory":false,"max_hp_per_floor":[70,70,70,70,70,70,70,70,70,70,70,70,70,70,70,70,75,75,75,75,75,75,75,75,75,75,75,75],"relic_stats":{"Happy Flower":[10],"counters":[14,69],"Tingsha":[0],"Whetstone":["Strike_G","Strike_G"],"War Paint":["Blade Dance","Defend_G"],"obtain_stats":[{"Tiny House":17,"Happy Flower":13,"Tingsha":24,"Bag of Marbles":11,"Whetstone":9,"War Paint":6,"White Beast Statue":26,"Ring of the Snake":0},{"Tiny House":9,"Happy Flower":8,"Tingsha":12,"Bag of Marbles":7,"Whetstone":5,"War Paint":4,"White Beast Statue":13,"Ring of the Snake":0},{"Tiny House":45,"Happy Flower":38,"Tingsha":61,"Bag of Marbles":33,"Whetstone":21,"War Paint":18,"White Beast Statue":68,"Ring of the Snake":0}],"Ring of the Snake":[28]},"card_choices":[{"not_picked":["Flechettes","Acrobatics"],"picked":"Blade Dance","floor":1.0},{"not_picked":["Escape Plan","Deflect"],"picked":"All Out Attack","floor":2.0},{"not_picked":["Skewer","Sucker Punch"],"picked":"Blur","floor":4.0},{"not_picked":["Tools of the Trade","Deadly Poison"],"picked":"Slice","floor":6.0},{"not_picked":["Deflect","All Out Attack"],"picked":"Terror","floor":7.0},{"not_picked":["Dash","Quick Slash"],"picked":"Leg Sweep","floor":10.0},{"not_picked":["Crippling Poison","Setup","Outmaneuver"],"picked":"SKIP","floor":11.0},{"not_picked":["Outmaneuver","Terror"],"picked":"Corpse Explosion","floor":13.0},{"not_picked":["Night Terror","Storm of Steel"],"picked":"Venomology","floor":16.0},{"not_picked":["Predator","Quick Slash"],"picked":"Backflip","floor":17.0},{"not_picked":["Masterful Stab","Crippling Poison"],"picked":"Cloak And Dagger","floor":18.0},{"not_picked":["Reflex","Dagger Throw+1"],"picked":"Deflect","floor":22.0},{"not_picked":["Outmaneuver","Bouncing Flask"],"picked":"Deadly Poison","floor":24.0},{"not_picked":["Terror","Flying Knee"],"picked":"Backflip+1","floor":25.0}],"player_experience":1191991,"relics_obtained":[{"floor":6.0,"key":"War Paint"},{"floor":9.0,"key":"Whetstone"},{"floor":11.0,"key":"Bag of Marbles"},{"floor":13.0,"key":"Happy Flower"},{"floor":24.0,"key":"Tingsha"},{"floor":26.0,"key":"White Beast Statue"}],"event_choices":[{"damage_healed":0.0,"max_hp_gain":0.0,"max_hp_loss":0.0,"gold_gain":0.0,"event_name":"Shining Light","player_choice":"Entered Light","floor":5.0,"gold_loss":0.0,"damage_taken":14.0,"cards_upgraded":["Defend_G","Strike_G"]},{"cards_removed":["Defend_G"],"damage_healed":0.0,"max_hp_gain":0.0,"max_hp_loss":0.0,"gold_gain":0.0,"event_name":"The Cleric","player_choice":"Card Removal","floor":14.0,"gold_loss":50.0,"damage_taken":0.0},{"damage_healed":0.0,"max_hp_gain":0.0,"max_hp_loss":0.0,"gold_gain":0.0,"event_name":"Forgotten Altar","player_choice":"Smashed Altar","floor":20.0,"gold_loss":0.0,"damage_taken":0.0,"cards_obtained":["Decay"]},{"damage_healed":0.0,"max_hp_gain":0.0,"max_hp_loss":0.0,"gold_gain":0.0,"event_name":"Vampires","player_choice":"Ignored","floor":21.0,"gold_loss":0.0,"damage_taken":0.0}],"is_beta":false,"boss_relics":[{"not_picked":["Snecko Eye","SlaversCollar"],"picked":"Tiny House"}],"items_purged_floors":[19],"is_endless":false,"potions_floor_spawned":[1,6,10,24,25],"killed_by":"Slavers","ascension_level":3}}