{"host":"zxkjcgzis4pm3za5","time":1614228622,"event":{"mods":["2.2 Compatiblity","AchievementEnabler","BaseMod","Colored Map","Colored Powertips","Minty Spire (QoL Compilation)","Quick Restart","Random Character Button","Relic Filter Mod","Relic Sorter","Relic Stats","StSLib","ojb\u0027s Info Mod"],"gold_per_floor":[114,114,129,17,30,49,49,78,78,98,98,116,116,145,145,224,224,238,238,238,252,86,86,86,86],"floor_reached":24,"language":"ENG","playtime":916,"items_purged":["Pain"],"score":412,"play_id":"a5ef22ae-d288-420c-b90c-186e8c84d598","local_time":"20210225102022","is_ascension_mode":true,"campfire_choices":[{"data":"TalkToTheHand","floor":7,"key":"SMITH"},{"data":"Adaptation","floor":11,"key":"SMITH"},{"data":"ConjureBlade","floor":13,"key":"SMITH"},{"data":"Wireheading","floor":15,"key":"SMITH"},{"floor":23,"key":"REST"}],"circlet_count":0,"master_deck":["AscendersBane","Strike_P","Strike_P","Strike_P","Strike_P","Defend_P","Defend_P","Defend_P","Eruption","Vigilance","Tantrum","FlurryOfBlows","Tantrum","Wireheading+1","TalkToTheHand+1","ConjureBlade+1","Adaptation+1","Wallop","EmptyFist","SpiritShield","SashWhip+1","WheelKick","TalkToTheHand+1"],"relics":["PureWater","WarpedTongs","InkBottle","StoneCalendar","Bird Faced Urn","Black Star","DollysMirror"],"acts_visited":["Exordium","TheCity"],"potions_floor_usage":[10,24],"damage_taken":[{"damage":0,"enemies":"2 Louse","floor":1,"turns":5},{"damage":0,"enemies":"Cultist","floor":3,"turns":2},{"damage":0,"enemies":"Small Slimes","floor":5,"turns":2},{"damage":0,"enemies":"2 Fungi Beasts","floor":6,"turns":2},{"damage":14,"enemies":"Gremlin Nob","floor":8,"turns":3},{"damage":4,"enemies":"Lots of Slimes","floor":10,"turns":4},{"damage":0,"enemies":"Red Slaver","floor":12,"turns":2},{"damage":14,"enemies":"3 Sentries","floor":14,"turns":3},{"damage":11,"enemies":"The Guardian","floor":16,"turns":6},{"damage":12,"enemies":"Chosen","floor":18,"turns":3},{"damage":0,"enemies":"Spheric Guardian","floor":21,"turns":2},{"damage":78,"enemies":"Slavers","floor":24,"turns":4}],"seed_played":"-4617001258076784700","potions_obtained":[{"floor":1,"key":"LiquidMemories"},{"floor":5,"key":"SpeedPotion"},{"floor":12,"key":"ColorlessPotion"},{"floor":18,"key":"PowerPotion"}],"is_trial":false,"path_per_floor":["M","?","M","$","M","M","R","E","T","M","R","M","R","E","R","B",null,"M","?","?","M","$","R","E"],"character_chosen":"WATCHER","items_purchased":["Tantrum","DollysMirror"],"campfire_rested":1,"item_purchase_floors":[4,22],"current_hp_per_floor":[67,67,67,67,67,67,67,53,53,49,49,49,49,35,35,28,63,53,32,32,34,34,57,0,0],"gold":86,"neow_bonus":"TEN_PERCENT_HP_BONUS","is_daily":false,"chose_seed":false,"campfire_upgraded":4,"win_rate":0.0,"timestamp":1614228622,"path_taken":["M","?","M","$","M","M","R","E","T","?","R","M","R","E","R","BOSS","M","?","?","?","$","R","E"],"items_purchased_type":["Card","Relic"],"build_version":"2020-12-22","purchased_purges":1,"victory":false,"max_hp_per_floor":[74,74,74,74,74,74,74,74,74,74,74,74,74,74,74,74,74,74,79,79,79,79,79,79,79],"relic_stats":{"counters":[12,38],"Bird Faced Urn":[14],"StoneCalendar":[0],"Black Star":0,"obtain_stats":[{"DollysMirror":22,"Bird Faced Urn":14,"StoneCalendar":9,"Black Star":17,"PureWater":0,"InkBottle":8,"WarpedTongs":2},{"DollysMirror":11,"Bird Faced Urn":8,"StoneCalendar":5,"Black Star":9,"PureWater":0,"InkBottle":5,"WarpedTongs":1},{"DollysMirror":34,"Bird Faced Urn":23,"StoneCalendar":14,"Black Star":29,"PureWater":0,"InkBottle":14,"WarpedTongs":5}],"InkBottle":[9],"WarpedTongs":[33]},"card_choices":[{"not_picked":["WheelKick","CrushJoints"],"picked":"Tantrum","floor":1},{"not_picked":["PathToVictory","Halt"],"picked":"FlurryOfBlows","floor":3},{"not_picked":["Study","Nirvana"],"picked":"Wireheading","floor":5},{"not_picked":["ClearTheMind","Consecrate"],"picked":"TalkToTheHand","floor":6},{"not_picked":["CrushJoints","Pray"],"picked":"ConjureBlade","floor":8},{"not_picked":["ClearTheMind","WreathOfFlame"],"picked":"Adaptation","floor":10},{"not_picked":["Crescendo","FlurryOfBlows"],"picked":"Wallop","floor":12},{"not_picked":["JustLucky","Brilliance"],"picked":"EmptyFist","floor":14},{"not_picked":["Vault","Ragnarok"],"picked":"SpiritShield","floor":16},{"not_picked":["EmptyFist","Consecrate"],"picked":"SashWhip+1","floor":18},{"not_picked":["Evaluate+1","EmptyFist"],"picked":"WheelKick","floor":21}],"player_experience":441354,"relics_obtained":[{"floor":8,"key":"InkBottle"},{"floor":9,"key":"StoneCalendar"},{"floor":14,"key":"Bird Faced Urn"}],"event_choices":[{"damage_healed":0,"gold_gain":0,"player_choice":"Rummage","damage_taken":0,"relics_obtained":["WarpedTongs"],"max_hp_gain":0,"max_hp_loss":0,"event_name":"Accursed Blacksmith","floor":2,"gold_loss":0,"cards_obtained":["Pain"]},{"damage_healed":0,"gold_gain":0,"player_choice":"Shed Blood","damage_taken":26,"max_hp_gain":5,"max_hp_loss":0,"event_name":"Forgotten Altar","floor":19,"gold_loss":0},{"cards_removed":["Defend_P"],"damage_healed":0,"gold_gain":0,"player_choice":"Purged","damage_taken":0,"max_hp_gain":0,"max_hp_loss":0,"event_name":"Purifier","floor":20,"gold_loss":0}],"is_beta":false,"boss_relics":[{"not_picked":["SacredBark","Astrolabe"],"picked":"Black Star"}],"items_purged_floors":[4],"is_endless":false,"potions_floor_spawned":[1,5,8,12,18],"killed_by":"Slavers","ascension_level":20}}