{"host":"6dypmz777xraikqf","time":1614247447,"event":{"mods":["AchievementEnabler","BaseMod","BetterRewards","Colored Map","Colored Powertips","Downfall","Highlight Path","Hubris","Infinite Spire","Minty Spire (QoL Compilation)","Replay The Spire","StSLib"],"gold_per_floor":[114,124,124,136,154,187,187,214,214,232,243,243,274,139,139,241,241,258,14,25,25,42,42,68,68,68,68,68,68,95,109,109,210,210,226,245,245,245,295,295,327,346,346,363,363,466,477,495,495,495,495],"floor_reached":50,"language":"ENG","playtime":2404,"items_purged":["Strike_P"],"score":753,"play_id":"e99cec69-ff72-48ef-a29f-d388316b04e2","local_time":"20210225100407","is_ascension_mode":true,"campfire_choices":[{"data":"BowlingBash","floor":7,"key":"SMITH"},{"data":"FlyingSleeves","floor":12,"key":"SMITH"},{"data":"Establishment","floor":15,"key":"SMITH"},{"data":"Pray","floor":23,"key":"SMITH"},{"data":"Vigilance","floor":25,"key":"SMITH"},{"data":"Wireheading","floor":28,"key":"SMITH"},{"floor":32,"key":"REST"},{"data":"DevaForm","floor":40,"key":"SMITH"},{"floor":45,"key":"REST"},{"floor":49,"key":"REST"}],"circlet_count":0,"master_deck":["Strike_P","Strike_P","Strike_P","Defend_P","Defend_P","Defend_P","Defend_P","Eruption","Vigilance+1","Pray+1","FlyingSleeves+1","JustLucky","BowlingBash+1","Brilliance","FearNoEvil","EmptyFist","Weave","Establishment+1","BattleHymn+1","DevaForm","FlurryOfBlows+1","WheelKick+1","Wireheading+1","Replay:Cycle","FlyingSleeves","Prostrate+1","DevaForm+1","Fasting2","Swivel","BattleHymn+1","Replay:DivineShield+1","Parasite","ThirdEye+1","ReplayTheSpireMod:Splinters","Consecrate+1","Prostrate+1","ThirdEye"],"relics":["PureWater","NeowsBlessing","hubris:Metronome","Onion Ring","Oddly Smooth Stone","Gremlin Horn","Snecko Heart","Bottled Tornado","TungstenRod","Iron Hammer","ReplayTheSpireMod:Ring of Addiction","Toy Ornithopter","White Beast Statue","hubris:SphereOfDissonance","Ring of Chaos","hubris:Icosahedron","Blue Candle","Pondfish Scales","ReplayTheSpireMod:Shallot","hubris:CrystalStatue","Bronze Scales"],"acts_visited":["Exordium","TheCity","TheBeyond"],"potions_floor_usage":[16,22,31,33,33,33,35,36,39,41,42,44,47,48,50],"damage_taken":[{"damage":0,"enemies":"2 Louse","floor":1,"turns":2},{"damage":0,"enemies":"Cultist","floor":2,"turns":1},{"damage":0,"enemies":"Jaw Worm","floor":4,"turns":1},{"damage":12,"enemies":"Blue Slaver","floor":5,"turns":5},{"damage":11,"enemies":"Replay:BlueRogue","floor":6,"turns":3},{"damage":7,"enemies":"3 Sentries","floor":8,"turns":4},{"damage":0,"enemies":"Exordium Wildlife","floor":10,"turns":2},{"damage":0,"enemies":"3 Louse","floor":11,"turns":1},{"damage":0,"enemies":"Gremlin Nob","floor":13,"turns":2},{"damage":29,"enemies":"The Guardian","floor":16,"turns":10},{"damage":6,"enemies":"Chosen","floor":18,"turns":3},{"damage":14,"enemies":"Spheric Guardian","floor":20,"turns":4},{"damage":0,"enemies":"Snake Plant","floor":22,"turns":2},{"damage":0,"enemies":"Gremlin Leader","floor":24,"turns":3},{"damage":25,"enemies":"Book of Stabbing","floor":30,"turns":4},{"damage":2,"enemies":"3 Cultists","floor":31,"turns":3},{"damage":11,"enemies":"Collector","floor":33,"turns":5},{"damage":10,"enemies":"Orb Walker","floor":35,"turns":2},{"damage":10,"enemies":"3 Shapes","floor":36,"turns":2},{"damage":3,"enemies":"Mind Bloom Boss Battle","floor":39,"turns":5},{"damage":17,"enemies":"Giant Head","floor":41,"turns":3},{"damage":19,"enemies":"Writhing Mass","floor":42,"turns":5},{"damage":27,"enemies":"4 Shapes","floor":44,"turns":7},{"damage":3,"enemies":"3 Darklings","floor":47,"turns":3},{"damage":11,"enemies":"Transient","floor":48,"turns":5},{"damage":64,"enemies":"Time Eater","floor":50,"turns":4}],"seed_played":"6467878023381108532","potions_obtained":[{"floor":1,"key":"LifebloodPotion"},{"floor":2,"key":"Toxic Potion"},{"floor":13,"key":"Flashbang"},{"floor":16,"key":"sneckomod:MuddlingPotion"},{"floor":20,"key":"BottledMiracle"},{"floor":22,"key":"Adrenaline Potion"},{"floor":31,"key":"Fire Potion"},{"floor":33,"key":"ColorlessPotion"},{"floor":35,"key":"Milkshake"},{"floor":36,"key":"hexamod:SoulburnPotion"},{"floor":39,"key":"LiquidMemories"},{"floor":41,"key":"FearPotion"},{"floor":42,"key":"LifebloodPotion"},{"floor":44,"key":"SkillPotion"},{"floor":47,"key":"hexamod:SoulburnPotion"},{"floor":48,"key":"champ:CounterPotion"}],"is_trial":false,"path_per_floor":["M","M","?","M","M","E","R","E","T","M","M","R","E","$","R","B",null,"M","$","M","?","M","R","E","R","T","?","R","?","E","M","R","B",null,"M","M","?","?","?","R","E","M","T","M","R","?","M","M","R","B"],"character_chosen":"WATCHER","items_purchased":["BattleHymn+1","Bottled Tornado"],"campfire_rested":3,"item_purchase_floors":[14,19],"current_hp_per_floor":[72,72,65,65,53,42,42,35,35,35,35,35,35,35,35,6,72,66,66,52,52,52,52,52,52,52,52,52,52,27,30,51,55,70,60,55,55,51,53,53,41,27,27,5,26,26,28,22,43,0,0],"gold":495,"neow_bonus":"THREE_ENEMY_KILL","is_daily":false,"chose_seed":false,"campfire_upgraded":7,"win_rate":0.0,"timestamp":1614247447,"path_taken":["M","M","?","?","M","E","R","E","T","M","M","R","E","$","R","BOSS","M","$","M","?","M","R","E","R","T","?","R","?","E","M","R","BOSS","M","M","?","?","?","R","E","?","T","M","R","?","M","M","R","BOSS"],"items_purchased_type":["Card","Relic"],"build_version":"2020-12-22","purchased_purges":1,"victory":false,"max_hp_per_floor":[72,72,72,72,72,72,72,72,72,72,72,72,72,72,72,72,72,72,72,72,72,72,72,72,72,72,72,72,72,72,70,70,70,70,70,70,70,70,70,70,70,70,70,70,70,70,70,70,70,70,70],"card_choices":[{"not_picked":["Meditate","Replay:ManipulateFuture"],"picked":"Pray","floor":1},{"not_picked":["JustLucky","Replay:BluntJabs"],"picked":"FlyingSleeves","floor":2},{"not_picked":["Replay:BluntJabs","Replay:Anticipation"],"picked":"JustLucky","floor":4},{"not_picked":["Evaluate","Tantrum"],"picked":"BowlingBash","floor":5},{"not_picked":["BattleHymn","Indignation"],"picked":"Brilliance","floor":6},{"not_picked":["Evaluate","Worship"],"picked":"FearNoEvil","floor":8},{"not_picked":["Replay:BluntJabs","Replay:DivineShield"],"picked":"EmptyFist","floor":10},{"not_picked":["BowlingBash","Evaluate"],"picked":"Weave","floor":11},{"not_picked":["Halt","PathToVictory"],"picked":"Establishment","floor":13},{"not_picked":["SpiritShield","Omniscience"],"picked":"DevaForm","floor":16},{"not_picked":["ClearTheMind","Replay:AtTheReady"],"picked":"FlurryOfBlows+1","floor":18},{"not_picked":["Replay:ManipulateFuture+1","SashWhip"],"picked":"WheelKick","floor":20},{"not_picked":["CutThroughFate","Pray"],"picked":"Wireheading","floor":22},{"not_picked":["Prostrate","BowlingBash"],"picked":"Replay:Cycle","floor":24},{"not_picked":["Devotion","PathToVictory"],"picked":"FlyingSleeves","floor":30},{"not_picked":["Halt","Tantrum"],"picked":"Prostrate+1","floor":31},{"not_picked":["Brilliance","MasterReality"],"picked":"DevaForm","floor":33},{"not_picked":["SashWhip","EmptyFist+1"],"picked":"Fasting2","floor":35},{"not_picked":["Replay:AtTheReady","SignatureMove"],"picked":"Swivel","floor":36},{"not_picked":["BowlingBash","ClearTheMind"],"picked":"BattleHymn+1","floor":39},{"not_picked":["FearNoEvil","Collect+1"],"picked":"Replay:DivineShield+1","floor":41},{"not_picked":["PathToVictory+1","BowlingBash","WreathOfFlame+1"],"picked":"SKIP","floor":42},{"not_picked":["Establishment","BattleHymn+1"],"picked":"ThirdEye+1","floor":44},{"not_picked":["FlurryOfBlows","TalkToTheHand+1"],"picked":"Consecrate+1","floor":46},{"not_picked":["FlurryOfBlows+1","Halt+1"],"picked":"Prostrate+1","floor":46},{"not_picked":["SashWhip","Prostrate+1","Replay:ManipulateFuture"],"picked":"SKIP","floor":47},{"not_picked":["DeusExMachina","Replay:AtTheReady"],"picked":"ThirdEye","floor":48}],"player_experience":282560,"relics_obtained":[{"floor":6,"key":"hubris:Metronome"},{"floor":8,"key":"Onion Ring"},{"floor":9,"key":"Oddly Smooth Stone"},{"floor":13,"key":"Gremlin Horn"},{"floor":24,"key":"TungstenRod"},{"floor":26,"key":"Iron Hammer"},{"floor":27,"key":"ReplayTheSpireMod:Ring of Addiction"},{"floor":27,"key":"Toy Ornithopter"},{"floor":27,"key":"White Beast Statue"},{"floor":30,"key":"hubris:SphereOfDissonance"},{"floor":39,"key":"Pondfish Scales"},{"floor":41,"key":"ReplayTheSpireMod:Shallot"},{"floor":43,"key":"hubris:CrystalStatue"},{"floor":46,"key":"Bronze Scales"}],"event_choices":[{"damage_healed":0,"gold_gain":0,"player_choice":"Damaged","damage_taken":7,"max_hp_gain":0,"max_hp_loss":0,"event_name":"Wheel of Change","floor":3,"gold_loss":0},{"damage_healed":0,"gold_gain":0,"player_choice":"Fight","damage_taken":0,"max_hp_gain":0,"max_hp_loss":0,"event_name":"MindBloom","floor":39,"gold_loss":0}],"is_beta":false,"boss_relics":[{"not_picked":["Pandora\u0027s Box","Black Star"],"picked":"Snecko Heart"},{"not_picked":["hubris:Stopwatch","Snecko Eye"],"picked":"Ring of Chaos"}],"items_purged_floors":[14],"is_endless":false,"potions_floor_spawned":[1,2,13,16,20,22,30,31,33,35,36,39,41,42,44,47,48],"killed_by":"Time Eater","ascension_level":4}}