{"host":"mj8akmyfd5lo602f","time":1614216603,"event":{"mods":["2.2 Compatiblity","Act Like it!","BaseMod","Bestiary","BshForSts","Colored Map","Colored Powertips","Downfall","Highlight Path","Koishi","Minty Spire (QoL Compilation)","Permanent Neow","Relic Stats","StSLib","The Marked"],"gold_per_floor":[99,116,135,151,301,301,326,352,368,2,13,113,113,148,167,167,167],"floor_reached":16,"language":"ENG","playtime":993,"items_purged":[],"score":112,"play_id":"06a6e4f8-16f4-4d35-8c48-73669f877d29","local_time":"20210225013003","is_ascension_mode":false,"campfire_choices":[{"data":"Koishi:Provoke","floor":1.0,"key":"SMITH"},{"data":"Koishi:Untouchable","floor":6.0,"key":"SMITH"},{"data":"Koishi:MassHysteria","floor":13.0,"key":"SMITH"}],"circlet_count":0,"master_deck":["Koishi:BasicStrike","Koishi:BasicStrike","Koishi:BasicStrike","Koishi:BasicStrike","Koishi:BasicDefend","Koishi:BasicDefend","Koishi:BasicDefend","Koishi:BasicDefend","Koishi:Provoke+1","Koishi:SubconsciousSweep","Koishi:LastRemote","Koishi:Untouchable+1","downfall:Icky","Koishi:UnconsciousUprising","Koishi:MassHysteria+1","Koishi:FreudianInstinct","Koishi:IdleWhim"],"relics":["Koishi:ImaginaryFriend","sneckomod:BlankCard","Oddly Smooth Stone","Guardian:GemstoneGun","Bottled Lightning"],"acts_visited":["Exordium"],"potions_floor_usage":[14,16,16],"damage_taken":[{"damage":3.0,"enemies":"Small Slimes","floor":2.0,"turns":4.0},{"damage":1.0,"enemies":"Jaw Worm","floor":3.0,"turns":4.0},{"damage":0.0,"enemies":"Cultist","floor":4.0,"turns":4.0},{"damage":8.0,"enemies":"Lagavulin","floor":8.0,"turns":10.0},{"damage":0.0,"enemies":"2 Fungi Beasts","floor":9.0,"turns":5.0},{"damage":0.0,"enemies":"downfall:FleeingMerchant","floor":10.0,"turns":4.0},{"damage":0.0,"enemies":"Blue Slaver","floor":11.0,"turns":4.0},{"damage":7,"enemies":"Gremlin Nob","floor":14,"turns":6},{"damage":0,"enemies":"Large Slime","floor":15,"turns":10},{"damage":64,"enemies":"IC_STATUS_ARCHETYPE","floor":16,"turns":20}],"seed_played":"-6560672464793315488","potions_obtained":[{"floor":4.0,"key":"Energy Potion"},{"floor":8.0,"key":"GamblersBrew"},{"floor":14,"key":"hexamod:SoulburnPotion"},{"floor":15,"key":"bronze:BurnAndBuffPotion"}],"is_trial":false,"path_per_floor":["R","M","M","M","?","R","T","E","M","$","M","?","R","E","M","B"],"character_chosen":"KOISHI","items_purchased":["Koishi:FreudianInstinct","Guardian:GemstoneGun"],"campfire_rested":0,"item_purchase_floors":[10,10],"current_hp_per_floor":[60,57,56,56,56,56,56,48,48,48,48,48,48,41,41,0,0],"gold":167,"neow_bonus":"TRANSFORM_CARD","is_daily":false,"chose_seed":false,"campfire_upgraded":3,"win_rate":0.0,"timestamp":1614216603,"path_taken":["R","M","M","M","?","R","T","E","M","?","M","?","R","E","M","BOSS"],"items_purchased_type":["Card","Relic"],"build_version":"2020-12-22","purchased_purges":0,"victory":false,"max_hp_per_floor":[60,60,60,60,60,60,60,60,60,60,60,60,60,60,60,60,60],"relic_stats":{"counters":[10,71],"obtain_stats":[{"sneckomod:BlankCard":7,"Guardian:GemstoneGun":10,"Oddly Smooth Stone":8,"Bottled Lightning":14,"Koishi:ImaginaryFriend":0},{"sneckomod:BlankCard":3,"Guardian:GemstoneGun":6,"Oddly Smooth Stone":4,"Bottled Lightning":8,"Koishi:ImaginaryFriend":0},{"sneckomod:BlankCard":12,"Guardian:GemstoneGun":31,"Oddly Smooth Stone":22,"Bottled Lightning":41,"Koishi:ImaginaryFriend":0}]},"card_choices":[{"not_picked":["Koishi:SpiritedAway","Koishi:StingingMind"],"picked":"Koishi:LastRemote","floor":2.0},{"not_picked":["Koishi:SubconsciousSweep","Koishi:UnconsciousUprising"],"picked":"Koishi:Untouchable","floor":3.0},{"not_picked":["Koishi:ParalyzingFear","Koishi:LastRemote","Koishi:Jaunt"],"picked":"SKIP","floor":4.0},{"not_picked":["Koishi:UnseenTerror","Koishi:Catatonia","Koishi:LastRemote"],"picked":"SKIP","floor":8.0},{"not_picked":["Koishi:PhantomStrike","Koishi:MindNumbingTerror"],"picked":"Koishi:UnconsciousUprising","floor":9.0},{"not_picked":["Koishi:ReflexRadar","Koishi:UnconsciousUprising"],"picked":"Koishi:MassHysteria","floor":10.0},{"not_picked":["Koishi:CatchAndRose","Koishi:BloodcurdlingScream"],"picked":"Koishi:IdleWhim","floor":11.0},{"not_picked":["Koishi:DNAsFlaw","Koishi:BramblyRoseGarden","Koishi:ApparitionsStalkTheNight"],"picked":"SKIP","floor":14},{"not_picked":["Koishi:TremblingHands","Koishi:ParalyzingFear","Koishi:FleetingPhantom"],"picked":"SKIP","floor":15}],"player_experience":571595,"relics_obtained":[{"floor":7.0,"key":"sneckomod:BlankCard"},{"floor":8.0,"key":"Oddly Smooth Stone"},{"floor":14,"key":"Bottled Lightning"}],"event_choices":[],"is_beta":false,"boss_relics":[],"items_purged_floors":[],"is_endless":false,"potions_floor_spawned":[4,8,14,15],"killed_by":"IC_STATUS_ARCHETYPE","ascension_level":0}}