{"host":"yawnmhdh5u4s0p8o","time":1614213376,"event":{"mods":["AchievementEnabler","Aspiration","BaseMod","BetterRewards","Colored Powertips","Conspire","Downfall","Friendly Minions","GifTheSpireLib","Gremlin Mod","Hubris","Infinite Spire","Ironclad Rager","Minty Spire (QoL Compilation)","Reliquary","Replay The Spire","Shop Mod","StSLib","The Construct","The Cursed","The Gatherer","The Necromancer"],"gold_per_floor":[116,116,191,210,222,222,222,465,539,619,631,650,650,668,668,764,764,776,84,99,99,99,99,117,117,117,117,117,117,150,160,160,258,258,272,1271,1295,1312,705,705,717,717,770,376,395,428,428,448,448,448],"floor_reached":51,"language":"ENG","playtime":4983,"items_purged":["Normality"],"score":835,"play_id":"7b803c6b-ecca-4c95-9957-243aefb2bfc2","local_time":"20210225113616","is_ascension_mode":false,"campfire_choices":[{"floor":6,"key":"REST"},{"floor":13,"key":"REST"},{"data":"TheCursedMod:Hemoplague","floor":15,"key":"SMITH"},{"floor":23,"key":"REST"},{"data":"TheCursedMod:HellfireBreathing","floor":23,"key":"SMITH"},{"data":"TheCursedMod:SpitefulPray","floor":25,"key":"SMITH"},{"data":"TheCursedMod:SpitefulPray","floor":27,"key":"SMITH"},{"floor":32,"key":"REST"},{"data":"conspire:Banana","floor":32,"key":"SMITH"},{"floor":40,"key":"REST"},{"data":"TheCursedMod:HellfireBreathing","floor":40,"key":"SMITH"},{"data":"TheCursedMod:CleanUpWorkshop","floor":42,"key":"SMITH"}],"circlet_count":0,"master_deck":["TheCursedMod:Strike_TheCursed","TheCursedMod:Strike_TheCursed+1","TheCursedMod:Strike_TheCursed","TheCursedMod:Strike_TheCursed","TheCursedMod:Defend_TheCursed","TheCursedMod:Defend_TheCursed","TheCursedMod:Defend_TheCursed","TheCursedMod:Defend_TheCursed","TheCursedMod:CursedWand+1","TheCursedMod:CleanUpWorkshop+1","TheCursedMod:Dregs","TheCursedMod:FleshFromBone","TheCursedMod:CursedBlade","TheCursedMod:CircleOfCorruption","TheCursedMod:LuckyCharm","TheCursedMod:CircleOfFlame","TheCursedMod:Hemoplague+1","TheCursedMod:Hemoplague+1","TheCursedMod:SpitefulPray+1","TheCursedMod:SpitefulPray+1","TheCursedMod:SmokeScreen","TheCursedMod:CursedAmulet","TheCursedMod:AbyssShockwave","TheCursedMod:SpitefulStrike","TheCursedMod:UltimatePain","TheCursedMod:CursedBlade+1","TheCursedMod:Wield+1","TheCursedMod:OutForBlood","TheCursedMod:CursedShiv+1","TheCursedMod:HellfireBreathing+1","conspire:Banana+1","TheCursedMod:VitalStrike+1","TheCursedMod:SurpriseAttack+1","CurseOfTheBell","TheCursedMod:CursedShiv+1","TheCursedMod:CursedAmulet","TheCursedMod:CursedRelics+1","TheCursedMod:SaltUponWound+1","Normality","TheCursedMod:CursedArmor+1","TheCursedMod:ShockAndAwe+1","TheCursedMod:CircleOfCorruption","TheCursedMod:HellfireBreathing+1","TheCursedMod:CursedAmulet+1","TheCursedMod:CursedShiv+1","TheCursedMod:SpitefulPray+1","TheCursedMod:CursedShiv+1"],"relics":["TheCursedMod:BlackMagic101","Blood Vial","Gremlin Food","MerchantsRug","Chameleon Ring","Calipers","Molten Egg 2","Replay:Grab Bag","TheCursedMod:OminousMark","construct:WeddingRing","infinitespire:Lychee Nut","Replay:Bottled Steam","hubris:Towel","Calling Bell","Pet Ghost","Eternal Feather","infinitespire:Magic Flask","reliquary:GummyVitamins","construct:BoolHorns","aspiration:SeaSaltIceCream","Cracked Core","TheCursedMod:FourLeafCloverCharm","Potion Belt","Toolbox","reliquary:JackalopeAntler","Replay:Wax Seal","Sling","reliquary:SilkGlove","Happy Flower"],"acts_visited":["Exordium","TheCity","TheBeyond"],"potions_floor_usage":[4,8,12,16,19,33,46,48,50],"damage_taken":[{"damage":3,"enemies":"Jaw Worm","floor":1,"turns":5},{"damage":5,"enemies":"2 Louse","floor":4,"turns":2},{"damage":0,"enemies":"Small Slimes","floor":5,"turns":4},{"damage":0,"enemies":"2 Fungi Beasts","floor":11,"turns":3},{"damage":16,"enemies":"conspire:2 RoseBushes","floor":12,"turns":5},{"damage":0,"enemies":"Exordium Wildlife","floor":14,"turns":1},{"damage":18,"enemies":"Hexaghost","floor":16,"turns":9},{"damage":22,"enemies":"3 Byrds","floor":18,"turns":3},{"damage":19,"enemies":"Shell Parasite","floor":20,"turns":5},{"damage":13,"enemies":"Centurion and Healer","floor":24,"turns":3},{"damage":16,"enemies":"Gremlin Leader","floor":30,"turns":4},{"damage":21,"enemies":"Snake Plant","floor":31,"turns":4},{"damage":95,"enemies":"Collector","floor":33,"turns":8},{"damage":15,"enemies":"3 Shapes","floor":35,"turns":3},{"damage":53,"enemies":"3 Darklings","floor":38,"turns":5},{"damage":18,"enemies":"Jaw Worm Horde","floor":41,"turns":4},{"damage":0,"enemies":"Sphere and 2 Shapes","floor":45,"turns":4},{"damage":48,"enemies":"Nemesis","floor":46,"turns":7},{"damage":12,"enemies":"Transient","floor":48,"turns":5},{"damage":51,"enemies":"Time Eater","floor":50,"turns":8}],"seed_played":"4206501978299770737","potions_obtained":[{"floor":4,"key":"SmokeBomb"},{"floor":5,"key":"EntropicBrew"},{"floor":14,"key":"Swift Potion"},{"floor":16,"key":"EntropicBrew"},{"floor":33,"key":"Weak Potion"},{"floor":35,"key":"GamblersBrew"},{"floor":38,"key":"AttackPotion"},{"floor":46,"key":"Toxic Potion"},{"floor":49,"key":"infinitespire:BlackPotion"},{"floor":49,"key":"CultistPotion"}],"is_trial":false,"path_per_floor":["M","?","?","M","M","R","?","$","T","?","M","M","R","M","R","B",null,"M","$","M","?","AVR","R","M","R","T","R","?","?","E","M","R","B",null,"M","?","T","M","$","R","M","R","T","$","M","E","?","M","R","B",null],"character_chosen":"THE_CURSED","items_purchased":["TheCursedMod:FleshFromBone","TheCursedMod:CursedBlade","Blood Vial","TheCursedMod:CircleOfCorruption","TheCursedMod:LuckyCharm","TheCursedMod:CircleOfFlame","TheCursedMod:Hemoplague","TheCursedMod:SpitefulPray","Gremlin Food","ColorlessPotion","MerchantsRug","TheCursedMod:AbyssShockwave","TheCursedMod:SpitefulStrike","Chameleon Ring","Calipers","FairyPotion","TheCursedMod:HellfireBreathing","infinitespire:Lychee Nut","conspire:Banana","TheCursedMod:VitalStrike+1","Replay:Bottled Steam","Toolbox","reliquary:JackalopeAntler","TheCursedMod:ShockAndAwe+1","TheCursedMod:CircleOfCorruption","TheCursedMod:HellfireBreathing","Sling","reliquary:SilkGlove","TheCursedMod:CursedShiv+1"],"campfire_rested":5,"item_purchase_floors":[0,0,0,0,0,0,0,0,0,0,8,8,8,8,8,19,19,19,19,19,19,39,39,39,39,39,44,44,44],"current_hp_per_floor":[39,39,32,29,31,53,53,53,53,53,55,41,63,65,65,49,75,53,53,41,41,41,57,46,57,57,57,57,57,45,32,58,42,60,49,49,49,4,4,46,38,64,64,64,64,21,66,57,68,22],"gold":448,"neow_bonus":"","is_daily":false,"chose_seed":false,"campfire_upgraded":7,"win_rate":0.0,"timestamp":1614213376,"path_taken":["M","?","?","?","M","R","?","$","T","?","M","M","R","M","R","BOSS","M","$","M","?","AVR","R","M","R","T","R","?","?","E","M","R","BOSS","M","?","?","?","$","R","M","R","T","$","M","E","?","M","R","BOSS"],"items_purchased_type":["Card","Card","Relic","Card","Card","Card","Card","Card","Relic","Potion","Relic","Card","Card","Relic","Relic","Potion","Card","Relic","Card","Card","Relic","Relic","Relic","Card","Card","Card","Relic","Relic","Card"],"build_version":"2020-12-22","purchased_purges":1,"victory":true,"max_hp_per_floor":[75,75,75,75,75,75,75,75,75,75,75,75,75,75,75,75,75,75,56,57,57,57,57,57,57,57,57,57,57,58,58,58,60,60,62,62,62,62,62,62,64,64,64,64,64,66,66,68,68,70],"card_choices":[{"not_picked":["TheCursedMod:FleshFromBone","TheCursedMod:ReleasedKnowledge"],"picked":"TheCursedMod:SpitefulPray","floor":1},{"not_picked":["TheCursedMod:BloodBarrier","TheCursedMod:CursedStaff"],"picked":"TheCursedMod:SmokeScreen","floor":4},{"not_picked":["TheCursedMod:CircleOfCorruption","TheCursedMod:SpitefulStrike"],"picked":"TheCursedMod:CursedAmulet","floor":5},{"not_picked":["TheCursedMod:TroublousMinions","TheCursedMod:Stigma+1"],"picked":"TheCursedMod:UltimatePain","floor":11},{"not_picked":["TheCursedMod:Stretching","TheCursedMod:CircleOfAmplification"],"picked":"TheCursedMod:CursedBlade+1","floor":12},{"not_picked":["TheCursedMod:Stigma+1","TheCursedMod:CircleOfFlame"],"picked":"TheCursedMod:Wield+1","floor":14},{"not_picked":["TheCursedMod:AntiAging","TheCursedMod:CollectTribute"],"picked":"TheCursedMod:OutForBlood","floor":16},{"not_picked":["TheCursedMod:CursedBlade+1","TheCursedMod:TacticalStrike+1"],"picked":"TheCursedMod:CursedShiv+1","floor":18},{"not_picked":["TheCursedMod:HellfireBreathing","TheCursedMod:CursedSpellbook"],"picked":"TheCursedMod:SurpriseAttack+1","floor":20},{"not_picked":["TheCursedMod:RapidMovement","TheCursedMod:WearCloak"],"picked":"TheCursedMod:CursedShiv+1","floor":24},{"not_picked":["TheCursedMod:FleshFromBone+1","TheCursedMod:CircleOfFlame","TheCursedMod:CircleOfAbyss"],"picked":"SKIP","floor":30},{"not_picked":["TheCursedMod:TacticalStrike+1","TheCursedMod:FleshFromBone"],"picked":"TheCursedMod:CursedAmulet","floor":31},{"not_picked":["TheCursedMod:DemonicPact","TheCursedMod:ParallelWorld"],"picked":"TheCursedMod:CursedRelics+1","floor":33},{"not_picked":["TheCursedMod:AshesToAshes","TheCursedMod:RapidMovement+1"],"picked":"TheCursedMod:SaltUponWound+1","floor":35},{"not_picked":["TheCursedMod:WearCloak","TheCursedMod:SmokeScreen"],"picked":"TheCursedMod:CursedArmor+1","floor":38},{"not_picked":["TheCursedMod:Stretching","TheCursedMod:CursedStaff+1"],"picked":"TheCursedMod:CursedAmulet+1","floor":41},{"not_picked":["TheCursedMod:VitalStrike+1","TheCursedMod:CursedAmulet","TheCursedMod:TroublousMinions"],"picked":"SKIP","floor":45},{"not_picked":["TheCursedMod:CursedShiv+1","TheCursedMod:RapidMovement"],"picked":"TheCursedMod:SpitefulPray+1","floor":46},{"not_picked":["TheCursedMod:SmokeScreen","TheCursedMod:UltimatePain"],"picked":"TheCursedMod:CursedShiv+1","floor":48}],"player_experience":115349,"relics_obtained":[{"floor":9,"key":"Molten Egg 2"},{"floor":22,"key":"Pet Ghost"},{"floor":22,"key":"Eternal Feather"},{"floor":22,"key":"infinitespire:Magic Flask"},{"floor":26,"key":"reliquary:GummyVitamins"},{"floor":30,"key":"aspiration:SeaSaltIceCream"},{"floor":37,"key":"Potion Belt"},{"floor":43,"key":"Replay:Wax Seal"},{"floor":46,"key":"Happy Flower"}],"event_choices":[{"damage_healed":0,"gold_gain":75,"player_choice":"Touch","damage_taken":7,"max_hp_gain":0,"max_hp_loss":0,"event_name":"FaceTrader","floor":3,"gold_loss":0},{"damage_healed":0,"gold_gain":80,"player_choice":"Gained Gold","damage_taken":0,"max_hp_gain":0,"max_hp_loss":0,"event_name":"Golden Wing","floor":10,"gold_loss":0},{"damage_healed":0,"gold_gain":0,"player_choice":"Ignored","damage_taken":0,"max_hp_gain":0,"max_hp_loss":0,"event_name":"Beggar","floor":29,"gold_loss":0},{"damage_healed":0,"gold_gain":999,"player_choice":"Gold","damage_taken":0,"max_hp_gain":0,"max_hp_loss":0,"event_name":"MindBloom","floor":36,"gold_loss":0,"cards_obtained":["Normality","Normality"]},{"damage_healed":45,"gold_gain":0,"player_choice":"Full Heal","damage_taken":0,"max_hp_gain":0,"max_hp_loss":0,"event_name":"Wheel of Change","floor":47,"gold_loss":0},{"damage_healed":0,"gold_gain":0,"player_choice":"Got Potions","damage_taken":0,"max_hp_gain":0,"max_hp_loss":0,"event_name":"Lab","floor":49,"gold_loss":0}],"is_beta":false,"boss_relics":[{"not_picked":["SlaversCollar","Painkiller Herb"],"picked":"Replay:Grab Bag"},{"not_picked":["Replay:Bronze Core","aspiration:RandomNobGenerator"],"picked":"TheCursedMod:OminousMark"},{"not_picked":["ReplayTheSpireMod:DimensionalGlitch","ReplayTheSpireMod:Onyx Gauntlets"],"picked":"aspiration:FutureDiary"},{"not_picked":["hubris:ScarierMask","aspiration:SilentSkillbook"],"picked":"construct:WeddingRing"},{"not_picked":["hubris:VirtuousBlindfold","Coffee Dripper"],"picked":"TheCursedMod:FourLeafCloverCharm"}],"items_purged_floors":[44],"is_endless":false,"potions_floor_spawned":[4,5,14,16,20,30,31,33,35,38,46],"ascension_level":0}}