{"host":"jjunaul04msmo6r1","time":1614229700,"event":{"mods":["BaseMod","Better Third Choice","Booster Modes","Colored Map","Downfall","Minty Spire (QoL Compilation)","Relic Stats","StSLib","UnlockEverythingMod","everything is the same but u backflip on backflip"],"gold_per_floor":[0,13,27,39,24,44,44,144,179,79,114,128,128,32,48,150,150,150,169,169,79,179,213,239,239,239,139,139,154,185,204,216,319,319,219,232,248,266,318,318,342,357,357,388,388,407,432,464,483,483,483,511,42,42,42,42],"floor_reached":57,"language":"ENG","playtime":6470,"items_purged":["Guardian:Defend_Guardian","Guardian:Defend_Guardian"],"score":1469,"play_id":"e71e8cae-8f12-49f0-a9e4-ecda977f52c0","local_time":"20210224220820","is_ascension_mode":true,"campfire_choices":[{"floor":1,"key":"RECALL"},{"data":"Guardian:FuturePlans","floor":10,"key":"SMITH"},{"data":"Guardian:MultiBeam","floor":13,"key":"SMITH"},{"data":"Guardian:FierceBash","floor":18,"key":"SMITH"},{"data":"Guardian:BaubleBeam","floor":27,"key":"SMITH"},{"data":"Guardian:PrismaticBarrier","floor":35,"key":"SMITH"},{"data":"Guardian:SentryBeam","floor":40,"key":"SMITH"},{"data":"Guardian:TimeCapacitor","floor":45,"key":"SMITH"},{"data":"Guardian:Recover","floor":54,"key":"SMITH"}],"circlet_count":0,"master_deck":["Guardian:CurlUp","Guardian:TwinSlam","Guardian:ShieldCharger","Guardian:FuturePlans+1","Guardian:RevengeProtocol","Guardian:BronzeOrb","Guardian:MultiBeam+1","Guardian:TimeCapacitor+1","Guardian:FierceBash+1","Guardian:Recover+1","Guardian:Repulse+1","Guardian:SentryBeam+1","Guardian:PrismaticBarrier+1","Guardian:Orbwalk+1","Guardian:BaubleBeam+1","Guardian:Harden","Guardian:FastForward","Guardian:ArmoredProtocol","Guardian:SpikerProtocol+1","Guardian:VentSteam","Guardian:FuturePlans","Guardian:ShieldCharger+1","Guardian:TemporalStrike","Guardian:DecasProtection","Guardian:ConstructionForm","Guardian:BodySlam","Guardian:Recover+1"],"relics":["Guardian:ModeShifterPlus","Thread and Needle","bronze:BronzeIdol","Bottled Flame","downfall:HeartBlessingRed","hexamod:CandleOfCauterizing","Astrolabe","MutagenicStrength","Bag of Preparation","downfall:HeartBlessingBlue","Ornamental Fan","The Courier","downfall:HeartBlessingGreen","Unceasing Top","Pen Nib","Bird Faced Urn","Lantern","White Beast Statue","Orichalcum","bronze:DecasWashers"],"acts_visited":["Exordium","TheCity","TheBeyond","TheEnding"],"potions_floor_usage":[6,11,22,56,56,56,56,56],"damage_taken":[{"damage":0,"enemies":"Cultist","floor":2,"turns":4},{"damage":1,"enemies":"2 Louse","floor":3,"turns":3},{"damage":0,"enemies":"Small Slimes","floor":4,"turns":4},{"damage":1,"enemies":"downfall:FleeingMerchant","floor":5,"turns":4},{"damage":0,"enemies":"Exordium Wildlife","floor":6,"turns":5},{"damage":6,"enemies":"Lagavulin","floor":9,"turns":8},{"damage":5,"enemies":"3 Sentries","floor":11,"turns":3},{"damage":4,"enemies":"2 Fungi Beasts","floor":12,"turns":3},{"damage":1,"enemies":"downfall:FleeingMerchant","floor":14,"turns":4},{"damage":2,"enemies":"Large Slime","floor":15,"turns":4},{"damage":18,"enemies":"WA_ARCHETYPE_RETAIN","floor":16,"turns":7},{"damage":5,"enemies":"Shell Parasite","floor":19,"turns":5},{"damage":0,"enemies":"downfall:FleeingMerchant","floor":21,"turns":4},{"damage":6,"enemies":"downfall:Augmenter","floor":22,"turns":7},{"damage":9,"enemies":"Gremlin Leader","floor":23,"turns":7},{"damage":0,"enemies":"3 Byrds","floor":29,"turns":3},{"damage":14,"enemies":"Book of Stabbing","floor":30,"turns":5},{"damage":1,"enemies":"Centurion and Healer","floor":31,"turns":4},{"damage":1,"enemies":"Chosen and Byrds","floor":32,"turns":3},{"damage":5,"enemies":"IC_MUSHROOM_ARCHETYPE","floor":33,"turns":5},{"damage":0,"enemies":"Orb Walker","floor":36,"turns":3},{"damage":0,"enemies":"3 Darklings","floor":37,"turns":3},{"damage":0,"enemies":"Spire Growth","floor":38,"turns":4},{"damage":0,"enemies":"2 Orb Walkers","floor":39,"turns":5},{"damage":0,"enemies":"4 Shapes","floor":42,"turns":2},{"damage":0,"enemies":"Reptomancer","floor":44,"turns":5},{"damage":0,"enemies":"Writhing Mass","floor":46,"turns":4},{"damage":0,"enemies":"Giant Head","floor":48,"turns":6},{"damage":0,"enemies":"Sphere and 2 Shapes","floor":49,"turns":4},{"damage":14,"enemies":"SI_POISON_ARCHETYPE","floor":50,"turns":8},{"damage":0,"enemies":"downfall:CharBossMerchant","floor":52,"turns":7},{"damage":0,"enemies":"downfall:NeowBoss","floor":55,"turns":9},{"damage":10,"enemies":"downfall:NeowBossFinal","floor":56,"turns":8}],"seed_played":"-7116276011716061002","potions_obtained":[{"floor":3,"key":"Guardian:BlockOnCardUsePotion"},{"floor":6,"key":"BlessingOfTheForge"},{"floor":9,"key":"Block Potion"},{"floor":11,"key":"Dexterity Potion"},{"floor":15,"key":"DuplicationPotion"},{"floor":23,"key":"Ancient Potion"},{"floor":26,"key":"CultistPotion"},{"floor":29,"key":"Fire Potion"},{"floor":32,"key":"EntropicBrew"}],"is_trial":false,"path_per_floor":["R","M","M","M","$","M","T","?","E","R","E","M","R","$","M","B",null,"R","M","?","$","?","E","T","?","?","R","T","M","E","M","M","B",null,"R","M","M","M","?","R","T","M","?","E","R","M","T","E","M","B",null,"E","$","R","B","B",null],"character_chosen":"GUARDIAN","items_purchased":["Guardian:TimeCapacitor","Guardian:Gem_Fragmented","Guardian:Gem_White","Guardian:BodySlam","bronze:DecasWashers","Guardian:Recover"],"campfire_rested":0,"item_purchase_floors":[14,53,53,53,53,53],"current_hp_per_floor":[80,80,79,79,78,78,78,78,72,72,67,63,63,62,60,42,80,80,75,75,75,69,60,60,60,60,70,70,70,56,55,54,49,90,90,90,90,90,90,90,90,90,90,90,90,90,90,90,90,88,90,90,90,90,90,88],"gold":42,"neow_bonus":"ONE_RARE_RELIC","is_daily":false,"chose_seed":false,"campfire_upgraded":8,"win_rate":0.0,"timestamp":1614229700,"path_taken":["R","M","?","M","?","M","T","?","E","R","E","M","R","$","M","BOSS","R","M","?","$","?","E","T","?","?","R","?","M","E","?","M","BOSS","R","M","M","M","?","R","T","M","?","E","R","M","?","E","M","BOSS","E","$","R","BOSS","BOSS"],"items_purchased_type":["Card","Card","Card","Card","Relic","Card"],"build_version":"2020-12-22","purchased_purges":2,"victory":true,"max_hp_per_floor":[80,80,80,80,80,80,80,80,80,80,80,80,80,80,80,80,80,80,80,80,80,80,80,80,80,80,90,90,90,90,90,90,90,90,90,90,90,90,90,90,90,90,90,90,90,90,90,90,90,90,90,90,90,90,90,90],"relic_stats":{"counters":[33,160],"Ornamental Fan":[108],"Astrolabe":["Guardian:Recover","Guardian:Repulse","Guardian:Gem_Synthetic"],"Bird Faced Urn":[20],"Pen Nib":[11],"Bag of Preparation":[36],"Orichalcum":[0],"obtain_stats":[{"hexamod:CandleOfCauterizing":11,"Lantern":47,"downfall:HeartBlessingRed":10,"Guardian:ModeShifterPlus":34,"Astrolabe":17,"bronze:DecasWashers":53,"Guardian:ModeShifter":0,"Thread and Needle":0,"downfall:HeartBlessingGreen":35,"The Courier":30,"Pen Nib":41,"Bag of Preparation":23,"Orichalcum":52,"White Beast Statue":48,"bronze:BronzeIdol":7,"Bottled Flame":9,"downfall:HeartBlessingBlue":27,"Ornamental Fan":28,"MutagenicStrength":22,"Bird Faced Urn":44,"Unceasing Top":39},{"hexamod:CandleOfCauterizing":7,"Lantern":27,"downfall:HeartBlessingRed":6,"Guardian:ModeShifterPlus":20,"Astrolabe":11,"bronze:DecasWashers":31,"Guardian:ModeShifter":0,"Thread and Needle":0,"downfall:HeartBlessingGreen":20,"The Courier":17,"Pen Nib":24,"Bag of Preparation":15,"Orichalcum":31,"White Beast Statue":28,"bronze:BronzeIdol":5,"Bottled Flame":6,"downfall:HeartBlessingBlue":15,"Ornamental Fan":15,"MutagenicStrength":14,"Bird Faced Urn":26,"Unceasing Top":24},{"hexamod:CandleOfCauterizing":31,"Lantern":118,"downfall:HeartBlessingRed":28,"Guardian:ModeShifterPlus":92,"Astrolabe":49,"bronze:DecasWashers":143,"Guardian:ModeShifter":0,"Thread and Needle":0,"downfall:HeartBlessingGreen":92,"The Courier":80,"Pen Nib":107,"Bag of Preparation":72,"Orichalcum":143,"White Beast Statue":124,"bronze:BronzeIdol":20,"Bottled Flame":28,"downfall:HeartBlessingBlue":72,"Ornamental Fan":72,"MutagenicStrength":65,"Bird Faced Urn":114,"Unceasing Top":107}],"Unceasing Top":[10]},"card_choices":[{"not_picked":["Guardian:Gem_Lightblue","Guardian:Recover"],"picked":"Guardian:ShieldCharger","floor":2},{"not_picked":["Guardian:RollAttack","Guardian:BodySlam"],"picked":"Guardian:FuturePlans","floor":3},{"not_picked":["Guardian:Incinerate","Guardian:Emergency"],"picked":"Guardian:RevengeProtocol","floor":4},{"not_picked":["Guardian:TemporalStrike","Guardian:RollAttack"],"picked":"Guardian:BronzeOrb","floor":5},{"not_picked":["Guardian:Recover","Guardian:VentSteam"],"picked":"Guardian:MultiBeam","floor":6},{"not_picked":["Guardian:MultiBeam","Guardian:DonusPower"],"picked":"Guardian:Gem_Lightblue","floor":9},{"not_picked":["Guardian:PolyBeam","Guardian:Emergency","Guardian:ChargeCore"],"picked":"SKIP","floor":11},{"not_picked":["Guardian:BodySlam","Guardian:Recover"],"picked":"Guardian:Gem_Lightblue","floor":12},{"not_picked":["Guardian:PrimingBeam","Guardian:TemporalStrike"],"picked":"Guardian:Gem_Yellow","floor":14},{"not_picked":["Guardian:Gem_Lightblue","Guardian:BronzeArmor"],"picked":"Guardian:FuturePlans","floor":15},{"not_picked":["Guardian:Gem_Synthetic","Guardian:ConstructionForm"],"picked":"Guardian:FierceBash","floor":16},{"not_picked":["Guardian:Gem_Red","Guardian:FuturePlans"],"picked":"Guardian:SentryBeam","floor":19},{"not_picked":["Guardian:TimeCapacitor","Guardian:Suspension"],"picked":"Guardian:Orbwalk+1","floor":21},{"not_picked":["Guardian:Planning","Guardian:SentryBeam"],"picked":"Guardian:BaubleBeam","floor":22},{"not_picked":["Guardian:MultiBeam","Guardian:TemporalStrike"],"picked":"Guardian:Gem_Lightblue","floor":23},{"not_picked":["Guardian:PrismaticBarrier+1","Guardian:Repulse","Guardian:Planning+1"],"picked":"SKIP","floor":29},{"not_picked":["Guardian:CrystalBeam","Guardian:Orbwalk","Guardian:PrismaticBeam"],"picked":"SKIP","floor":30},{"not_picked":["Guardian:ChargeCore+1","Guardian:GatlingBeam","Guardian:PolyBeam"],"picked":"SKIP","floor":31},{"not_picked":["Guardian:DecasProtection","Guardian:BodySlam+1","Guardian:EvasiveProtocol"],"picked":"SKIP","floor":32},{"not_picked":["Guardian:StasisField","Guardian:GatlingBeam"],"picked":"Guardian:Gem_Orange","floor":33},{"not_picked":["Guardian:FuturePlans","Guardian:Reroute+1","Guardian:ChargeCore+1"],"picked":"SKIP","floor":36},{"not_picked":["Guardian:PiercingHide","Guardian:ChargeCore+1"],"picked":"Guardian:ArmoredProtocol","floor":37},{"not_picked":["Guardian:Gem_Green","Guardian:PiercingHide","Guardian:Incinerate+1"],"picked":"SKIP","floor":38},{"not_picked":["Guardian:CrystalBeam+1","Guardian:PrimingBeam+1"],"picked":"Guardian:SpikerProtocol+1","floor":39},{"not_picked":["Guardian:Gem_Purple","Guardian:RefractedBeam+1"],"picked":"Guardian:VentSteam","floor":42},{"not_picked":["Guardian:PiercingHide","Guardian:AncientConstruct"],"picked":"Guardian:FuturePlans","floor":44},{"not_picked":["Guardian:Incinerate+1","Guardian:CrystalBeam+1"],"picked":"Guardian:ShieldCharger+1","floor":46},{"not_picked":["Guardian:Suspension","Guardian:FuturePlans"],"picked":"Guardian:TemporalStrike","floor":48},{"not_picked":["Guardian:Planning","Guardian:ChargeUp"],"picked":"Guardian:DecasProtection","floor":49},{"not_picked":["Guardian:SpikerProtocol+1","Guardian:Gem_Red"],"picked":"Guardian:ConstructionForm","floor":52}],"player_experience":610189,"relics_obtained":[{"floor":7,"key":"bronze:BronzeIdol"},{"floor":9,"key":"Bottled Flame"},{"floor":11,"key":"hexamod:CandleOfCauterizing"},{"floor":22,"key":"MutagenicStrength"},{"floor":23,"key":"Bag of Preparation"},{"floor":28,"key":"Ornamental Fan"},{"floor":30,"key":"The Courier"},{"floor":39,"key":"Unceasing Top"},{"floor":41,"key":"Pen Nib"},{"floor":44,"key":"Bird Faced Urn"},{"floor":47,"key":"Lantern"},{"floor":48,"key":"White Beast Statue"},{"floor":52,"key":"Orichalcum"}],"event_choices":[{"damage_healed":0,"gold_gain":0,"player_choice":"Read","damage_taken":0,"max_hp_gain":0,"max_hp_loss":0,"event_name":"The Library","floor":20,"gold_loss":0,"cards_obtained":["Guardian:PrismaticBarrier"]},{"damage_healed":0,"gold_gain":0,"player_choice":"Fight","damage_taken":0,"max_hp_gain":0,"max_hp_loss":0,"event_name":"Mysterious Sphere","floor":39,"gold_loss":0},{"cards_removed":["Guardian:FuturePlans"],"damage_healed":0,"gold_gain":0,"player_choice":"Removed Power","damage_taken":0,"max_hp_gain":0,"max_hp_loss":0,"event_name":"Falling","floor":43,"gold_loss":0}],"is_beta":false,"boss_relics":[{"not_picked":["SacredBark","Fusion Hammer"],"picked":"Astrolabe"},{"not_picked":["Runic Dome","Busted Crown"],"picked":"Guardian:ModeShifterPlus"}],"items_purged_floors":[21,53],"is_endless":false,"potions_floor_spawned":[3,6,9,11,15,23,29,32,33,36,39,42,49,52],"ascension_level":1}}