{"host":"8zzc9mdnfkdiyxma","time":1614250711,"event":{"mods":["2.2 Compatiblity","BaseMod","Better Altar","Better Match","Better Note","Better Sensory Stone","Better Skull","Better Third Choice","Better Vampires","Colored Map","Colored Powertips","Dark Map","Emptier Cage","Extra Virgin Snecko Oil","Minty Spire (QoL Compilation)","Permanent Neow","RNG Fix","Rare Cards Sparkle","Relic Filter","Reliquary","SacredBarkPlus","Smile Girya","StSLib","Waifu the Spire"],"gold_per_floor":[112,125,137,149,167,167,4,32,32,52,52,63,63,73,73,151,151,166,185,185,185,202,233,233,252,252,252,252,262,262,262,262,333,333,345,345,345,270,290,290,290,290],"floor_reached":41,"language":"ENG","playtime":2826,"items_purged":["Defend_P"],"score":884,"play_id":"5db2b20d-1dde-4ef4-8f70-f25ba32e7090","local_time":"20210225055831","is_ascension_mode":true,"campfire_choices":[{"data":"Conclude","floor":6.0,"key":"SMITH"},{"floor":13.0,"key":"REST"},{"floor":15.0,"key":"REST"},{"data":"ConjureBlade","floor":24,"key":"SMITH"},{"floor":27,"key":"REST"},{"data":"Meditate","floor":30,"key":"SMITH"},{"data":"Meditate","floor":32,"key":"SMITH"},{"data":"MasterReality","floor":40,"key":"SMITH"}],"circlet_count":0,"master_deck":["AscendersBane","Strike_P","Strike_P","Strike_P","Strike_P","Defend_P","Eruption","Vigilance","SashWhip","Conclude+1","Evaluate","DeceiveReality","ThirdEye","Meditate+1","DeusExMachina","Meditate+1","CrushJoints","ConjureBlade+1","LikeWater","SpiritShield","Consecrate","Protect","DeceiveReality","BowlingBash","WheelKick","DeceiveReality","BowlingBash+1","MasterReality+1","SashWhip"],"relics":["PureWater","NeowsBlessing","Orrery","CloakClasp","StrikeDummy","reliquary:ThirdArm","Mercury Hourglass","Tiny Chest","SacredBark","InkBottle"],"acts_visited":["Exordium","TheCity","TheBeyond"],"potions_floor_usage":[23,23,33,35,39],"damage_taken":[{"damage":0.0,"enemies":"Small Slimes","floor":1.0,"turns":1.0},{"damage":0.0,"enemies":"Jaw Worm","floor":2.0,"turns":1.0},{"damage":0.0,"enemies":"2 Louse","floor":3.0,"turns":1.0},{"damage":0.0,"enemies":"Exordium Thugs","floor":4.0,"turns":4.0},{"damage":0.0,"enemies":"Large Slime","floor":5.0,"turns":5.0},{"damage":59.0,"enemies":"Gremlin Nob","floor":8.0,"turns":5.0},{"damage":0.0,"enemies":"Blue Slaver","floor":10.0,"turns":3.0},{"damage":0.0,"enemies":"3 Louse","floor":12.0,"turns":2.0},{"damage":0.0,"enemies":"2 Fungi Beasts","floor":14.0,"turns":4.0},{"damage":0.0,"enemies":"Slime Boss","floor":16.0,"turns":5.0},{"damage":0.0,"enemies":"Chosen","floor":18.0,"turns":5.0},{"damage":0.0,"enemies":"Shell Parasite","floor":19.0,"turns":5.0},{"damage":10.0,"enemies":"Snake Plant","floor":22.0,"turns":7.0},{"damage":35,"enemies":"Book of Stabbing","floor":23,"turns":7},{"damage":2,"enemies":"Snecko","floor":25,"turns":6},{"damage":13,"enemies":"Cultist and Chosen","floor":29,"turns":8},{"damage":5,"enemies":"Automaton","floor":33,"turns":8},{"damage":2,"enemies":"3 Shapes","floor":35,"turns":4},{"damage":8,"enemies":"3 Darklings","floor":39,"turns":5},{"damage":69,"enemies":"Reptomancer","floor":41,"turns":2}],"seed_played":"6020182464625806250","potions_obtained":[{"floor":3.0,"key":"AttackPotion"},{"floor":10.0,"key":"BottledMiracle"},{"floor":12.0,"key":"LiquidBronze"},{"floor":14.0,"key":"SteroidPotion"},{"floor":16.0,"key":"SteroidPotion"},{"floor":18.0,"key":"EssenceOfSteel"},{"floor":22.0,"key":"DuplicationPotion"},{"floor":23,"key":"PowerPotion"},{"floor":29,"key":"GamblersBrew"}],"is_trial":false,"path_per_floor":["M","M","M","M","M","R","$","E","T","M","?","M","R","M","R","B",null,"M","M","?","T","M","E","R","M","T","R","?","M","R","?","R","B",null,"M","?","T","$","M","R","E"],"character_chosen":"WATCHER","items_purchased":["Orrery"],"campfire_rested":3,"item_purchase_floors":[7],"current_hp_per_floor":[61,61,61,61,61,61,61,2,2,2,2,2,22,22,42,42,62,62,62,78,78,68,33,33,31,31,54,54,41,41,41,41,36,68,66,55,55,55,47,47,0,0],"gold":290,"neow_bonus":"THREE_ENEMY_KILL","is_daily":false,"chose_seed":false,"campfire_upgraded":5,"win_rate":0.0,"timestamp":1614250711,"path_taken":["M","M","M","?","M","R","$","E","T","M","?","?","R","M","R","BOSS","M","M","?","?","?","E","R","M","T","R","?","M","R","?","R","BOSS","M","?","?","$","?","R","E"],"items_purchased_type":["Relic"],"build_version":"2020-12-22","purchased_purges":1,"victory":false,"max_hp_per_floor":[68,68,68,68,68,68,68,68,68,68,68,68,68,68,68,68,68,68,68,78,78,78,78,78,78,78,78,78,78,78,78,78,78,78,78,78,78,78,78,78,78,78],"card_choices":[{"not_picked":["EmptyFist","Evaluate"],"picked":"SashWhip","floor":1.0},{"not_picked":["Wallop","CrushJoints"],"picked":"Conclude","floor":2.0},{"not_picked":["PathToVictory","Study"],"picked":"Evaluate","floor":3.0},{"not_picked":["EmptyBody","SashWhip"],"picked":"DeceiveReality","floor":4.0},{"not_picked":["Crescendo","Conclude"],"picked":"ThirdEye","floor":5.0},{"not_picked":["FlyingSleeves","Swivel"],"picked":"Meditate","floor":7.0},{"not_picked":["BattleHymn","EmptyBody"],"picked":"DeusExMachina","floor":7.0},{"not_picked":["Prostrate","BattleHymn"],"picked":"Meditate","floor":7.0},{"not_picked":["ClearTheMind","SignatureMove"],"picked":"CrushJoints","floor":7.0},{"not_picked":["BowlingBash","Evaluate"],"picked":"ConjureBlade","floor":7.0},{"not_picked":["EmptyBody","Study","CutThroughFate"],"picked":"SKIP","floor":8.0},{"not_picked":["Wallop","Prostrate"],"picked":"LikeWater","floor":10.0},{"not_picked":["EmptyMind","JustLucky"],"picked":"SpiritShield","floor":12.0},{"not_picked":["Halt","Weave"],"picked":"Consecrate","floor":14.0},{"not_picked":["Devotion","Brilliance"],"picked":"Ragnarok","floor":16.0},{"not_picked":["EmptyFist","EmptyBody"],"picked":"Protect","floor":18.0},{"not_picked":["EmptyBody","FlurryOfBlows"],"picked":"DeceiveReality","floor":19.0},{"not_picked":["ThirdEye","ClearTheMind"],"picked":"BowlingBash","floor":22.0},{"not_picked":["Wireheading","SandsOfTime"],"picked":"WheelKick","floor":23},{"not_picked":["Evaluate","WheelKick"],"picked":"DeceiveReality","floor":25},{"not_picked":["ThirdEye","CrushJoints"],"picked":"BowlingBash+1","floor":29},{"not_picked":["Devotion","Alpha"],"picked":"MasterReality","floor":33},{"not_picked":["Tantrum","FollowUp","FlyingSleeves"],"picked":"SKIP","floor":35},{"not_picked":["FollowUp","FlyingSleeves"],"picked":"SashWhip","floor":39}],"player_experience":1020675,"relics_obtained":[{"floor":8.0,"key":"CloakClasp"},{"floor":9.0,"key":"StrikeDummy"},{"floor":21.0,"key":"Mercury Hourglass"},{"floor":23,"key":"Tiny Chest"},{"floor":37,"key":"InkBottle"}],"event_choices":[{"damage_healed":0.0,"max_hp_gain":0.0,"max_hp_loss":0.0,"gold_gain":0.0,"event_name":"betterThird:BetterScrap","player_choice":"LEAVE","floor":11.0,"gold_loss":0.0,"damage_taken":0.0,"cards_obtained":["Venomology"]},{"cards_removed":["Ragnarok"],"damage_healed":6.0,"max_hp_gain":10.0,"max_hp_loss":0.0,"gold_gain":0.0,"event_name":"Bonfire Elementals","player_choice":"Offered Rare","floor":20.0,"gold_loss":0.0,"damage_taken":0.0},{"cards_removed":["Defend_P"],"damage_healed":0,"gold_gain":0,"player_choice":"Card Removal","damage_taken":0,"max_hp_gain":0,"max_hp_loss":0,"event_name":"Wheel of Change","floor":28,"gold_loss":0},{"cards_removed":["Defend_P"],"damage_healed":0,"gold_gain":0,"player_choice":"Purged","damage_taken":0,"max_hp_gain":0,"max_hp_loss":0,"event_name":"Purifier","floor":31,"gold_loss":0},{"damage_healed":0,"gold_gain":0,"player_choice":"Damaged","damage_taken":11,"max_hp_gain":0,"max_hp_loss":0,"event_name":"Wheel of Change","floor":36,"gold_loss":0}],"is_beta":false,"boss_relics":[{"not_picked":["Cursed Key","HolyWater"],"picked":"reliquary:ThirdArm"},{"not_picked":["reliquary:RustamsPendant","reliquary:Ember"],"picked":"SacredBark"}],"items_purged_floors":[38],"is_endless":false,"potions_floor_spawned":[3,10,12,14,16,18,22,23,29],"killed_by":"Reptomancer","ascension_level":18}}