{"host":"ndpbn7fqb3wjbd7p","time":1614222825,"event":{"mods":["AchievementEnabler","Act Like it!","AlwaysNeverKeys","BaseMod","Better Vampires","Block Reminder","Colored Powertips","DeckTracker","Defuse TimeMaze Blight","Friendly Minions","Highlight Path","MarisaÅiñ∂âJÅ@ñÇóùçπÅj","Minty Spire (QoL Compilation)","Permanent Neow","StSLib","SuperFastMode","Synergy Search","Unceasing Turn Reminder","Wandering Minibosses"],"gold_per_floor":[14,26,26,42,42,42,60,60,115,115,115,135,176,194,194,314,314,330,330,351,450,469,469,469,469],"floor_reached":24,"language":"ENG","playtime":1177,"items_purged":[],"score":267,"play_id":"98cffd8f-b68b-427b-bf86-9bffa3ce7cc3","local_time":"20210225041345","is_ascension_mode":true,"campfire_choices":[{"data":"FollowUp","floor":6,"key":"SMITH"},{"data":"JustLucky","floor":8,"key":"SMITH"},{"data":"CrushJoints","floor":15,"key":"SMITH"},{"data":"TalkToTheHand","floor":23,"key":"SMITH"}],"circlet_count":0,"master_deck":["Strike_P","Strike_P","Strike_P","Defend_P","Defend_P","Defend_P","Vigilance","Weave","FollowUp+1","JustLucky+1","CrushJoints+1","Scrawl","MasterReality","FollowUp+1","TalkToTheHand+1","CutThroughFate"],"relics":["PureWater","Golden Idol","Potion Belt","PreservedInsect","Nunchaku","VioletLotus"],"acts_visited":["Exordium","TheCity"],"potions_floor_usage":[13,16,16,24],"damage_taken":[{"damage":0,"enemies":"2 Louse","floor":1,"turns":4},{"damage":0,"enemies":"Small Slimes","floor":2,"turns":3},{"damage":10,"enemies":"Cultist","floor":4,"turns":4},{"damage":11,"enemies":"Looter","floor":7,"turns":6},{"damage":0,"enemies":"2 Fungi Beasts","floor":12,"turns":3},{"damage":4,"enemies":"3 Sentries","floor":13,"turns":4},{"damage":8,"enemies":"Exordium Wildlife","floor":14,"turns":5},{"damage":28,"enemies":"The Guardian","floor":16,"turns":9},{"damage":5,"enemies":"Shell Parasite","floor":18,"turns":3},{"damage":16,"enemies":"3 Byrds","floor":20,"turns":5},{"damage":20,"enemies":"Cultist and Chosen","floor":22,"turns":5},{"damage":10,"enemies":"Slavers","floor":24,"turns":1}],"seed_played":"-5098961643731841845","potions_obtained":[{"floor":1,"key":"PowerPotion"},{"floor":7,"key":"Explosive Potion"},{"floor":12,"key":"SkillPotion"},{"floor":22,"key":"AttackPotion"}],"is_trial":false,"path_per_floor":["M","M","?","M","?","R","M","R","T","?","?","M","E","M","R","B",null,"M","?","M","?","M","R","E"],"character_chosen":"WATCHER","items_purchased":[],"campfire_rested":0,"item_purchase_floors":[],"current_hp_per_floor":[65,65,65,55,55,55,44,44,44,44,44,44,40,32,32,4,51,46,46,30,30,10,10,0,0],"gold":469,"neow_bonus":"REMOVE_TWO","is_daily":false,"chose_seed":false,"campfire_upgraded":4,"win_rate":0.0,"timestamp":1614222825,"path_taken":["M","M","?","M","?","R","M","R","T","?","?","?","E","M","R","BOSS","M","?","M","?","M","R","E"],"items_purchased_type":[],"build_version":"2020-12-22","purchased_purges":0,"victory":false,"max_hp_per_floor":[72,72,67,67,67,67,67,67,67,67,67,67,67,67,67,67,67,67,67,67,67,67,67,67,67],"card_choices":[{"not_picked":["CrushJoints","FlyingSleeves"],"picked":"Weave","floor":1},{"not_picked":["Crescendo","Conclude"],"picked":"MentalFortress","floor":2},{"not_picked":["FlyingSleeves","WheelKick"],"picked":"FollowUp","floor":4},{"not_picked":["Crescendo","ThirdEye"],"picked":"JustLucky","floor":7},{"not_picked":["WheelKick","CarveReality"],"picked":"CrushJoints","floor":12},{"not_picked":["Meditate","InnerPeace"],"picked":"Scrawl","floor":13},{"not_picked":["SashWhip","ClearTheMind","CrushJoints"],"picked":"SKIP","floor":14},{"not_picked":["SpiritShield","Ragnarok"],"picked":"MasterReality","floor":16},{"not_picked":["ThirdEye","WindmillStrike"],"picked":"FollowUp+1","floor":18},{"not_picked":["BattleHymn+1","EmptyBody"],"picked":"CutThroughFate","floor":20},{"not_picked":["Consecrate","JustLucky","SashWhip"],"picked":"SKIP","floor":22}],"player_experience":1215412,"relics_obtained":[{"floor":9,"key":"Potion Belt"},{"floor":13,"key":"Nunchaku"}],"event_choices":[{"damage_healed":0,"gold_gain":0,"player_choice":"Lose Max HP","damage_taken":0,"relics_obtained":["Golden Idol"],"max_hp_gain":0,"max_hp_loss":5,"event_name":"Golden Idol","floor":3,"gold_loss":0},{"cards_removed":["Strike_P"],"damage_healed":0,"gold_gain":0,"player_choice":"Forget","damage_taken":0,"max_hp_gain":0,"max_hp_loss":0,"event_name":"Living Wall","floor":5,"gold_loss":0},{"damage_healed":0,"gold_gain":0,"player_choice":"Ignored","damage_taken":0,"max_hp_gain":0,"max_hp_loss":0,"event_name":"Liars Game","floor":10,"gold_loss":0},{"cards_removed":["MentalFortress"],"damage_healed":0,"gold_gain":0,"player_choice":"Gave Card","damage_taken":0,"relics_obtained":["PreservedInsect"],"max_hp_gain":0,"max_hp_loss":0,"event_name":"WeMeetAgain","floor":11,"gold_loss":0},{"damage_healed":0,"gold_gain":0,"player_choice":"Read","damage_taken":0,"max_hp_gain":0,"max_hp_loss":0,"event_name":"The Library","floor":19,"gold_loss":0,"cards_obtained":["TalkToTheHand"]},{"damage_healed":0,"gold_gain":99,"player_choice":"Stole From Cult","damage_taken":0,"max_hp_gain":0,"max_hp_loss":0,"event_name":"Nest","floor":21,"gold_loss":0}],"is_beta":false,"boss_relics":[{"not_picked":["SacredBark","Pandora\u0027s Box"],"picked":"VioletLotus"}],"items_purged_floors":[],"is_endless":false,"potions_floor_spawned":[1,7,12,22],"killed_by":"Slavers","ascension_level":7}}