{"host":"cpsutu8lprjuipd6","time":1614274582,"event":{"mods":["BaseMod","Colored Map","Minty Spire (QoL Compilation)","Permanent Neow","Quick Restart","StSLib","SuperFastMode","The Bug Knight","Together in Spire"],"gold_per_floor":[111,127,77,77,77,104,123,123,123,198,209,219,219,233,233,233,233],"floor_reached":16,"language":"KOR","playtime":383,"items_purged":[],"score":133,"play_id":"50ae9087-e1c3-48d0-8160-c58e6fffb165","local_time":"20210226023622","is_ascension_mode":true,"campfire_choices":[{"data":"Bash","floor":8,"key":"SMITH"},{"floor":15,"key":"REST"}],"circlet_count":0,"master_deck":["Strike_R","Strike_R","Strike_R","Defend_R+1","Defend_R","Defend_R+1","Defend_R","Bash+1"],"relics":["Burning Blood","NeowsBlessing","Toxic Egg 2","War Paint","Smiling Mask","Blue Candle"],"acts_visited":["Exordium"],"potions_floor_usage":[16],"damage_taken":[{"damage":0,"enemies":"Small Slimes","floor":1,"turns":1},{"damage":0,"enemies":"Jaw Worm","floor":2,"turns":1},{"damage":0,"enemies":"Lagavulin","floor":6,"turns":1},{"damage":0,"enemies":"2 Louse","floor":7,"turns":4},{"damage":0,"enemies":"2 Fungi Beasts","floor":11,"turns":4},{"damage":0,"enemies":"3 Louse","floor":12,"turns":5},{"damage":12,"enemies":"Gremlin Gang","floor":14,"turns":6},{"damage":72,"enemies":"Slime Boss","floor":16,"turns":15}],"seed_played":"-9037688611776658218","potions_obtained":[{"floor":7,"key":"AttackPotion"},{"floor":14,"key":"PowerPotion"}],"is_trial":false,"path_per_floor":["M","M","?","?","?","E","M","R","T","?","M","M","?","M","R","B"],"character_chosen":"IRONCLAD","items_purchased":[],"campfire_rested":1,"item_purchase_floors":[],"current_hp_per_floor":[80,80,80,73,40,46,52,52,52,41,47,53,53,47,71,0,0],"gold":233,"neow_bonus":"THREE_ENEMY_KILL","is_daily":false,"chose_seed":false,"campfire_upgraded":1,"win_rate":0.0,"timestamp":1614274582,"path_taken":["M","M","?","?","?","E","?","R","T","?","M","M","?","M","R","BOSS"],"items_purchased_type":[],"build_version":"2020-12-22","purchased_purges":0,"victory":false,"max_hp_per_floor":[80,80,80,80,80,80,80,80,80,80,80,80,80,80,80,80,80],"card_choices":[{"not_picked":["True Grit","Armaments","Perfected Strike"],"picked":"SKIP","floor":1},{"not_picked":["Uppercut","Intimidate","Heavy Blade"],"picked":"SKIP","floor":2},{"not_picked":["Wild Strike","Uppercut","Anger"],"picked":"SKIP","floor":6},{"not_picked":["Clothesline","Twin Strike","True Grit+1"],"picked":"SKIP","floor":7},{"not_picked":["Twin Strike","Rage+1","Impervious+1"],"picked":"SKIP","floor":11},{"not_picked":["Iron Wave","Infernal Blade+1","Disarm+1"],"picked":"SKIP","floor":12},{"not_picked":["Combust","Seeing Red+1","Flame Barrier+1"],"picked":"SKIP","floor":14}],"player_experience":147906,"relics_obtained":[{"floor":6,"key":"War Paint"},{"floor":9,"key":"Smiling Mask"}],"event_choices":[{"cards_removed":["Strike_R"],"damage_healed":0,"gold_gain":0,"player_choice":"Card Removal","damage_taken":0,"max_hp_gain":0,"max_hp_loss":0,"event_name":"The Cleric","floor":3,"gold_loss":50},{"cards_removed":["Strike_R"],"damage_healed":0,"gold_gain":0,"player_choice":"Card Removal","damage_taken":7,"max_hp_gain":0,"max_hp_loss":0,"event_name":"Golden Wing","floor":4,"gold_loss":0},{"damage_healed":0,"gold_gain":0,"player_choice":"Success","damage_taken":33,"relics_obtained":["Toxic Egg 2"],"max_hp_gain":0,"max_hp_loss":0,"event_name":"Scrap Ooze","floor":5,"gold_loss":0},{"damage_healed":0,"gold_gain":75,"player_choice":"Gather Gold","damage_taken":11,"max_hp_gain":0,"max_hp_loss":0,"event_name":"World of Goop","floor":10,"gold_loss":0},{"damage_healed":0,"gold_gain":0,"player_choice":"Searched \u00272\u0027 times","damage_taken":0,"relics_obtained":["Blue Candle"],"max_hp_gain":0,"max_hp_loss":0,"event_name":"Dead Adventurer","floor":13,"gold_loss":0}],"is_beta":false,"boss_relics":[],"items_purged_floors":[],"is_endless":false,"potions_floor_spawned":[7,14],"killed_by":"Slime Boss","ascension_level":1}}