{"host":"ocw7ajg7vqj66oa5","time":1614257817,"event":{"mods":["Bard","BaseMod","Better Third Choice","Downfall","Duelist Mod","Hubris","Infinite Spire","Lobotomy","Marisa????????","Minty Spire (QoL Compilation)","Replay The Spire","Reworked Bosses","Robot Space Explorer","Shade Mod","Somnambulant","StSLib","SuperFastMode","The Animator","The Bug Knight","The Construct","The Cursed","The Disciple","The Hierophant","The Jungle","The Marked","The Necromancer","The Poker Player","The Servant 0.9.4"],"gold_per_floor":[137,137,62,74,91,91,109,109,109,122,133,209,53,72,72,169,169,187,187,187],"floor_reached":19,"language":"ENG","playtime":1100,"items_purged":["theDuelist:CastleWalls"],"score":236,"play_id":"dd742f4e-f369-41cd-9599-b50dc477bd64","local_time":"20210225145657","is_ascension_mode":false,"campfire_choices":[{"data":"theDuelist:HaneHane","floor":6.0,"key":"SMITH"},{"data":"theDuelist:Electrowhip","floor":8.0,"key":"SMITH"},{"data":"theDuelist:SangaEarth","floor":15.0,"key":"SMITH"}],"circlet_count":1,"master_deck":["theDuelist:BeaverWarrior","theDuelist:BeaverWarrior","theDuelist:CastleWalls","theDuelist:FinalFlame","theDuelist:GiantSoldier","theDuelist:GiantSoldier","theDuelist:ScrapFactory","theDuelist:Sparks+1","theDuelist:Sparks+1","theDuelist:PowerGiant","theDuelist:LegendarySword","theDuelist:HaneHane+1","theDuelist:CoreBlaster","theDuelist:Electrowhip+1","theDuelist:SangaEarth+1","theDuelist:RainbowKuriboh"],"relics":["theDuelist:MillenniumPuzzle","theDuelist:CardPoolRelic","theDuelist:CardPoolBasicRelic","theDuelist:BoosterPackPoolRelic","theDuelist:CardPoolAddRelic","theDuelist:CardPoolMinusRelic","theDuelist:CardPoolSaveRelic","theDuelist:CardPoolOptionsRelic","Circlet","hubris:Towel","hubris:SoftwareUpdate","Whetstone","hubris:GrandSneckoEye"],"acts_visited":[],"potions_floor_usage":[],"damage_taken":[{"damage":0.0,"enemies":"Small Slimes","floor":1.0,"turns":5.0},{"damage":3.0,"enemies":"Jaw Worm","floor":4.0,"turns":3.0},{"damage":0.0,"enemies":"Cultist","floor":5.0,"turns":4.0},{"damage":0.0,"enemies":"Large Slime","floor":7.0,"turns":7.0},{"damage":0.0,"enemies":"Red Slaver","floor":10.0,"turns":1.0},{"damage":0.0,"enemies":"2 Fungi Beasts","floor":11.0,"turns":3.0},{"damage":0.0,"enemies":"Lots of Slimes","floor":14.0,"turns":2.0},{"damage":0.0,"enemies":"Slime Boss","floor":16.0,"turns":7.0},{"damage":3.0,"enemies":"Shell Parasite","floor":18.0,"turns":3.0},{"damage":0,"enemies":"Spheric Guardian","floor":19,"turns":1}],"seed_played":"5647297573759989246","potions_obtained":[{"floor":1.0,"key":"Strength Potion"},{"floor":5.0,"key":"theDuelist:VoidBottle"},{"floor":10.0,"key":"theDuelist:TokenPotionB"}],"is_trial":false,"path_per_floor":["M","?","$","M","M","R","M","R","T","M","M","T","$","M","R","B",null,"M","M"],"character_chosen":"THE_DUELIST","items_purchased":["Whetstone"],"campfire_rested":0,"item_purchase_floors":[13],"current_hp_per_floor":[80,80,80,77,77,77,77,77,77,77,77,77,77,77,77,77,80,77,77,77],"gold":187,"neow_bonus":"TRANSFORM_CARD","is_daily":false,"chose_seed":false,"campfire_upgraded":3,"win_rate":0.0,"timestamp":1614257817,"path_taken":["M","?","?","M","M","R","?","R","T","M","M","?","$","M","R","BOSS","M","M"],"items_purchased_type":["Relic"],"build_version":"2020-12-22","purchased_purges":1,"victory":false,"max_hp_per_floor":[80,80,80,80,80,80,80,80,80,80,80,80,80,80,80,80,80,80,80,80],"card_choices":[{"not_picked":["theDuelist:AttackTheMoon","theDuelist:LightningVortex","theDuelist:Mudora","theDuelist:Mathematician"],"picked":"theDuelist:PowerGiant","floor":0.0},{"not_picked":["theDuelist:Sangan","theDuelist:GravityBlaster","theDuelist:AncientGearFist","theDuelist:Mathematician"],"picked":"theDuelist:LegendarySword","floor":1.0},{"not_picked":["theDuelist:Fissure","theDuelist:StrayLambs","theDuelist:HeavyStorm","theDuelist:FutureFusion"],"picked":"theDuelist:HaneHane","floor":4.0},{"not_picked":["theDuelist:DoubleTool","theDuelist:PowerWall","theDuelist:RainbowNeos","theDuelist:BattleFootballer"],"picked":"theDuelist:CoreBlaster","floor":5.0},{"not_picked":["theDuelist:WhiteHowling","theDuelist:ImperialOrder","theDuelist:ElectromagneticShield"],"picked":"theDuelist:Electrowhip","floor":7.0},{"not_picked":["theDuelist:KamionTimelord","theDuelist:FrontierWiseman","theDuelist:PreventRat","theDuelist:MillenniumShield"],"picked":"theDuelist:SangaEarth","floor":10.0},{"not_picked":["Bandage Up","Finesse","Good Instincts","Thinking Ahead"],"picked":"SKIP","floor":11.0},{"not_picked":["theDuelist:CombinationAttack","theDuelist:Tuningware","theDuelist:Eva","theDuelist:MagnumShield","theDuelist:Invigoration"],"picked":"SKIP","floor":14.0},{"not_picked":["theDuelist:RainbowNeos","theDuelist:HappyLover","theDuelist:Eva","theDuelist:RainbowOverdragon"],"picked":"theDuelist:RainbowKuriboh","floor":16.0},{"not_picked":["theDuelist:SpellShatteringArrow","theDuelist:Downbeat","theDuelist:RainbowNeos","theDuelist:CombinationAttack","theDuelist:DarkFactory"],"picked":"SKIP","floor":18.0}],"player_experience":293330,"relics_obtained":[{"floor":9.0,"key":"hubris:SoftwareUpdate"},{"floor":12.0,"key":"vexMod:ScavengeHelm"}],"event_choices":[],"is_beta":false,"boss_relics":[{"not_picked":["Kintsugi","hubris:TerracottaHorce"],"picked":"hubris:GrandSneckoEye"},{"not_picked":[]}],"items_purged_floors":[3],"is_endless":false,"potions_floor_spawned":[1,5,10,14],"killed_by":"Spheric Guardian","ascension_level":0}}