{"host":"dwqr8rfkubzfvfti","time":1614219502,"event":{"mods":["BaseMod","Colored Map","Colored Powertips","Minty Spire (QoL Compilation)","Rare Cards Sparkle","Relic Stats"],"gold_per_floor":[116,129,204,218,142,170,170,180,234,245,277,307,158,188,188,286,286,306,317,317,330,342,376,306,333,384,384,384,402,437,456,456,561,561,574,574,587,597,597,597],"floor_reached":39,"language":"ENG","playtime":1838,"items_purged":[],"score":659,"play_id":"c2dc9911-f34d-4833-a258-7e4a14ebda46","local_time":"20210224191822","is_ascension_mode":true,"campfire_choices":[{"data":"Shockwave","floor":7,"key":"SMITH"},{"data":"Armaments","floor":15,"key":"SMITH"},{"data":"Corruption","floor":27,"key":"SMITH"},{"data":"Double Tap","floor":32,"key":"SMITH"}],"circlet_count":0,"master_deck":["Defend_R","Defend_R","Defend_R","Defend_R","Bash","Flash of Steel","Ghostly Armor","Shockwave+1","Clothesline","Immolate","Sever Soul","Corruption+1","Battle Trance","Armaments+1","Warcry","Reaper","Clash+1","Whirlwind+1","Clash","Disarm","Double Tap+1","Dark Embrace","Bite","Bite","Bite","Bite","Bite","Disarm","Wild Strike+1","Berserk","Rupture+1","Chrysalis","Shrug It Off","Sever Soul+1"],"relics":["Black Blood","Meat on the Bone","Tiny Chest","Strawberry","Odd Mushroom","Sling","Vajra","Velvet Choker","Blue Candle","MawBank","Lizard Tail","Happy Flower","Incense Burner"],"acts_visited":["Exordium","TheCity","TheBeyond"],"potions_floor_usage":[11,12,25,30],"damage_taken":[{"damage":1,"enemies":"Cultist","floor":1,"turns":4},{"damage":1,"enemies":"2 Louse","floor":2,"turns":3},{"damage":2,"enemies":"Jaw Worm","floor":4,"turns":5},{"damage":28,"enemies":"Gremlin Nob","floor":6,"turns":4},{"damage":1,"enemies":"2 Fungi Beasts","floor":8,"turns":3},{"damage":8,"enemies":"Looter","floor":10,"turns":3},{"damage":5,"enemies":"3 Sentries","floor":11,"turns":5},{"damage":0,"enemies":"The Mushroom Lair","floor":12,"turns":1},{"damage":55,"enemies":"Hexaghost","floor":16,"turns":10},{"damage":22,"enemies":"Shell Parasite","floor":18,"turns":5},{"damage":7,"enemies":"3 Byrds","floor":19,"turns":4},{"damage":30,"enemies":"Cultist and Chosen","floor":21,"turns":5},{"damage":16,"enemies":"Snecko","floor":22,"turns":4},{"damage":13,"enemies":"Gremlin Leader","floor":23,"turns":4},{"damage":33,"enemies":"Book of Stabbing","floor":25,"turns":6},{"damage":6,"enemies":"Centurion and Healer","floor":29,"turns":4},{"damage":18,"enemies":"Slavers","floor":30,"turns":4},{"damage":11,"enemies":"Shelled Parasite and Fungi","floor":31,"turns":4},{"damage":83,"enemies":"Champ","floor":33,"turns":12},{"damage":21,"enemies":"Orb Walker","floor":35,"turns":4},{"damage":15,"enemies":"3 Darklings","floor":37,"turns":4},{"damage":92,"enemies":"Sphere and 2 Shapes","floor":38,"turns":9},{"damage":54,"enemies":"Spire Growth","floor":39,"turns":5}],"seed_played":"-8288367038262344709","potions_obtained":[{"floor":1,"key":"DistilledChaos"},{"floor":6,"key":"SteroidPotion"},{"floor":8,"key":"ElixirPotion"},{"floor":11,"key":"EssenceOfSteel"},{"floor":12,"key":"FearPotion"},{"floor":21,"key":"SkillPotion"},{"floor":25,"key":"LiquidBronze"},{"floor":31,"key":"Dexterity Potion"},{"floor":37,"key":"FairyPotion"},{"floor":38,"key":"Energy Potion"}],"is_trial":false,"path_per_floor":["M","M","?","M","$","E","R","M","T","M","E","?","$","?","R","B",null,"M","M","T","M","M","E","$","E","T","R","?","M","E","M","R","B",null,"M","?","M","M","M"],"character_chosen":"IRONCLAD","items_purchased":["Immolate","Sling","Dark Embrace"],"campfire_rested":0,"item_purchase_floors":[5,13,24],"current_hp_per_floor":[77,80,69,73,73,51,51,56,56,54,62,68,68,68,68,31,73,66,71,71,57,53,58,58,55,55,55,55,60,54,51,51,38,55,58,58,57,32,0,0],"gold":597,"neow_bonus":"RANDOM_COLORLESS","is_daily":false,"chose_seed":false,"campfire_upgraded":4,"win_rate":0.0,"timestamp":1614219502,"path_taken":["M","M","?","M","$","E","R","M","T","M","E","?","?","?","R","BOSS","M","M","?","M","?","E","$","E","T","R","?","M","E","M","R","BOSS","M","?","M","M","M"],"items_purchased_type":["Card","Relic","Card"],"build_version":"2020-12-22","purchased_purges":0,"victory":false,"max_hp_per_floor":[80,80,80,80,80,80,80,80,80,80,87,87,87,87,87,87,87,87,87,87,87,87,87,87,87,87,87,60,60,60,60,60,60,60,60,60,60,60,60,60],"relic_stats":{"Lizard Tail":30,"Happy Flower":[15],"counters":[23,112],"Blue Candle":[0],"Black Blood":147,"Tiny Chest":1,"MawBank":12,"obtain_stats":[{"Happy Flower":26,"Blue Candle":20,"Vajra":14,"Velvet Choker":17,"Black Blood":34,"Incense Burner":30,"Odd Mushroom":12,"Sling":13,"MawBank":23,"Burning Blood":0,"Lizard Tail":25,"Strawberry":11,"Tiny Chest":9,"Meat on the Bone":6},{"Happy Flower":15,"Blue Candle":11,"Vajra":8,"Velvet Choker":9,"Black Blood":19,"Incense Burner":17,"Odd Mushroom":8,"Sling":8,"MawBank":14,"Burning Blood":0,"Lizard Tail":15,"Strawberry":7,"Tiny Chest":5,"Meat on the Bone":4},{"Happy Flower":66,"Blue Candle":47,"Vajra":28,"Velvet Choker":38,"Black Blood":90,"Incense Burner":74,"Odd Mushroom":28,"Sling":28,"MawBank":60,"Burning Blood":0,"Lizard Tail":66,"Strawberry":27,"Tiny Chest":19,"Meat on the Bone":16}],"Meat on the Bone":36},"card_choices":[{"not_picked":["Trip","Purity"],"picked":"Flash of Steel","floor":0},{"not_picked":["Twin Strike","Dark Embrace"],"picked":"Ghostly Armor","floor":1},{"not_picked":["Headbutt","Shrug It Off"],"picked":"Shockwave","floor":2},{"not_picked":["Second Wind","Rupture"],"picked":"Clothesline","floor":4},{"not_picked":["Wild Strike","Twin Strike"],"picked":"Sever Soul","floor":6},{"not_picked":["Armaments","Body Slam"],"picked":"Corruption","floor":8},{"not_picked":["Sword Boomerang","Warcry"],"picked":"Battle Trance","floor":10},{"not_picked":["Heavy Blade","Flex"],"picked":"Armaments","floor":11},{"not_picked":["True Grit","Whirlwind"],"picked":"Warcry","floor":12},{"not_picked":["Bludgeon","Offering"],"picked":"Reaper","floor":16},{"not_picked":["Shrug It Off","Flex+1"],"picked":"Clash+1","floor":18},{"not_picked":["Perfected Strike","Reckless Charge"],"picked":"Whirlwind+1","floor":19},{"not_picked":["Anger","Heavy Blade"],"picked":"Clash","floor":21},{"not_picked":["Shrug It Off","Infernal Blade"],"picked":"Disarm","floor":22},{"not_picked":["Thunderclap","Sword Boomerang+1"],"picked":"Double Tap","floor":23},{"not_picked":["Clothesline+1","True Grit","Metallicize"],"picked":"SKIP","floor":25},{"not_picked":["Havoc+1","Metallicize"],"picked":"Disarm","floor":29},{"not_picked":["Pommel Strike","Headbutt","Body Slam"],"picked":"SKIP","floor":30},{"not_picked":["Dropkick","Warcry"],"picked":"Wild Strike+1","floor":31},{"not_picked":["Brutality","Limit Break"],"picked":"Berserk","floor":33},{"not_picked":["Carnage","Perfected Strike"],"picked":"Rupture+1","floor":35},{"not_picked":["Sadistic Nature","Deep Breath"],"picked":"Chrysalis","floor":36},{"not_picked":["Thunderclap+1","Twin Strike"],"picked":"Shrug It Off","floor":37},{"not_picked":["Warcry","Headbutt"],"picked":"Sever Soul+1","floor":38}],"player_experience":509208,"relics_obtained":[{"floor":6,"key":"Meat on the Bone"},{"floor":9,"key":"Tiny Chest"},{"floor":11,"key":"Strawberry"},{"floor":12,"key":"Odd Mushroom"},{"floor":20,"key":"Blue Candle"},{"floor":23,"key":"MawBank"},{"floor":25,"key":"Lizard Tail"},{"floor":26,"key":"Happy Flower"},{"floor":30,"key":"Incense Burner"}],"event_choices":[{"damage_healed":0,"gold_gain":75,"player_choice":"Gather Gold","damage_taken":11,"max_hp_gain":0,"max_hp_loss":0,"event_name":"World of Goop","floor":3,"gold_loss":0},{"damage_healed":0,"gold_gain":0,"player_choice":"Fought Mushrooms","damage_taken":0,"max_hp_gain":0,"max_hp_loss":0,"event_name":"Mushrooms","floor":12,"gold_loss":0},{"damage_healed":0,"gold_gain":30,"player_choice":"Searched \u00272\u0027 times","damage_taken":0,"relics_obtained":["Vajra"],"max_hp_gain":0,"max_hp_loss":0,"event_name":"Dead Adventurer","floor":14,"gold_loss":0},{"damage_healed":0,"gold_gain":0,"player_choice":"Became a vampire","damage_taken":0,"max_hp_gain":0,"max_hp_loss":27,"event_name":"Vampires","floor":28,"gold_loss":0,"cards_obtained":["Bite","Bite","Bite","Bite","Bite"]},{"damage_healed":0,"gold_gain":0,"player_choice":"Memory 1","damage_taken":0,"max_hp_gain":0,"max_hp_loss":0,"event_name":"SensoryStone","floor":36,"gold_loss":0}],"is_beta":false,"boss_relics":[{"not_picked":["Ectoplasm","Runic Cube"],"picked":"Velvet Choker"},{"not_picked":["Busted Crown","SacredBark"],"picked":"Black Blood"}],"items_purged_floors":[],"is_endless":false,"potions_floor_spawned":[1,6,8,11,12,21,22,25,29,31,37,38],"killed_by":"Spire Growth","ascension_level":8}}