{"host":"3a5itcmwo6ddh3id","time":1614272725,"event":{"mods":["BaseMod","Colored Map","Colored Powertips","Minty Spire (QoL Compilation)","Relic Stats"],"gold_per_floor":[113,123,139,139,154,154,183,199,224,257,276,276,351,381,381,460,460,470,470,32,42,55,82,82,82,109,134,146,172,9,24,24,96,96,115,115,140,157,157,157,190,209,291,80,126,28,43,53,53,53,53,53,53,13,13,13],"floor_reached":55,"language":"ENG","playtime":4885,"items_purged":["Decay"],"score":2129,"play_id":"882b4f46-21e9-4223-a0a8-ab247dd6b7bf","local_time":"20210225110525","is_ascension_mode":true,"campfire_choices":[{"data":"Defragment","floor":6.0,"key":"SMITH"},{"data":"Buffer","floor":15.0,"key":"SMITH"},{"data":"Seek","floor":25.0,"key":"SMITH"},{"data":"Loop","floor":32.0,"key":"SMITH"},{"data":"Defragment","floor":40.0,"key":"SMITH"},{"floor":49.0,"key":"RECALL"},{"data":"Capacitor","floor":53.0,"key":"SMITH"}],"circlet_count":0,"master_deck":["AscendersBane","Zap","Dualcast","Buffer+1","Defragment+1","Leap","Coolheaded","Loop+1","Ball Lightning","Steam","Genetic Algorithm","Cold Snap","Defragment+1","Seek+1","Chill","Consume","Rainbow","Reinforced Body","Static Discharge","Chaos","Fusion","Hologram","Skim+1","Stack+1","Compile Driver","Hologram","Ball Lightning","Defragment+1","Auto Shields","Barrage+1","RitualDagger","Turbo","Force Field","Undo","Seek","Core Surge","Meteor Strike","Heatsinks","Master of Strategy","Blind","Good Instincts","Echo Form","Capacitor+1"],"relics":["Cracked Core","Art of War","Akabeko","Lantern","Vajra","Pandora\u0027s Box","GremlinMask","Orrery","Shuriken","Sundial","PreservedInsect","Potion Belt","Eternal Feather","Blood Vial","Cursed Key","Bird Faced Urn","Singing Bowl","Membership Card","Gambling Chip","OrangePellets"],"acts_visited":["Exordium","TheCity","TheBeyond","TheEnding"],"potions_floor_usage":[55],"damage_taken":[{"damage":7.0,"enemies":"Jaw Worm","floor":1.0,"turns":4.0},{"damage":1.0,"enemies":"Cultist","floor":2.0,"turns":4.0},{"damage":7.0,"enemies":"Small Slimes","floor":3.0,"turns":4.0},{"damage":1.0,"enemies":"Blue Slaver","floor":5.0,"turns":5.0},{"damage":2.0,"enemies":"Lagavulin","floor":7.0,"turns":8.0},{"damage":16.0,"enemies":"3 Louse","floor":8.0,"turns":4.0},{"damage":0.0,"enemies":"Gremlin Nob","floor":10.0,"turns":4.0},{"damage":14.0,"enemies":"Gremlin Gang","floor":11.0,"turns":5.0},{"damage":0.0,"enemies":"Lagavulin","floor":14.0,"turns":6.0},{"damage":0.0,"enemies":"The Guardian","floor":16.0,"turns":11.0},{"damage":0.0,"enemies":"Shell Parasite","floor":18.0,"turns":5.0},{"damage":0.0,"enemies":"Spheric Guardian","floor":21.0,"turns":5.0},{"damage":8.0,"enemies":"Centurion and Healer","floor":22.0,"turns":6.0},{"damage":8.0,"enemies":"Book of Stabbing","floor":23.0,"turns":7.0},{"damage":19.0,"enemies":"Gremlin Leader","floor":27.0,"turns":8.0},{"damage":0.0,"enemies":"Shelled Parasite and Fungi","floor":28.0,"turns":9.0},{"damage":7.0,"enemies":"Book of Stabbing","floor":29.0,"turns":5.0},{"damage":0.0,"enemies":"Snecko","floor":31.0,"turns":7.0},{"damage":12.0,"enemies":"Champ","floor":33.0,"turns":21.0},{"damage":1.0,"enemies":"Orb Walker","floor":35.0,"turns":4.0},{"damage":0.0,"enemies":"Mind Bloom Boss Battle","floor":37.0,"turns":10.0},{"damage":0.0,"enemies":"3 Shapes","floor":38.0,"turns":5.0},{"damage":46.0,"enemies":"Reptomancer","floor":41.0,"turns":11.0},{"damage":8.0,"enemies":"Jaw Worm Horde","floor":42.0,"turns":12.0},{"damage":17.0,"enemies":"2 Orb Walkers","floor":45.0,"turns":6.0},{"damage":22.0,"enemies":"Writhing Mass","floor":47.0,"turns":5.0},{"damage":0.0,"enemies":"Sphere and 2 Shapes","floor":48.0,"turns":5.0},{"damage":14.0,"enemies":"Time Eater","floor":50.0,"turns":16.0},{"damage":75.0,"enemies":"Awakened One","floor":51.0,"turns":15.0},{"damage":85,"enemies":"Shield and Spear","floor":55,"turns":8}],"seed_played":"5891022472738969409","potions_obtained":[{"floor":1.0,"key":"SpeedPotion"},{"floor":3.0,"key":"SpeedPotion"},{"floor":11.0,"key":"GamblersBrew"},{"floor":14.0,"key":"Energy Potion"},{"floor":18.0,"key":"PotionOfCapacity"},{"floor":31.0,"key":"BlessingOfTheForge"},{"floor":35.0,"key":"SkillPotion"},{"floor":37.0,"key":"SpeedPotion"},{"floor":42.0,"key":"Weak Potion"},{"floor":45.0,"key":"Swift Potion"}],"is_trial":false,"path_per_floor":["M","M","M","?","M","R","E","M","T","E","M","?","?","E","R","B",null,"M","?","$","M","M","E","?","R","T","E","M","E","$","M","R","B",null,"M","?","?","M","?","R","E","M","T","$","?","$","M","M","R","B","B",null,"R","$","E"],"character_chosen":"DEFECT","items_purchased":["Orrery","Shuriken","Blood Vial","Membership Card","Capacitor","OrangePellets","PotionOfCapacity"],"campfire_rested":0,"item_purchase_floors":[20,20,30,44,46,46,54],"current_hp_per_floor":[57,56,49,71,70,70,68,52,52,52,38,31,20,20,20,20,58,58,58,58,58,50,42,36,36,36,17,17,10,10,12,33,23,59,60,60,62,67,57,67,31,51,51,51,60,60,64,75,75,75,22,62,75,75,0,0],"gold":13,"neow_bonus":"ONE_RANDOM_RARE_CARD","is_daily":false,"chose_seed":false,"campfire_upgraded":6,"win_rate":0.0,"timestamp":1614272725,"path_taken":["M","M","M","?","?","R","E","M","T","E","M","?","?","E","R","BOSS","M","?","$","?","M","E","?","R","T","E","M","E","$","M","R","BOSS","M","?","?","M","?","R","E","M","T","$","?","?","M","?","R","BOSS","BOSS","R","$","E"],"items_purchased_type":["Relic","Relic","Relic","Relic","Card","Relic","Potion"],"build_version":"2020-12-22","purchased_purges":1,"victory":false,"max_hp_per_floor":[71,71,71,71,71,71,71,71,71,71,71,71,71,71,71,71,71,71,71,71,71,71,71,71,71,71,71,71,71,71,71,71,71,71,71,67,67,67,67,67,67,69,69,69,71,71,73,75,75,75,75,75,75,75,75,75],"relic_stats":{"Singing Bowl":8,"counters":[30,224],"Eternal Feather":44,"PreservedInsect":231,"Cursed Key":1,"Blood Vial":18,"OrangePellets":[5],"Shuriken":[8],"Sundial":[14],"Bird Faced Urn":[134],"Gambling Chip":[15],"Pandora\u0027s Box":["Chill","Consume","Rainbow","Reinforced Body","Static Discharge","Chaos","Fusion"],"Art of War":[84],"obtain_stats":[{"Potion Belt":27,"Lantern":10,"Singing Bowl":41,"Vajra":14,"GremlinMask":19,"Eternal Feather":29,"PreservedInsect":26,"Cursed Key":34,"Akabeko":9,"Blood Vial":30,"OrangePellets":46,"Shuriken":20,"Sundial":23,"Bird Faced Urn":37,"Gambling Chip":45,"Orrery":20,"Pandora\u0027s Box":17,"Art of War":7,"Membership Card":44,"Cracked Core":0},{"Potion Belt":15,"Lantern":7,"Singing Bowl":23,"Vajra":9,"GremlinMask":11,"Eternal Feather":17,"PreservedInsect":14,"Cursed Key":19,"Akabeko":6,"Blood Vial":17,"OrangePellets":25,"Shuriken":11,"Sundial":14,"Bird Faced Urn":21,"Gambling Chip":25,"Orrery":11,"Pandora\u0027s Box":10,"Art of War":5,"Membership Card":24,"Cracked Core":0},{"Potion Belt":86,"Lantern":33,"Singing Bowl":158,"Vajra":44,"GremlinMask":60,"Eternal Feather":100,"PreservedInsect":78,"Cursed Key":128,"Akabeko":29,"Blood Vial":100,"OrangePellets":176,"Shuriken":60,"Sundial":78,"Bird Faced Urn":142,"Gambling Chip":176,"Orrery":60,"Pandora\u0027s Box":55,"Art of War":25,"Membership Card":170,"Cracked Core":0}]},"card_choices":[{"not_picked":["Stack","Glacier"],"picked":"Defragment","floor":1.0},{"not_picked":["Beam Cell","Scrape"],"picked":"Leap","floor":2.0},{"not_picked":["Steam","Heatsinks"],"picked":"Coolheaded","floor":3.0},{"not_picked":["Steam","Genetic Algorithm"],"picked":"Loop","floor":5.0},{"not_picked":["Doom and Gloom","Lockon"],"picked":"Ball Lightning","floor":7.0},{"not_picked":["Leap","Turbo"],"picked":"Steam","floor":8.0},{"not_picked":["Chill","Sunder"],"picked":"Genetic Algorithm","floor":10.0},{"not_picked":["Thunder Strike","Compile Driver"],"picked":"Cold Snap","floor":11.0},{"not_picked":["Redo","Heatsinks"],"picked":"Defragment","floor":14.0},{"not_picked":["Thunder Strike","Amplify"],"picked":"Seek","floor":16.0},{"not_picked":["Chaos","White Noise"],"picked":"Hologram","floor":18.0},{"not_picked":["Melter","Hello World"],"picked":"Skim+1","floor":20.0},{"not_picked":["White Noise","Barrage"],"picked":"Stack+1","floor":20.0},{"not_picked":["Darkness","Stack"],"picked":"Compile Driver","floor":20.0},{"not_picked":["Skim","Sweeping Beam"],"picked":"Hologram","floor":20.0},{"not_picked":["Darkness","Sunder"],"picked":"Ball Lightning","floor":20.0},{"not_picked":["Rainbow","Hologram+1"],"picked":"Defragment+1","floor":21.0},{"not_picked":["Aggregate","Beam Cell"],"picked":"Auto Shields","floor":22.0},{"not_picked":["Auto Shields","Cold Snap"],"picked":"Barrage+1","floor":23.0},{"not_picked":["Hologram","Stack"],"picked":"Turbo","floor":27.0},{"not_picked":["Chaos","Undo"],"picked":"Force Field","floor":28.0},{"not_picked":["Conserve Battery","Rebound"],"picked":"Undo","floor":29.0},{"not_picked":["Stack","Cold Snap"],"picked":"Seek","floor":31.0},{"not_picked":["Machine Learning","Multi-Cast"],"picked":"Core Surge","floor":33.0},{"not_picked":["Ball Lightning+1","Melter+1","Sweeping Beam"],"picked":"SKIP","floor":35.0},{"not_picked":["Compile Driver","Conserve Battery"],"picked":"Meteor Strike","floor":37.0},{"not_picked":["White Noise","Turbo"],"picked":"Heatsinks","floor":38.0},{"not_picked":["Dramatic Entrance","Thinking Ahead"],"picked":"Master of Strategy","floor":39.0},{"not_picked":["Flash of Steel","Trip"],"picked":"Blind","floor":39.0},{"not_picked":["Mayhem","Secret Weapon"],"picked":"Good Instincts","floor":39.0},{"not_picked":["Hologram","Streamline"],"picked":"Echo Form","floor":41.0},{"not_picked":["Redo","Beam Cell","Tempest"],"picked":"Singing Bowl","floor":42.0},{"not_picked":["White Noise+1","Steam","Steam Power+1"],"picked":"Singing Bowl","floor":45.0},{"not_picked":["Beam Cell","Undo+1","Cold Snap"],"picked":"Singing Bowl","floor":47.0},{"not_picked":["Doom and Gloom","Steam Power","Steam"],"picked":"Singing Bowl","floor":48.0}],"player_experience":1141379,"relics_obtained":[{"floor":7.0,"key":"Art of War"},{"floor":9.0,"key":"Akabeko"},{"floor":10.0,"key":"Lantern"},{"floor":14.0,"key":"Vajra"},{"floor":23.0,"key":"Sundial"},{"floor":26.0,"key":"PreservedInsect"},{"floor":27.0,"key":"Potion Belt"},{"floor":29.0,"key":"Eternal Feather"},{"floor":37.0,"key":"Bird Faced Urn"},{"floor":41.0,"key":"Singing Bowl"},{"floor":45.0,"key":"Gambling Chip"}],"event_choices":[{"damage_healed":22.0,"max_hp_gain":0.0,"max_hp_loss":0.0,"gold_gain":0.0,"event_name":"Wheel of Change","player_choice":"Full Heal","floor":4.0,"gold_loss":0.0,"damage_taken":0.0},{"cards_removed":["Strike_B"],"damage_healed":0.0,"max_hp_gain":0.0,"max_hp_loss":0.0,"gold_gain":0.0,"event_name":"Golden Wing","player_choice":"Card Removal","floor":12.0,"gold_loss":0.0,"damage_taken":7.0},{"damage_healed":0.0,"max_hp_gain":0.0,"max_hp_loss":0.0,"gold_gain":75.0,"event_name":"World of Goop","player_choice":"Gather Gold","floor":13.0,"gold_loss":0.0,"damage_taken":11.0},{"damage_healed":0.0,"max_hp_gain":0.0,"max_hp_loss":0.0,"gold_gain":0.0,"event_name":"FaceTrader","player_choice":"Trade","floor":19.0,"gold_loss":0.0,"damage_taken":0.0,"relics_obtained":["GremlinMask"]},{"damage_healed":0.0,"max_hp_gain":0.0,"max_hp_loss":0.0,"gold_gain":0.0,"event_name":"Nest","player_choice":"Joined the Cult","floor":24.0,"gold_loss":0.0,"damage_taken":6.0,"cards_obtained":["RitualDagger"]},{"damage_healed":0.0,"max_hp_gain":0.0,"max_hp_loss":4.0,"gold_gain":0.0,"event_name":"Winding Halls","player_choice":"Max HP","floor":36.0,"gold_loss":0.0,"damage_taken":0.0},{"damage_healed":0.0,"max_hp_gain":0.0,"max_hp_loss":0.0,"gold_gain":0.0,"event_name":"MindBloom","player_choice":"Fight","floor":37.0,"gold_loss":0.0,"damage_taken":0.0},{"damage_healed":0.0,"max_hp_gain":0.0,"max_hp_loss":0.0,"gold_gain":0.0,"event_name":"SensoryStone","player_choice":"Memory 3","floor":39.0,"gold_loss":0.0,"damage_taken":10.0},{"damage_healed":0.0,"max_hp_gain":0.0,"max_hp_loss":0.0,"gold_gain":0.0,"event_name":"Mysterious Sphere","player_choice":"Fight","floor":45.0,"gold_loss":0.0,"damage_taken":0.0}],"is_beta":false,"boss_relics":[{"not_picked":["Ectoplasm","Nuclear Battery"],"picked":"Pandora\u0027s Box"},{"not_picked":["SacredBark","Astrolabe"],"picked":"Cursed Key"}],"items_purged_floors":[44],"is_endless":false,"potions_floor_spawned":[1,3,11,14,18,23,31,35,37,42,45],"killed_by":"Shield and Spear","ascension_level":20}}