{"host":"3mt4w4o4jnuk8q1t","time":1614256505,"event":{"mods":["Act Like it!","BaseMod","Colored Map","Colored Powertips","Decade(王小明)","Gensokyo","GungeonMod","Hermit","Jedi Mod","Marisa（F雨　魔理沙）","Minty Spire (QoL Compilation)","Red Circlet Mod","Reimu（博丽灵梦）","Remilia（蕾米莉亚）","Replay The Spire","Robot Space Explorer","RumiaBox-露米娅的神秘盒子","Shop Mod","Spicy Shops","StSLib","TestMod","The Jungle","Waifu the Spire","Yakumo Yukari mod","Youmu（魂魄妖梦）","[IsaacMod]以撒尖塔","【功能Mod】混沌之环修复补丁","【功能Mod】聪明的最终Boss"],"gold_per_floor":[116,116,116,135,159,193,213,213,213,213,69,81,113,144,144,247,297,297,314,333,141,154,184,203,203,203,280,261,276,74,88,88,88,88],"floor_reached":33,"language":"ZHS","playtime":3311,"items_purged":["HumanGodSword","TenKingsRetributionOnThePreta"],"score":725,"play_id":"c1f72635-0628-4d3b-b8b5-9939bd3b0081","local_time":"20210225203505","daily_mods":["SealedDeck","DeadlyEvents"],"is_ascension_mode":true,"campfire_choices":[{"data":"TurningAngelCut","floor":8,"key":"SMITH"},{"data":"VoidnessSword","floor":10,"key":"SMITH"},{"data":"EchoesOfTheInclemencyOfAllBeings","floor":15,"key":"SMITH"},{"data":"FantasyOfEnteringEnlightenment","floor":25,"key":"SMITH"}],"circlet_count":0,"master_deck":["BloodyBrimstone","DispleasureOfTheSevenHakus","SlashOfMeditation","FlashingScatteredFlowers","ThoughtCuttingSword","PreachingAvici","HumanRealmSword","DoubleWheelOfPain","SlashOfDelusionalInnerEye","FiveSignsOfTheDyingDeva","HiganSword+1","LotusPostureSlash","SlashOfMeditation","EchoesOfTheInclemencyOfAllBeings+1","ObsessionSword","TurningAngelCut+1","VoidnessSword+1","HumanGodSword","CherryBlossomSword","TurningAngelCut+1","LotusPostureSlash+1","SuddenPhantomFormationSlashOfKarmicWind","FiveSignsOfTheDyingDeva+1","FantasyOfEnteringEnlightenment+1","LotusPostureSlash","Spreading Infection","LifeCuttingSword"],"relics":["HalfPhantom","replay:Trail_Library","HushsDoor","testmod-TestBox","testmod-Faith","DeadEye","Gensokyo:Mercy","Baka2","MealTicket","testmod-AssaultLearning","Turnip","MerchantsRug","Pet Ghost","AnarchistCookbook","GodSword3","Tiny House","Diplopia","Oddly Smooth Stone","GodSword6","Pen Nib","Onion Ring","testmod-TurbochargingSystem","Roukanken","ReplayTheSpireMod:CursedCoin","GodSword5"],"acts_visited":["Exordium","Gensokyo:Gensokyo"],"potions_floor_usage":[7,17,28,29,29],"damage_taken":[{"damage":3,"enemies":"Gensokyo:2_Kodama","floor":1,"turns":2},{"damage":0,"enemies":"Gensokyo:Gryphon","floor":4,"turns":1},{"damage":0,"enemies":"Gensokyo:Aya","floor":6,"turns":2},{"damage":0,"enemies":"Gensokyo:Python","floor":7,"turns":3},{"damage":0,"enemies":"Gensokyo:VengefulSpirit","floor":12,"turns":2},{"damage":0,"enemies":"Gensokyo:Mamizou","floor":13,"turns":2},{"damage":0,"enemies":"Gensokyo:Aya","floor":14,"turns":2},{"damage":0,"enemies":"Gensokyo:Yukari","floor":16,"turns":5},{"damage":5,"enemies":"Gensokyo:AngelMirror","floor":19,"turns":1},{"damage":0,"enemies":"Gensokyo:2_Gloops","floor":20,"turns":2},{"damage":14,"enemies":"Gensokyo:Mirror_and_Dog","floor":22,"turns":4},{"damage":0,"enemies":"Gensokyo:Koishi","floor":23,"turns":4},{"damage":0,"enemies":"Gensokyo:Tenshi","floor":24,"turns":2},{"damage":0,"enemies":"Gensokyo:Reisen","floor":28,"turns":3},{"damage":15,"enemies":"Gensokyo:Slime_Group","floor":29,"turns":2},{"damage":30,"enemies":"Gensokyo:Swordslinger","floor":31,"turns":2},{"damage":9,"enemies":"Gensokyo:Kaguya","floor":33,"turns":8}],"seed_played":"7606419314676329755","potions_obtained":[{"floor":4,"key":"FearPotion"},{"floor":6,"key":"Block Potion"},{"floor":16,"key":"PhantomPosion"},{"floor":17,"key":"jedi:mysterypotion"},{"floor":22,"key":"jedi:StrikingPotion"},{"floor":28,"key":"Strength Potion"},{"floor":29,"key":"testmod-SpacePotion"}],"is_trial":true,"path_per_floor":["M","?","?","M","T","E","M","R","T","R","$","M","E","E","R_BF","B",null,"T","M","M","$","M","E","E","R","T","T","E","M","$","M","R_BF","B"],"character_chosen":"YOUMU","items_purchased":["MerchantsRug","HumanGodSword","Pet Ghost","SuddenPhantomFormationSlashOfKarmicWind","Roukanken","ReplayTheSpireMod:CursedCoin","GodSword5"],"campfire_rested":0,"item_purchase_floors":[11,11,11,21,30,30,30],"current_hp_per_floor":[72,72,72,72,72,72,72,72,72,72,75,75,75,75,75,75,80,80,75,75,80,77,77,77,77,77,77,77,62,77,47,47,38,38],"gold":88,"neow_bonus":"","is_daily":false,"chose_seed":false,"campfire_upgraded":4,"win_rate":0.0,"timestamp":1614256505,"path_taken":["M","?","?","?","?","E","M","R","T","R","$","M","E","?","R_BF","BOSS","?","M","?","$","?","E","?","R","T","?","E","M","$","M","R_BF","BOSS"],"items_purchased_type":["Relic","Card","Relic","Card","Relic","Relic","Relic"],"build_version":"2020-12-22","purchased_purges":2,"victory":false,"max_hp_per_floor":[75,75,75,75,75,75,75,75,75,75,75,75,75,75,75,75,80,80,80,80,80,77,77,77,77,77,77,77,77,77,77,77,77,77],"card_choices":[{"not_picked":[],"picked":"BloodyBrimstone","floor":0},{"not_picked":["SlashOfMeditation","CherryBlossomFlashing"],"picked":"HiganSword","floor":1},{"not_picked":["GhostSword","SlashOfAscensionToBuddhahood"],"picked":"LotusPostureSlash","floor":4},{"not_picked":["SanzenSekai","ConstancyOfTheConventionalTruth"],"picked":"EchoesOfTheInclemencyOfAllBeings","floor":6},{"not_picked":["LowerRealmReflectionSlash","LifeCuttingSword"],"picked":"ObsessionSword","floor":7},{"not_picked":["HellFireSword","PhosphoricSlash","DoubleWheelOfPain"],"picked":"SKIP","floor":12},{"not_picked":["TransmigrationSlash","TwoHundredYojanaInOneSlash","CherryBlossomFlashing"],"picked":"SKIP","floor":12},{"not_picked":["CrescentMoonSlash","LowerRealmReflectionSlash","FlashingScatteredFlowers"],"picked":"SKIP","floor":12},{"not_picked":["SpiritCuttingSword","PhosphoricSlash","LowerRealmReflectionSlash"],"picked":"SKIP","floor":12},{"not_picked":["DoubleWheelOfPain","SlashOfDelusionalInnerEye","SwordExtraction"],"picked":"SKIP","floor":13},{"not_picked":["HumanRealmSword","HellRealmSword","SwordExtraction"],"picked":"SKIP","floor":14},{"not_picked":["ASingleThoughtAndInfiniteKalpas","MatsuyoiReflectingSatelliteSlash"],"picked":"CherryBlossomSword","floor":16},{"not_picked":["SlashOfDepartureFromHesitation","BizarrenessOfSixRealms"],"picked":"TurningAngelCut+1","floor":19},{"not_picked":["DoubleWheelOfPain","SpiritCuttingSword+1"],"picked":"LotusPostureSlash+1","floor":20},{"not_picked":["DispleasureOfTheSevenHakus","LifeCuttingSword","PhosphoricSlash+1"],"picked":"SKIP","floor":22},{"not_picked":["ObsessionSword+1","ConstancyOfTheConventionalTruth+1"],"picked":"FiveSignsOfTheDyingDeva+1","floor":23},{"not_picked":["HeavenlyHaloSlash","VoidnessSword"],"picked":"FantasyOfEnteringEnlightenment","floor":24},{"not_picked":["SwordOfBindingDesires","TwoHundredYojanaInOneSlash+1","ConstancyOfTheConventionalTruth"],"picked":"SKIP","floor":28},{"not_picked":["DispleasureOfTheSevenHakus","CherryBlossomFlashing","SwordExtraction"],"picked":"SKIP","floor":29},{"not_picked":["DispleasureOfTheSevenHakus","EchoesOfTheInclemencyOfAllBeings","LifeCuttingSword"],"picked":"SKIP","floor":31}],"player_experience":240289,"relics_obtained":[{"floor":1,"key":"Baka"},{"floor":4,"key":"Baka2"},{"floor":5,"key":"MealTicket"},{"floor":6,"key":"testmod-AssaultLearning"},{"floor":9,"key":"Turnip"},{"floor":13,"key":"AnarchistCookbook"},{"floor":14,"key":"GodSword3"},{"floor":18,"key":"Diplopia"},{"floor":23,"key":"Oddly Smooth Stone"},{"floor":24,"key":"GodSword6"},{"floor":26,"key":"Pen Nib"},{"floor":27,"key":"Onion Ring"},{"floor":28,"key":"testmod-TurbochargingSystem"}],"event_choices":[],"is_beta":false,"boss_relics":[{"not_picked":["ChewingGum","testmod-IncinerationGenerator"],"picked":"Tiny House"},{"not_picked":[]}],"items_purged_floors":[21,30],"is_endless":false,"potions_floor_spawned":[4,6,16,22,23,28,29],"killed_by":"Gensokyo:Kaguya","ascension_level":1}}