{"host":"6r762osam2bvfm66","time":1614279127,"event":{"mods":["AchievementEnabler","BaseMod","Colored Map","Highlight Path","Minty Spire (QoL Compilation)","Relic Stats","ojb\u0027s Info Mod"],"gold_per_floor":[118,134,134,134,18,18,49,49,49,67,97,117,133,163,163,268,268,284,304,304,319,53,53,73,86,166,166,166,181,206,206,206,206,206],"floor_reached":33,"language":"ENG","playtime":2655,"items_purged":["Strike_B"],"score":387,"play_id":"05693cd7-36fd-48de-a691-589a9e6836ed","local_time":"20210225125207","is_ascension_mode":true,"campfire_choices":[{"data":"Biased Cognition","floor":6,"key":"SMITH"},{"floor":15,"key":"REST"},{"data":"Echo Form","floor":23,"key":"SMITH"},{"data":"Tempest","floor":27,"key":"SMITH"},{"data":"Hologram","floor":32,"key":"SMITH"}],"circlet_count":0,"master_deck":["Strike_B","Strike_B","Strike_B","Defend_B","Defend_B","Defend_B","Defend_B","Zap","Dualcast+1","Ball Lightning","Conserve Battery+1","Biased Cognition+1","Hologram+1","Tempest+1","Hello World","Sweeping Beam","Cold Snap","Echo Form+1","Coolheaded","Auto Shields","Self Repair","Rainbow","Consume+1","Capacitor","Auto Shields","Aggregate+1","Writhe"],"relics":["Inserter","The Courier","Orrery","Matryoshka","White Beast Statue","Kunai","MealTicket","Mummified Hand","Busted Crown","Bottled Tornado","Toy Ornithopter","Sundial","CultistMask","Nunchaku","Blood Vial"],"acts_visited":["Exordium","TheCity"],"potions_floor_usage":[7,11,12,14,21,30,30],"damage_taken":[{"damage":3,"enemies":"Jaw Worm","floor":1,"turns":6},{"damage":0,"enemies":"2 Louse","floor":2,"turns":2},{"damage":16,"enemies":"Gremlin Nob","floor":7,"turns":4},{"damage":8,"enemies":"Small Slimes","floor":10,"turns":2},{"damage":23,"enemies":"3 Sentries","floor":11,"turns":6},{"damage":4,"enemies":"2 Fungi Beasts","floor":12,"turns":4},{"damage":9,"enemies":"Red Slaver","floor":13,"turns":5},{"damage":16,"enemies":"Gremlin Nob","floor":14,"turns":3},{"damage":17,"enemies":"Hexaghost","floor":16,"turns":8},{"damage":3,"enemies":"Shell Parasite","floor":18,"turns":3},{"damage":0,"enemies":"Spheric Guardian","floor":19,"turns":4},{"damage":0,"enemies":"Cultist and Chosen","floor":21,"turns":5},{"damage":0,"enemies":"3 Cultists","floor":24,"turns":4},{"damage":13,"enemies":"Chosen and Byrds","floor":25,"turns":4},{"damage":22,"enemies":"Centurion and Healer","floor":29,"turns":7},{"damage":44,"enemies":"Gremlin Leader","floor":30,"turns":4},{"damage":62,"enemies":"Champ","floor":33,"turns":6}],"seed_played":"-5364567840544063163","potions_obtained":[{"floor":2,"key":"GamblersBrew"},{"floor":7,"key":"EssenceOfSteel"},{"floor":10,"key":"FairyPotion"},{"floor":11,"key":"ColorlessPotion"},{"floor":12,"key":"Explosive Potion"},{"floor":13,"key":"Regen Potion"},{"floor":14,"key":"FocusPotion"},{"floor":16,"key":"PotionOfCapacity"},{"floor":18,"key":"Weak Potion"},{"floor":19,"key":"Block Potion"},{"floor":21,"key":"SteroidPotion"},{"floor":25,"key":"FairyPotion"},{"floor":29,"key":"SkillPotion"},{"floor":30,"key":"FearPotion"}],"is_trial":false,"path_per_floor":["M","M","?","?","$","R","E","?","T","M","E","M","M","E","R","B",null,"M","M","?","M","$","R","M","M","T","R","?","M","E","?","R","B"],"character_chosen":"DEFECT","items_purchased":["Orrery","Bottled Tornado"],"campfire_rested":1,"item_purchase_floors":[5,22],"current_hp_per_floor":[65,65,65,50,50,50,34,34,34,26,3,22,13,6,28,25,63,67,67,67,74,75,75,75,62,62,62,62,47,20,20,20,0,0],"gold":206,"neow_bonus":"BOSS_RELIC","is_daily":false,"chose_seed":false,"campfire_upgraded":4,"win_rate":0.0,"timestamp":1614279127,"path_taken":["M","M","?","?","$","R","E","?","T","M","E","M","M","E","R","BOSS","M","M","?","M","$","R","M","M","T","R","?","?","E","?","R","BOSS"],"items_purchased_type":["Relic","Relic"],"build_version":"2020-12-22","purchased_purges":1,"victory":false,"max_hp_per_floor":[75,75,75,75,75,75,75,75,75,75,75,75,75,75,75,75,75,75,75,75,75,75,75,75,75,75,75,75,75,75,75,75,75,75],"relic_stats":{"Blood Vial":2,"Nunchaku":[0],"Inserter":[38],"Busted Crown":14,"counters":[17,77],"Mummified Hand":[36],"Sundial":[0],"MealTicket":1,"Kunai":[11],"obtain_stats":[{"Inserter":0,"The Courier":3,"Bottled Tornado":22,"White Beast Statue":9,"Blood Vial":31,"Nunchaku":30,"Matryoshka":7,"Busted Crown":17,"Mummified Hand":14,"Sundial":26,"Orrery":5,"MealTicket":11,"CultistMask":28,"Kunai":9,"Cracked Core":0,"Toy Ornithopter":26},{"Inserter":0,"The Courier":2,"Bottled Tornado":12,"White Beast Statue":3,"Blood Vial":16,"Nunchaku":16,"Matryoshka":3,"Busted Crown":9,"Mummified Hand":8,"Sundial":14,"Orrery":2,"MealTicket":5,"CultistMask":14,"Kunai":3,"Cracked Core":0,"Toy Ornithopter":14},{"Inserter":0,"The Courier":8,"Bottled Tornado":52,"White Beast Statue":12,"Blood Vial":71,"Nunchaku":71,"Matryoshka":12,"Busted Crown":40,"Mummified Hand":32,"Sundial":60,"Orrery":8,"MealTicket":20,"CultistMask":60,"Kunai":12,"Cracked Core":0,"Toy Ornithopter":60}],"Toy Ornithopter":10},"card_choices":[{"not_picked":["Streamline","Coolheaded"],"picked":"Ball Lightning","floor":1},{"not_picked":["Storm","Barrage"],"picked":"Conserve Battery","floor":2},{"not_picked":["Leap","Go for the Eyes"],"picked":"Biased Cognition","floor":5},{"not_picked":["Barrage","Conserve Battery"],"picked":"Hologram","floor":5},{"not_picked":["Turbo","Conserve Battery"],"picked":"Tempest","floor":5},{"not_picked":["Redo","Aggregate"],"picked":"Hello World","floor":5},{"not_picked":["Rebound","Beam Cell"],"picked":"Sweeping Beam","floor":5},{"not_picked":["Hologram","Sweeping Beam"],"picked":"Cold Snap","floor":7},{"not_picked":["Barrage","Beam Cell"],"picked":"Echo Form","floor":10},{"not_picked":["Double Energy","Sweeping Beam","White Noise"],"picked":"SKIP","floor":11},{"not_picked":["Hologram","Barrage"],"picked":"Coolheaded","floor":12},{"not_picked":["Storm","Coolheaded"],"picked":"Auto Shields","floor":13},{"not_picked":["Rainbow","Barrage"],"picked":"Self Repair","floor":14},{"not_picked":["Meteor Strike","Hyperbeam"],"picked":"Rainbow","floor":16},{"not_picked":[],"picked":"Consume+1","floor":18},{"not_picked":["Ball Lightning"],"picked":"SKIP","floor":19},{"not_picked":["Reprogram+1"],"picked":"SKIP","floor":21},{"not_picked":["Turbo"],"picked":"SKIP","floor":24},{"not_picked":[],"picked":"Auto Shields","floor":25},{"not_picked":["Beam Cell"],"picked":"SKIP","floor":29},{"not_picked":[],"picked":"Aggregate+1","floor":30}],"player_experience":143229,"relics_obtained":[{"floor":7,"key":"Matryoshka"},{"floor":9,"key":"White Beast Statue"},{"floor":9,"key":"Kunai"},{"floor":11,"key":"MealTicket"},{"floor":14,"key":"Mummified Hand"},{"floor":26,"key":"Toy Ornithopter"},{"floor":26,"key":"Sundial"},{"floor":30,"key":"Nunchaku"}],"event_choices":[{"damage_healed":0,"gold_gain":0,"player_choice":"Box","damage_taken":0,"relics_obtained":["The Courier"],"max_hp_gain":0,"max_hp_loss":0,"event_name":"Big Fish","floor":3,"gold_loss":0,"cards_obtained":["Regret"]},{"damage_healed":0,"gold_gain":0,"player_choice":"Entered Light","damage_taken":15,"max_hp_gain":0,"max_hp_loss":0,"event_name":"Shining Light","floor":4,"gold_loss":0,"cards_upgraded":["Dualcast","Conserve Battery"]},{"cards_removed":["Regret"],"damage_healed":0,"gold_gain":0,"player_choice":"Forget","damage_taken":0,"max_hp_gain":0,"max_hp_loss":0,"event_name":"Living Wall","floor":8,"gold_loss":0},{"damage_healed":0,"gold_gain":0,"player_choice":"Read","damage_taken":0,"max_hp_gain":0,"max_hp_loss":0,"event_name":"The Library","floor":20,"gold_loss":0,"cards_obtained":["Capacitor"]},{"damage_healed":0,"gold_gain":0,"player_choice":"Trade","damage_taken":0,"relics_obtained":["CultistMask"],"max_hp_gain":0,"max_hp_loss":0,"event_name":"FaceTrader","floor":28,"gold_loss":0},{"damage_healed":0,"gold_gain":0,"player_choice":"Opened","damage_taken":0,"relics_obtained":["Blood Vial"],"max_hp_gain":0,"max_hp_loss":0,"event_name":"The Mausoleum","floor":31,"gold_loss":0,"cards_obtained":["Writhe"]}],"is_beta":false,"boss_relics":[{"not_picked":["Empty Cage","Black Star"],"picked":"Busted Crown"}],"items_purged_floors":[22],"is_endless":false,"potions_floor_spawned":[2,7,10,11,12,13,14,16,18,19,21,24,25,29,30],"killed_by":"Champ","ascension_level":7}}