{"host":"gjbmv0wqve0qfw94","time":1614291656,"event":{"mods":["BaseMod","Colored Map","Colored Powertips","DeckTracker","Googly Eyes","Minty Spire (QoL Compilation)","StSLib"],"gold_per_floor":[119,136,136,153,172,172,207,207,234,254,254,272,300,89,89,163,163,183,22,22,22,35,69,69,102,102,102,116,116,149,161,161,236,236,249,301,301,314,50,77,77,106,106,139,159,159,169,195,195,195,195],"floor_reached":52,"language":"ENG","playtime":2198,"items_purged":["Strike_B","Cold Snap"],"score":2101,"play_id":"cebe651d-b07d-4583-979f-9dbe06e6b908","local_time":"20210225232056","is_ascension_mode":true,"campfire_choices":[{"data":"Seek","floor":6,"key":"SMITH"},{"data":"Doom and Gloom","floor":8,"key":"SMITH"},{"floor":11,"key":"REST"},{"data":"Genetic Algorithm","floor":15,"key":"SMITH"},{"data":"Hologram","floor":24,"key":"SMITH"},{"floor":27,"key":"REST"},{"data":"Hologram","floor":29,"key":"SMITH"},{"floor":32,"key":"REST"},{"data":"Apotheosis","floor":41,"key":"SMITH"},{"floor":49,"key":"REST"}],"circlet_count":0,"master_deck":["AscendersBane","Zap","Dualcast","Gash","Beam Cell+1","FTL","Seek+1","Doom and Gloom+1","Gash","Genetic Algorithm+1","Hologram+1","Go for the Eyes","Conserve Battery","Reboot","FTL","Recycle+1","Sunder","Melter","Sunder","Auto Shields","All For One","All For One","Hologram+1","Seek","Apotheosis+1","PanicButton","Good Instincts","Gash","Reinforced Body+1","Parasite","Chaos+1"],"relics":["Cracked Core","MealTicket","Toy Ornithopter","Pandora\u0027s Box","Mercury Hourglass","Strawberry","Oddly Smooth Stone","Sundial","Cursed Key","Ginger","Centennial Puzzle","Letter Opener","Eternal Feather","Pear","Symbiotic Virus"],"acts_visited":["Exordium","TheCity","TheBeyond"],"potions_floor_usage":[12,16,16,23,33,36,47,51],"damage_taken":[{"damage":5,"enemies":"Small Slimes","floor":1,"turns":3},{"damage":0,"enemies":"Cultist","floor":2,"turns":3},{"damage":7,"enemies":"2 Louse","floor":4,"turns":3},{"damage":12,"enemies":"Looter","floor":5,"turns":3},{"damage":25,"enemies":"Lagavulin","floor":7,"turns":5},{"damage":0,"enemies":"Red Slaver","floor":10,"turns":3},{"damage":10,"enemies":"Gremlin Gang","floor":12,"turns":2},{"damage":30,"enemies":"3 Sentries","floor":13,"turns":7},{"damage":25,"enemies":"The Guardian","floor":16,"turns":10},{"damage":2,"enemies":"2 Thieves","floor":18,"turns":3},{"damage":0,"enemies":"Spheric Guardian","floor":22,"turns":1},{"damage":45,"enemies":"Slavers","floor":23,"turns":4},{"damage":18,"enemies":"Book of Stabbing","floor":25,"turns":4},{"damage":13,"enemies":"Centurion and Healer","floor":28,"turns":3},{"damage":17,"enemies":"Gremlin Leader","floor":30,"turns":4},{"damage":8,"enemies":"Chosen and Byrds","floor":31,"turns":4},{"damage":6,"enemies":"Champ","floor":33,"turns":6},{"damage":2,"enemies":"3 Darklings","floor":35,"turns":2},{"damage":0,"enemies":"2 Orb Walkers","floor":36,"turns":2},{"damage":0,"enemies":"Orb Walker","floor":38,"turns":3},{"damage":34,"enemies":"Nemesis","floor":40,"turns":5},{"damage":25,"enemies":"Reptomancer","floor":42,"turns":4},{"damage":13,"enemies":"Giant Head","floor":44,"turns":4},{"damage":0,"enemies":"Sphere and 2 Shapes","floor":45,"turns":3},{"damage":0,"enemies":"Writhing Mass","floor":47,"turns":6},{"damage":3,"enemies":"Reptomancer","floor":48,"turns":5},{"damage":12,"enemies":"Awakened One","floor":50,"turns":7},{"damage":18,"enemies":"Donu and Deca","floor":51,"turns":5}],"seed_played":"-7927605638862957040","potions_obtained":[{"floor":2,"key":"Swift Potion"},{"floor":5,"key":"Weak Potion"},{"floor":13,"key":"SteroidPotion"},{"floor":16,"key":"FearPotion"},{"floor":18,"key":"FocusPotion"},{"floor":23,"key":"Weak Potion"},{"floor":33,"key":"SkillPotion"},{"floor":36,"key":"FairyPotion"},{"floor":48,"key":"Strength Potion"}],"is_trial":false,"path_per_floor":["M","M","?","M","M","R","E","R","T","M","R","M","E","$","R","B",null,"M","$","?","?","M","E","R","E","T","R","M","R","E","M","R","B",null,"M","?","?","M","$","E","R","E","T","E","M","?","M","E","R","B","B",null],"character_chosen":"DEFECT","items_purchased":["Hologram","Go for the Eyes","Conserve Battery","All For One","Centennial Puzzle"],"campfire_rested":4,"item_purchase_floors":[14,14,14,19,39],"current_hp_per_floor":[66,66,66,59,47,47,22,22,22,22,45,35,5,20,20,5,60,58,73,73,73,73,33,33,22,22,47,34,34,17,9,34,33,72,70,75,65,65,80,46,46,21,21,18,18,18,23,20,65,53,40],"gold":195,"neow_bonus":"TEN_PERCENT_HP_BONUS","is_daily":false,"chose_seed":false,"campfire_upgraded":6,"win_rate":0.0,"timestamp":1614291656,"path_taken":["M","M","?","?","M","R","E","R","T","M","R","M","E","?","R","BOSS","M","$","?","?","M","E","R","E","T","R","?","R","E","?","R","BOSS","M","?","?","M","$","E","R","E","T","E","M","?","M","E","R","BOSS","BOSS"],"items_purchased_type":["Card","Card","Card","Card","Relic"],"build_version":"2020-12-22","purchased_purges":2,"victory":true,"max_hp_per_floor":[78,78,78,78,78,78,78,78,78,78,78,78,78,78,78,78,78,78,78,78,78,78,78,78,85,85,85,85,85,85,85,85,85,85,85,85,85,85,85,85,85,85,85,95,95,90,90,90,90,90,90],"card_choices":[{"not_picked":["Coolheaded","Steam"],"picked":"Gash","floor":1},{"not_picked":["Redo","Compile Driver"],"picked":"Beam Cell","floor":2},{"not_picked":["Undo","Blizzard"],"picked":"FTL","floor":4},{"not_picked":["Auto Shields","Coolheaded"],"picked":"Seek","floor":5},{"not_picked":["Chill","Ball Lightning"],"picked":"Doom and Gloom","floor":7},{"not_picked":["Streamline","Storm"],"picked":"Gash","floor":10},{"not_picked":["Hello World","Capacitor","Redo"],"picked":"SKIP","floor":12},{"not_picked":["Conserve Battery","Redo"],"picked":"Genetic Algorithm","floor":13},{"not_picked":["Core Surge","Fission"],"picked":"Reboot","floor":16},{"not_picked":["Ball Lightning","Barrage","Streamline"],"picked":"SKIP","floor":18},{"not_picked":["Sweeping Beam","Streamline"],"picked":"All For One","floor":22},{"not_picked":["Stack+1","Force Field"],"picked":"Hologram","floor":23},{"not_picked":["Meteor Strike","Beam Cell","Redo"],"picked":"SKIP","floor":25},{"not_picked":["Redo","Hologram","FTL"],"picked":"SKIP","floor":28},{"not_picked":["Turbo","Compile Driver","Hello World"],"picked":"SKIP","floor":30},{"not_picked":["Compile Driver","Darkness","Steam"],"picked":"SKIP","floor":31},{"not_picked":["Electrodynamics","Core Surge"],"picked":"Seek","floor":33},{"not_picked":["Coolheaded","Sunder+1","Beam Cell"],"picked":"SKIP","floor":35},{"not_picked":["Dramatic Entrance","Enlightenment"],"picked":"Apotheosis","floor":37},{"not_picked":["Jack Of All Trades","Dramatic Entrance"],"picked":"PanicButton","floor":37},{"not_picked":["Swift Strike","Mind Blast"],"picked":"Good Instincts","floor":37},{"not_picked":["Scrape","Recycle"],"picked":"Gash","floor":38},{"not_picked":["Barrage","Go for the Eyes+1"],"picked":"Reinforced Body+1","floor":40},{"not_picked":["Hologram","Force Field","Conserve Battery"],"picked":"SKIP","floor":42},{"not_picked":["Barrage+1","Compile Driver"],"picked":"Chaos+1","floor":44},{"not_picked":["Conserve Battery","Go for the Eyes","Sweeping Beam+1"],"picked":"SKIP","floor":45},{"not_picked":["Steam Power","Heatsinks","Auto Shields+1"],"picked":"SKIP","floor":47},{"not_picked":["Streamline","Coolheaded","Ball Lightning+1"],"picked":"SKIP","floor":48}],"player_experience":1232442,"relics_obtained":[{"floor":7,"key":"MealTicket"},{"floor":13,"key":"Toy Ornithopter"},{"floor":23,"key":"Mercury Hourglass"},{"floor":25,"key":"Strawberry"},{"floor":26,"key":"Oddly Smooth Stone"},{"floor":30,"key":"Sundial"},{"floor":36,"key":"Ginger"},{"floor":40,"key":"Letter Opener"},{"floor":43,"key":"Eternal Feather"},{"floor":44,"key":"Pear"},{"floor":48,"key":"Symbiotic Virus"}],"event_choices":[{"damage_healed":0,"gold_gain":0,"player_choice":"Forge","damage_taken":0,"max_hp_gain":0,"max_hp_loss":0,"event_name":"Accursed Blacksmith","floor":3,"gold_loss":0,"cards_upgraded":["Beam Cell"]},{"damage_healed":0,"gold_gain":0,"player_choice":"Ignored","damage_taken":0,"max_hp_gain":0,"max_hp_loss":0,"event_name":"The Mausoleum","floor":20,"gold_loss":0},{"damage_healed":0,"gold_gain":0,"player_choice":"Upgraded","damage_taken":0,"max_hp_gain":0,"max_hp_loss":0,"event_name":"Upgrade Shrine","floor":21,"gold_loss":0,"cards_upgraded":["Recycle"]},{"damage_healed":0,"gold_gain":0,"player_choice":"Fight","damage_taken":0,"max_hp_gain":0,"max_hp_loss":0,"event_name":"Mysterious Sphere","floor":36,"gold_loss":0},{"damage_healed":0,"gold_gain":0,"player_choice":"Memory 3","damage_taken":10,"max_hp_gain":0,"max_hp_loss":0,"event_name":"SensoryStone","floor":37,"gold_loss":0},{"damage_healed":0,"gold_gain":0,"player_choice":"Max HP","damage_taken":0,"max_hp_gain":0,"max_hp_loss":5,"event_name":"Winding Halls","floor":46,"gold_loss":0}],"is_beta":false,"boss_relics":[{"not_picked":["Philosopher\u0027s Stone","SlaversCollar"],"picked":"Pandora\u0027s Box"},{"not_picked":["Fusion Hammer","Black Star"],"picked":"Cursed Key"}],"items_purged_floors":[14,39],"is_endless":false,"potions_floor_spawned":[2,5,13,16,18,23,30,33,36,40,45,48],"ascension_level":20}}