{"host":"sc0o2qwpf9j16a4i","time":1614255507,"event":{"mods":["AchievementEnabler","BaseMod","BetterRewards","Block Reminder","Colored Map","Colored Powertips","Custom Start","Highlight Path","Minty Spire (QoL Compilation)","Relic Stats"],"gold_per_floor":[138,138,138,138,12,93,152,188,265,85,183,219,219,252,252,593,593,635,635,712,771,807,918,918,980,1033,268,301,301,402,461,461,789,789,831,886,951,1226,263,263,357,357,357,357,406,442,523,590,602,614],"floor_reached":51,"language":"ENG","playtime":1135,"items_purged":[],"score":1309,"play_id":"3f70fd49-a8a7-46ef-9671-c47046cd3f2f","local_time":"20210225141827","daily_mods":["Insanity","Colorless Cards","Midas"],"is_ascension_mode":false,"campfire_choices":[{"floor":13.0,"key":"REST"},{"floor":15.0,"key":"REST"},{"floor":24,"key":"REST"},{"floor":29,"key":"REST"},{"floor":32,"key":"REST"},{"floor":40,"key":"REST"},{"floor":42,"key":"REST"},{"floor":49,"key":"REST"}],"circlet_count":0,"master_deck":["Thunderclap","Havoc","Iron Wave","Pummel","Shrug It Off","Twin Strike","Mind Blast+1","Thunderclap","Blood for Blood","Power Through","Pommel Strike","Flex","Panacea","Deep Breath","Twin Strike","Twin Strike","Thunderclap","Iron Wave","Wild Strike","Whirlwind","Wild Strike","Disarm","Clash","Trip","Forethought","Finesse","Anger","Havoc","Armaments","Dramatic Entrance","Pommel Strike","Second Wind","Iron Wave","Dropkick","Body Slam","Anger","Heavy Blade","Whirlwind","Armaments","Bloodletting","Swift Strike","Anger","Clothesline","Warcry","Body Slam","Finesse","Spot Weakness","Sword Boomerang","Flex","Second Wind","Fire Breathing","Injury","Wild Strike","Metallicize","Secret Technique","Swift Strike","Combust","Havoc","Shrug It Off","Anger","Thunderclap","Sword Boomerang","Havoc","Swift Strike","Master of Strategy","Apotheosis","Sword Boomerang","Twin Strike+1","Panacea","Power Through","Blind","Fire Breathing","Wild Strike+1","Metallicize","Body Slam","Master of Strategy","Heavy Blade+1","Blind+1","Regret","Shrug It Off+1","True Grit+1","Metallicize","Madness+1","Havoc+1","Flex+1","Shrug It Off+1","Armaments+1","Secret Technique+1"],"relics":["Burning Blood","Bronze Scales","Golden Idol","Oddly Smooth Stone","Singing Bowl","Orrery","Bottled Flame","Fusion Hammer","Paper Frog","StrikeDummy","MealTicket","Medical Kit","Tiny Chest","Nunchaku","Lizard Tail","Black Star","Toxic Egg 2","Toolbox","InkBottle","Red Skull","Ancient Tea Set","Blue Candle","Juzu Bracelet","Pear","MawBank"],"acts_visited":["Exordium","TheCity","TheBeyond"],"potions_floor_usage":[23,25,33,33,33,41,50,50,50],"damage_taken":[{"damage":0.0,"enemies":"Small Slimes","floor":1.0,"turns":1.0},{"damage":0.0,"enemies":"Gremlin Nob","floor":6.0,"turns":2.0},{"damage":0.0,"enemies":"Jaw Worm","floor":7.0,"turns":1.0},{"damage":0.0,"enemies":"2 Louse","floor":8.0,"turns":1.0},{"damage":0.0,"enemies":"Lagavulin","floor":11.0,"turns":2.0},{"damage":0.0,"enemies":"Large Slime","floor":12.0,"turns":1.0},{"damage":0.0,"enemies":"Blue Slaver","floor":14.0,"turns":1.0},{"damage":0.0,"enemies":"Slime Boss","floor":16.0,"turns":3.0},{"damage":0.0,"enemies":"Spheric Guardian","floor":18.0,"turns":1.0},{"damage":0.0,"enemies":"Shell Parasite","floor":21.0,"turns":1.0},{"damage":0.0,"enemies":"Snake Plant","floor":22.0,"turns":1.0},{"damage":0,"enemies":"Gremlin Leader","floor":23,"turns":1},{"damage":8,"enemies":"Centurion and Healer","floor":25,"turns":2},{"damage":0,"enemies":"Chosen and Byrds","floor":28,"turns":2},{"damage":0,"enemies":"Book of Stabbing","floor":30,"turns":2},{"damage":0,"enemies":"Sentry and Sphere","floor":31,"turns":2},{"damage":55,"enemies":"Automaton","floor":33,"turns":7},{"damage":16,"enemies":"3 Darklings","floor":35,"turns":2},{"damage":9,"enemies":"3 Shapes","floor":36,"turns":2},{"damage":0,"enemies":"Transient","floor":37,"turns":5},{"damage":0,"enemies":"Reptomancer","floor":41,"turns":2},{"damage":14,"enemies":"4 Shapes","floor":45,"turns":4},{"damage":6,"enemies":"Maw","floor":46,"turns":4},{"damage":0,"enemies":"Nemesis","floor":47,"turns":1},{"damage":0,"enemies":"Jaw Worm Horde","floor":48,"turns":2},{"damage":96,"enemies":"Time Eater","floor":50,"turns":13}],"seed_played":"-4678150256190098735","potions_obtained":[{"floor":6.0,"key":"SpeedPotion"},{"floor":7.0,"key":"GamblersBrew"},{"floor":12.0,"key":"Strength Potion"},{"floor":25,"key":"SkillPotion"},{"floor":37,"key":"Dexterity Potion"},{"floor":47,"key":"BloodPotion"},{"floor":48,"key":"BlessingOfTheForge"}],"is_trial":true,"path_per_floor":["M","?","?","?","$","E","M","M","T","$","E","M","R","M","R","B",null,"M","?","T","M","M","E","R","M","T","$","M","R","E","M","R","B",null,"M","M","M","?","$","R","E","R","T","T","M","M","E","M","R","B",null],"character_chosen":"IRONCLAD","items_purchased":["Wild Strike","Metallicize","Havoc","Orrery","Medical Kit","Power Through","Blind","Fire Breathing","Tiny Chest","Nunchaku","DuplicationPotion","Toxic Egg 2","Toolbox","Shrug It Off+1","True Grit+1","Metallicize","InkBottle","Madness+1","BloodPotion","Fire Potion"],"campfire_rested":8,"item_purchase_floors":[5,5,10,10,27,27,27,27,27,27,27,39,39,39,39,39,39,39,39,39],"current_hp_per_floor":[80,77,77,77,77,80,80,80,80,82,82,82,82,82,82,82,82,82,82,82,84,86,86,86,84,84,86,86,86,86,86,86,37,86,76,73,81,81,88,88,88,88,88,88,80,80,96,98,98,19],"gold":626,"neow_bonus":"","is_daily":false,"chose_seed":false,"campfire_upgraded":0,"win_rate":0.0,"timestamp":1614255507,"path_taken":["M","?","?","?","$","E","M","M","T","?","E","M","R","?","R","BOSS","M","?","?","M","M","E","R","M","T","$","M","R","E","?","R","BOSS","M","M","?","?","$","R","E","R","T","?","M","M","E","M","R","BOSS"],"items_purchased_type":["Card","Card","Card","Relic","Relic","Card","Card","Card","Relic","Relic","Potion","Relic","Relic","Card","Card","Card","Relic","Card","Potion","Potion"],"build_version":"2020-12-22","purchased_purges":0,"victory":true,"max_hp_per_floor":[80,80,80,80,80,80,80,80,80,82,82,82,82,82,82,82,82,82,82,82,84,86,86,86,86,86,86,86,86,86,86,86,86,86,86,86,88,88,88,88,88,88,88,88,88,88,98,98,98,98],"relic_stats":{"Singing Bowl":8,"counters":[26,66],"Golden Idol":182,"Blue Candle":[0],"Juzu Bracelet":0,"Medical Kit":[1],"MawBank":48,"Burning Blood":59,"Nunchaku":[12],"Lizard Tail":0,"Bronze Scales":[136],"MealTicket":9,"Tiny Chest":1,"Black Star":2,"obtain_stats":[{"Singing Bowl":9,"Juzu Bracelet":44,"Ancient Tea Set":41,"Burning Blood":0,"Nunchaku":27,"Lizard Tail":30,"Toolbox":39,"MealTicket":26,"Tiny Chest":27,"Fusion Hammer":17,"Toxic Egg 2":39,"InkBottle":39,"Red Skull":41,"Paper Frog":20,"Pear":47,"Golden Idol":4,"Blue Candle":43,"Oddly Smooth Stone":6,"Medical Kit":27,"MawBank":47,"Bottled Flame":11,"Bronze Scales":2,"Orrery":10,"Black Star":34,"StrikeDummy":23},{"Singing Bowl":4,"Juzu Bracelet":21,"Ancient Tea Set":21,"Burning Blood":0,"Nunchaku":13,"Lizard Tail":15,"Toolbox":20,"MealTicket":13,"Tiny Chest":13,"Fusion Hammer":8,"Toxic Egg 2":20,"InkBottle":20,"Red Skull":21,"Paper Frog":9,"Pear":24,"Golden Idol":1,"Blue Candle":21,"Oddly Smooth Stone":2,"Medical Kit":13,"MawBank":24,"Bottled Flame":5,"Bronze Scales":1,"Orrery":4,"Black Star":17,"StrikeDummy":12},{"Singing Bowl":5,"Juzu Bracelet":42,"Ancient Tea Set":42,"Burning Blood":0,"Nunchaku":18,"Lizard Tail":22,"Toolbox":40,"MealTicket":18,"Tiny Chest":18,"Fusion Hammer":12,"Toxic Egg 2":40,"InkBottle":40,"Red Skull":42,"Paper Frog":13,"Pear":51,"Golden Idol":1,"Blue Candle":42,"Oddly Smooth Stone":3,"Medical Kit":18,"MawBank":51,"Bottled Flame":7,"Bronze Scales":1,"Orrery":5,"Black Star":31,"StrikeDummy":16}],"InkBottle":[11]},"card_choices":[{"not_picked":["Anger","Body Slam"],"picked":"Fire Breathing","floor":1.0},{"not_picked":["Havoc","Sword Boomerang"],"picked":"Secret Technique","floor":6.0},{"not_picked":["Wild Strike","Pommel Strike"],"picked":"Swift Strike","floor":7.0},{"not_picked":["True Grit","Pommel Strike"],"picked":"Combust","floor":8.0},{"not_picked":["Iron Wave","Purity"],"picked":"Shrug It Off","floor":10.0},{"not_picked":["Enlightenment","Bloodletting","Brutality"],"picked":"Singing Bowl","floor":10.0},{"not_picked":["Perfected Strike","Dark Embrace"],"picked":"Anger","floor":10.0},{"not_picked":["Forethought","Perfected Strike"],"picked":"Thunderclap","floor":10.0},{"not_picked":["Disarm","Sever Soul"],"picked":"Sword Boomerang","floor":10.0},{"not_picked":["Iron Wave","Headbutt"],"picked":"Havoc","floor":11.0},{"not_picked":["Flex","Uppercut"],"picked":"Swift Strike","floor":12.0},{"not_picked":["Body Slam","Headbutt"],"picked":"Master of Strategy","floor":14.0},{"not_picked":["Offering","Mayhem"],"picked":"Apotheosis","floor":16.0},{"not_picked":["Twin Strike","Jack Of All Trades"],"picked":"Sword Boomerang","floor":18.0},{"not_picked":["Anger","Thunderclap","Headbutt"],"picked":"Singing Bowl","floor":21.0},{"not_picked":["Spot Weakness","Sentinel+1","Second Wind"],"picked":"Singing Bowl","floor":22.0},{"not_picked":["Blind","Body Slam+1"],"picked":"Twin Strike+1","floor":23},{"not_picked":["Spot Weakness","Armaments"],"picked":"Panacea","floor":25},{"not_picked":["Flex","Havoc"],"picked":"Wild Strike+1","floor":28},{"not_picked":["Purity","Havoc"],"picked":"Metallicize","floor":30},{"not_picked":["Reaper","Carnage"],"picked":"Body Slam","floor":31},{"not_picked":["Metamorphosis","Berserk"],"picked":"Master of Strategy","floor":33},{"not_picked":["Sentinel+1","Wild Strike"],"picked":"Heavy Blade+1","floor":35},{"not_picked":["Thunderclap","Heavy Blade+1"],"picked":"Blind+1","floor":36},{"not_picked":["Warcry","Sentinel+1","Perfected Strike+1"],"picked":"Singing Bowl","floor":37},{"not_picked":["Perfected Strike+1","Good Instincts+1"],"picked":"Havoc+1","floor":41},{"not_picked":["Twin Strike+1","Sword Boomerang+1"],"picked":"Flex+1","floor":45},{"not_picked":["Armaments+1","Ghostly Armor+1"],"picked":"Shrug It Off+1","floor":46},{"not_picked":["Thunderclap","Clash"],"picked":"Armaments+1","floor":47},{"not_picked":["PanicButton+1","Thunderclap+1"],"picked":"Secret Technique+1","floor":48}],"player_experience":1543101,"relics_obtained":[{"floor":6.0,"key":"Oddly Smooth Stone"},{"floor":9.0,"key":"Singing Bowl"},{"floor":11.0,"key":"Bottled Flame"},{"floor":20.0,"key":"Paper Frog"},{"floor":23,"key":"StrikeDummy"},{"floor":26,"key":"MealTicket"},{"floor":30,"key":"Lizard Tail"},{"floor":41,"key":"Red Skull"},{"floor":41,"key":"Ancient Tea Set"},{"floor":43,"key":"Blue Candle"},{"floor":44,"key":"Juzu Bracelet"},{"floor":47,"key":"Pear"},{"floor":47,"key":"MawBank"}],"event_choices":[{"damage_healed":0.0,"max_hp_gain":0.0,"max_hp_loss":0.0,"gold_gain":0.0,"event_name":"Scrap Ooze","player_choice":"Success","floor":2.0,"gold_loss":0.0,"damage_taken":3.0,"relics_obtained":["Bronze Scales"]},{"damage_healed":0.0,"max_hp_gain":0.0,"max_hp_loss":0.0,"gold_gain":0.0,"event_name":"Living Wall","player_choice":"Grow","floor":3.0,"gold_loss":0.0,"damage_taken":0.0,"cards_upgraded":["Mind Blast"]},{"damage_healed":0.0,"max_hp_gain":0.0,"max_hp_loss":0.0,"gold_gain":0.0,"event_name":"Golden Idol","player_choice":"Take Wound","floor":4.0,"gold_loss":0.0,"damage_taken":0.0,"relics_obtained":["Golden Idol"],"cards_obtained":["Injury"]},{"damage_healed":0.0,"max_hp_gain":0.0,"max_hp_loss":0.0,"gold_gain":0.0,"event_name":"Beggar","player_choice":"Ignored","floor":19.0,"gold_loss":0.0,"damage_taken":0.0},{"damage_healed":0,"gold_gain":275,"player_choice":"Desecrate","damage_taken":0,"max_hp_gain":0,"max_hp_loss":0,"event_name":"Golden Shrine","floor":38,"gold_loss":0,"cards_obtained":["Regret"]}],"is_beta":false,"boss_relics":[{"not_picked":["Runic Dome","Calling Bell"],"picked":"Fusion Hammer"},{"not_picked":["SacredBark","Philosopher\u0027s Stone"],"picked":"Black Star"}],"items_purged_floors":[],"is_endless":false,"potions_floor_spawned":[6,7,12,21,25,28,37,47,48],"ascension_level":0}}