{"host":"t9q14bihfoo75lsb","time":1614241261,"event":{"mods":["100% Spire Juice","Act Like it!","Arknights","BaseMod","Colored Map","Elementarium","Hermit","Koishi","Minty Spire (QoL Compilation)","Prisma Mod","Quick Restart","Shop Mod","Spicy Shops","StSLib","SuperFastMode","The Cursed","The Dragon Tamer","The Hierophant","The Runesmith"],"gold_per_floor":[110,185,185,204,169,197,211,241,266,301,329,360,392,403,403,478,478,492,492,41,100,118,145,171,199,199,230,280,309,343,374,374,448,448,468,95,95,129,146,177,207,232,255,255,280,280,314,346,346,346,346,346,346,44,76,76],"floor_reached":57,"language":"KOR","playtime":2520,"items_purged":["Koishi:PhantomStrike","Pride","Koishi:PhantomStrike"],"score":4091,"play_id":"68e85c81-1b71-41a6-a1c9-c120ed6a3414","local_time":"20210225172101","daily_mods":["Draft","Specialized","Vintage","Allstar","Heirloom","Flight","DeadlyEvents","Elite Swarm"],"is_ascension_mode":true,"campfire_choices":[{"floor":15.0,"key":"RECALL"},{"data":"1","floor":32.0,"key":"LIFT"},{"data":"2","floor":44.0,"key":"LIFT"},{"data":"3","floor":46.0,"key":"LIFT"},{"floor":49.0,"key":"REST"},{"floor":53.0,"key":"REST"}],"circlet_count":0,"master_deck":["AscendersBane","Koishi:PhantomStrike","Koishi:PhantomStrike+1","Koishi:BloodcurdlingScream","Koishi:JumpScare","Koishi:StingingMind","Koishi:MindNumbingTerror","Koishi:HeartfeltFancy+1","Koishi:StingingMind","Koishi:Bloodlust+1","Koishi:GeneticsOfTheUnconscious","Koishi:GeneticsOfTheUnconscious","Koishi:YoukaiPolygraph","Koishi:UnconsciousUrges","Koishi:PhantomBarrier","Koishi:TremblingHands","Koishi:Catatonia+1","Koishi:PredatoryInstincts","Koishi:RuptureMind","Koishi:SilentAndRestless","Koishi:PerfectMindControl","Koishi:HeartStoppingHorror","Koishi:ImGoingToCallYouNow","Koishi:PerfectMindControl+1","Koishi:ImGoingToCallYouNow","Koishi:TerrifyingSpectre","Koishi:Heartbroken","Koishi:SilentAndRestless+1","Koishi:PerfectMindControl","Koishi:RuptureMind","Koishi:MentalBreakdown","Koishi:FadingMemory"],"relics":["Koishi:ImaginaryFriend","FossilizedHelix","Smiling Mask","Anchor","Mercury Hourglass","Koishi:LettersToReimu","Letter Opener","White Beast Statue","Orichalcum","Akabeko","Bottled Lightning","Pen Nib","Runic Pyramid","Pantograph","ClockworkSouvenir","Pear","Bottled Flame","Calipers","StrikeDummy","StoneCalendar","Bird Faced Urn","Koishi:EchoesOfADeadGirl","Art of War","Girya","Mango","HornCleat","Fusion Hammer","MealTicket","Sling","PreservedInsect","Blood Vial","Vajra","Bag of Preparation","Meat on the Bone","Whetstone","Nunchaku","Lizard Tail","War Paint","Ancient Tea Set","HandDrill","InkBottle","Turnip"],"acts_visited":["Exordium","TheCity","TheBeyond","TheEnding"],"potions_floor_usage":[56],"damage_taken":[{"damage":0.0,"enemies":"Small Slimes","floor":1.0,"turns":2.0},{"damage":0.0,"enemies":"Cultist","floor":4.0,"turns":3.0},{"damage":15.0,"enemies":"Gremlin Nob","floor":6.0,"turns":4.0},{"damage":0.0,"enemies":"Jaw Worm","floor":7.0,"turns":1.0},{"damage":0.0,"enemies":"Lagavulin","floor":8.0,"turns":6.0},{"damage":17.0,"enemies":"3 Sentries","floor":10.0,"turns":5.0},{"damage":0.0,"enemies":"Lagavulin","floor":11.0,"turns":5.0},{"damage":0.0,"enemies":"Gremlin Nob","floor":12.0,"turns":4.0},{"damage":0.0,"enemies":"3 Sentries","floor":13.0,"turns":4.0},{"damage":0.0,"enemies":"Large Slime","floor":14.0,"turns":5.0},{"damage":0.0,"enemies":"Slime Boss","floor":16.0,"turns":5.0},{"damage":0.0,"enemies":"Chosen","floor":18.0,"turns":3.0},{"damage":0.0,"enemies":"2 Thieves","floor":21.0,"turns":3.0},{"damage":2.0,"enemies":"Snecko","floor":22.0,"turns":4.0},{"damage":3.0,"enemies":"Book of Stabbing","floor":23.0,"turns":5.0},{"damage":0.0,"enemies":"Gremlin Leader","floor":24.0,"turns":4.0},{"damage":30.0,"enemies":"Book of Stabbing","floor":25.0,"turns":6.0},{"damage":13.0,"enemies":"Slavers","floor":27.0,"turns":3.0},{"damage":11.0,"enemies":"Gremlin Leader","floor":29.0,"turns":4.0},{"damage":11.0,"enemies":"Book of Stabbing","floor":30.0,"turns":3.0},{"damage":0.0,"enemies":"Slavers","floor":31.0,"turns":4.0},{"damage":18.0,"enemies":"Champ","floor":33.0,"turns":7.0},{"damage":0.0,"enemies":"3 Darklings","floor":35.0,"turns":3.0},{"damage":0.0,"enemies":"Reptomancer","floor":38.0,"turns":4.0},{"damage":0.0,"enemies":"Orb Walker","floor":39.0,"turns":3.0},{"damage":42.0,"enemies":"Giant Head","floor":40.0,"turns":7.0},{"damage":0.0,"enemies":"Nemesis","floor":41.0,"turns":2.0},{"damage":0.0,"enemies":"Giant Head","floor":42.0,"turns":5.0},{"damage":8.0,"enemies":"Mind Bloom Boss Battle","floor":45.0,"turns":4.0},{"damage":0.0,"enemies":"Nemesis","floor":47.0,"turns":4.0},{"damage":0.0,"enemies":"Giant Head","floor":48.0,"turns":4.0},{"damage":0.0,"enemies":"Donu and Deca","floor":50.0,"turns":8.0},{"damage":20.0,"enemies":"Time Eater","floor":51.0,"turns":7.0},{"damage":26.0,"enemies":"Shield and Spear","floor":55.0,"turns":3.0},{"damage":8,"enemies":"The Heart","floor":56,"turns":6}],"seed_played":"4425917951721947225","potions_obtained":[{"floor":7.0,"key":"PowerPotion"},{"floor":8.0,"key":"Block Potion"},{"floor":11.0,"key":"SneckoOil"},{"floor":12.0,"key":"Fire Potion"},{"floor":13.0,"key":"ColorlessPotion"},{"floor":14.0,"key":"Regen Potion"},{"floor":33.0,"key":"CultistPotion"},{"floor":35.0,"key":"Fruit Juice"},{"floor":38.0,"key":"LiquidBronze"},{"floor":55.0,"key":"SpeedPotion"}],"is_trial":true,"path_per_floor":["M","?","?","M","?","E","M","E","T","E","E","E","E","M","R","B",null,"M","?","$","M","M","E","E","E","T","E","?","E","E","E","R","B",null,"M","$","?","E","M","E","E","E","T","R","?","R","E","E","R","B","B",null,"R","$","E","B",null],"character_chosen":"KOISHI","items_purchased":["ClockworkSouvenir","Pear","Sling","PreservedInsect","HandDrill","InkBottle"],"campfire_rested":2,"item_purchase_floors":[20,20,36,36,54,54],"current_hp_per_floor":[53,42,25,31,45,40,46,57,57,40,42,44,48,54,54,54,56,57,57,67,67,67,67,67,43,43,46,46,67,80,81,81,65,77,86,86,86,86,86,70,84,86,86,86,86,86,86,86,86,86,86,86,86,86,70,86],"gold":76,"neow_bonus":"","is_daily":false,"chose_seed":false,"campfire_upgraded":0,"win_rate":0.0,"timestamp":1614241261,"path_taken":["M","?","?","M","?","E","?","E","T","E","?","E","E","?","R","BOSS","M","?","?","M","?","E","E","E","T","E","?","E","?","E","R","BOSS","M","$","?","?","?","E","E","E","T","R","?","R","E","E","R","BOSS","BOSS","R","$","E","BOSS"],"items_purchased_type":["Relic","Relic","Relic","Relic","Relic","Relic"],"build_version":"2020-12-22","purchased_purges":3,"victory":true,"max_hp_per_floor":[57,57,57,57,57,57,57,57,57,57,57,57,57,57,57,57,57,57,57,67,67,67,67,67,67,67,67,67,67,81,81,81,81,81,86,86,86,86,86,86,86,86,86,86,86,86,86,86,86,86,86,86,86,86,86,86],"card_choices":[{"not_picked":["Koishi:StingingMind","Koishi:VengefulSpirit"],"picked":"Koishi:BloodcurdlingScream","floor":0.0},{"not_picked":["Koishi:StingingMind","Koishi:HeartfeltFancy"],"picked":"Koishi:JumpScare","floor":0.0},{"not_picked":["Koishi:SpiritedAway","Koishi:UnansweredLove"],"picked":"Koishi:StingingMind","floor":0.0},{"not_picked":["Koishi:ReflexRadar","Koishi:SpiritedAway"],"picked":"Koishi:MindNumbingTerror","floor":0.0},{"not_picked":["Koishi:UnansweredLove","Koishi:SpiritedAway"],"picked":"Koishi:HeartfeltFancy","floor":0.0},{"not_picked":["Koishi:FidgetySnatcher","Koishi:VengefulSpirit"],"picked":"Koishi:StingingMind","floor":0.0},{"not_picked":["Koishi:RorschachInDanmaku","Koishi:FleetingPhantom"],"picked":"Koishi:Bloodlust","floor":0.0},{"not_picked":["Koishi:FourthEye","Koishi:CatchAndRose"],"picked":"Koishi:GeneticsOfTheUnconscious","floor":0.0},{"not_picked":["Koishi:CatchAndRose","Koishi:UnconsciousUprising"],"picked":"Koishi:GeneticsOfTheUnconscious","floor":0.0},{"not_picked":["Koishi:ReflexRadar","Koishi:SpiritedAway"],"picked":"Koishi:YoukaiPolygraph","floor":0.0},{"not_picked":["Koishi:Prune","Koishi:RorschachInDanmaku"],"picked":"Koishi:UnconsciousUrges","floor":0.0},{"not_picked":["Koishi:ReleaseOfTheId","Koishi:ReflexRadar"],"picked":"Koishi:PhantomBarrier","floor":0.0},{"not_picked":["Koishi:SubterraneanRose","Koishi:PhantomBarrier"],"picked":"Koishi:TremblingHands","floor":0.0},{"not_picked":["Koishi:ReleaseOfTheId","Koishi:StingingMind"],"picked":"Koishi:Catatonia","floor":0.0},{"not_picked":["Koishi:Vanish","Koishi:CatchAndRose"],"picked":"Koishi:PredatoryInstincts","floor":0.0},{"not_picked":["Koishi:SilentAndRestless","Koishi:RoseHell"],"picked":"Koishi:RuptureMind","floor":6.0},{"not_picked":["Koishi:RoseHell","Koishi:Heartbroken"],"picked":"Koishi:SilentAndRestless","floor":8.0},{"not_picked":["Koishi:ConditionedTeleport","Koishi:RollingInRichesHeart"],"picked":"Koishi:PerfectMindControl","floor":10.0},{"not_picked":["Koishi:FadingMemory","Koishi:SuperEgo","Koishi:FormlessExistence"],"picked":"SKIP","floor":11.0},{"not_picked":["Koishi:GrowingPain","Koishi:MentalBreakdown"],"picked":"Koishi:HeartStoppingHorror","floor":12.0},{"not_picked":["Koishi:GrowingPain","Koishi:MentalBreakdown"],"picked":"Koishi:ImGoingToCallYouNow","floor":13.0},{"not_picked":["Koishi:ConditionedTeleport","Koishi:ImGoingToCallYouNow"],"picked":"Koishi:PerfectMindControl","floor":16.0},{"not_picked":["Koishi:GrowingPain","Koishi:ConditionedTeleport"],"picked":"Koishi:ImGoingToCallYouNow","floor":23.0},{"not_picked":["Koishi:RoseHell","Koishi:RollingInRichesHeart"],"picked":"Koishi:TerrifyingSpectre","floor":24.0},{"not_picked":["Koishi:ConditionedTeleport","Koishi:RoseHell","Koishi:FormlessExistence"],"picked":"SKIP","floor":25.0},{"not_picked":["Koishi:ConditionedTeleport","Koishi:SuperEgo"],"picked":"Koishi:Heartbroken","floor":27.0},{"not_picked":["Koishi:Ego","Koishi:ImGoingToCallYouNow","Koishi:RoseHell"],"picked":"SKIP","floor":29.0},{"not_picked":["Koishi:MentalBreakdown","Koishi:Ego"],"picked":"Koishi:SilentAndRestless","floor":30.0},{"not_picked":["Koishi:RollingInRichesHeart","Koishi:ConfinedInnocent","Koishi:FormlessExistence"],"picked":"SKIP","floor":31.0},{"not_picked":["Koishi:MentalBreakdown","Koishi:SilentAndRestless"],"picked":"Koishi:PerfectMindControl","floor":33.0},{"not_picked":["Koishi:ConfinedInnocent","Koishi:ConditionedTeleport"],"picked":"Koishi:RuptureMind","floor":38.0},{"not_picked":["Koishi:ConditionedTeleport","Koishi:HeartStoppingHorror","Koishi:ImGoingToCallYouNow"],"picked":"SKIP","floor":40.0},{"not_picked":["Koishi:Heartbroken","Koishi:HeartStoppingHorror"],"picked":"Koishi:MentalBreakdown","floor":41.0},{"not_picked":["Koishi:RuptureMind","Koishi:RoseHell","Koishi:FormlessExistence"],"picked":"SKIP","floor":42.0},{"not_picked":["Koishi:Heartbroken","Koishi:FadingMemory","Koishi:ConfinedInnocent"],"picked":"SKIP","floor":47.0},{"not_picked":["Koishi:RoseHell","Koishi:MindStellarRelief","Koishi:ImGoingToCallYouNow"],"picked":"SKIP","floor":48.0},{"not_picked":["Koishi:SilentAndRestless","Koishi:FormlessExistence"],"picked":"Koishi:FadingMemory","floor":55.0}],"player_experience":514810,"relics_obtained":[{"floor":1.0,"key":"Smiling Mask"},{"floor":4.0,"key":"Anchor"},{"floor":6.0,"key":"Mercury Hourglass"},{"floor":7.0,"key":"Koishi:LettersToReimu"},{"floor":8.0,"key":"Letter Opener"},{"floor":10.0,"key":"White Beast Statue"},{"floor":11.0,"key":"Orichalcum"},{"floor":12.0,"key":"Akabeko"},{"floor":13.0,"key":"Bottled Lightning"},{"floor":14.0,"key":"Pen Nib"},{"floor":18.0,"key":"Pantograph"},{"floor":21.0,"key":"Bottled Flame"},{"floor":22.0,"key":"Calipers"},{"floor":23.0,"key":"StrikeDummy"},{"floor":24.0,"key":"StoneCalendar"},{"floor":25.0,"key":"Bird Faced Urn"},{"floor":26.0,"key":"Koishi:EchoesOfADeadGirl"},{"floor":27.0,"key":"Art of War"},{"floor":29.0,"key":"Girya"},{"floor":30.0,"key":"Mango"},{"floor":31.0,"key":"HornCleat"},{"floor":35.0,"key":"MealTicket"},{"floor":38.0,"key":"Blood Vial"},{"floor":39.0,"key":"Vajra"},{"floor":40.0,"key":"Bag of Preparation"},{"floor":41.0,"key":"Meat on the Bone"},{"floor":42.0,"key":"Whetstone"},{"floor":43.0,"key":"Nunchaku"},{"floor":45.0,"key":"Lizard Tail"},{"floor":47.0,"key":"War Paint"},{"floor":48.0,"key":"Ancient Tea Set"},{"floor":55.0,"key":"Turnip"}],"event_choices":[{"damage_healed":0.0,"max_hp_gain":0.0,"max_hp_loss":0.0,"gold_gain":75.0,"event_name":"World of Goop","player_choice":"Gather Gold","floor":2.0,"gold_loss":0.0,"damage_taken":11.0},{"damage_healed":0.0,"max_hp_gain":0.0,"max_hp_loss":0.0,"gold_gain":0.0,"event_name":"Shining Light","player_choice":"Entered Light","floor":3.0,"gold_loss":0.0,"damage_taken":17.0,"cards_upgraded":["Koishi:PhantomStrike","Koishi:Bloodlust"]},{"damage_healed":14.0,"max_hp_gain":0.0,"max_hp_loss":0.0,"gold_gain":0.0,"event_name":"The Cleric","player_choice":"Healed","floor":5.0,"gold_loss":35.0,"damage_taken":0.0},{"damage_healed":0.0,"max_hp_gain":0.0,"max_hp_loss":0.0,"gold_gain":0.0,"event_name":"Beggar","player_choice":"Ignored","floor":19.0,"gold_loss":0.0,"damage_taken":0.0},{"damage_healed":0.0,"max_hp_gain":0.0,"max_hp_loss":0.0,"gold_gain":50.0,"event_name":"Nest","player_choice":"Stole From Cult","floor":28.0,"gold_loss":0.0,"damage_taken":0.0},{"cards_removed":["Koishi:PhantomStrike"],"damage_healed":0.0,"max_hp_gain":0.0,"max_hp_loss":0.0,"gold_gain":0.0,"event_name":"Purifier","player_choice":"Purged","floor":37.0,"gold_loss":0.0,"damage_taken":0.0},{"damage_healed":0.0,"max_hp_gain":0.0,"max_hp_loss":0.0,"gold_gain":0.0,"event_name":"MindBloom","player_choice":"Fight","floor":45.0,"gold_loss":0.0,"damage_taken":0.0}],"is_beta":false,"boss_relics":[{"not_picked":["Snecko Eye","Empty Cage"],"picked":"Runic Pyramid"},{"not_picked":["Philosopher\u0027s Stone","Cursed Key"],"picked":"Fusion Hammer"}],"items_purged_floors":[36,54,54],"is_endless":false,"potions_floor_spawned":[7,8,11,12,13,14,16,18,21,22,23,24,25,27,29,30,31,33,35,38,39,40,41,42,45,47,48,55],"ascension_level":20}}