{"host":"Ringo","time":1614268196,"event":{"mods":["BaseMod","Colored Map","Conspire","Dota2Spire","Hubris","Minty Spire (QoL Compilation)","Replay The Spire","StSLib","The Construct","[IsaacMod]ÒÔÈö¼âËþ","¡¾ÒÅÎï¿¨ÅÆ¡¿REMEMod"],"gold_per_floor":[111,124,124,135,147,147,181,181,181,197,197,138,172,172,172,269,269,287,386,87,98,115,149,149,149,228,128,128,128],"floor_reached":28,"language":"ZHS","playtime":791,"items_purged":["Defend_R","hubris:Gluttony"],"score":357,"play_id":"654aa933-a5a7-40f1-9678-83ae3b84e5d7","local_time":"20210225234956","is_ascension_mode":true,"campfire_choices":[{"data":"Armaments","floor":6.0,"key":"SMITH"},{"data":"Feed","floor":8.0,"key":"SMITH"},{"floor":15.0,"key":"REST"}],"circlet_count":0,"master_deck":["Strike_R","Strike_R","Strike_R","Strike_R","Strike_R","Defend_R","Defend_R","Defend_R","Bash","Barricade","construct:Strike_Gold","Strike_P","Feed+1","Armaments+1","Offering","Dramatic Entrance","Sadistic Nature"],"relics":["Burning Blood","HushsDoor","REME_ComplimentaryCards","D6","hubris:OldNail","Singing Bowl","BargainBundle","AnarchistCookbook","Electric Blood","SatanicBible","GuppysTail","Succubus","hubris:Zylophone","Durian","hubris:Icosahedron","Dota2Spire:Satanic","Bottled Tornado"],"acts_visited":["Exordium","TheCity"],"potions_floor_usage":[],"damage_taken":[{"damage":4.0,"enemies":"2 Louse","floor":1.0,"turns":4.0},{"damage":20.0,"enemies":"Cultist","floor":2.0,"turns":6.0},{"damage":14.0,"enemies":"Jaw Worm","floor":4.0,"turns":5.0},{"damage":11.0,"enemies":"2 Fungi Beasts","floor":5.0,"turns":4.0},{"damage":27.0,"enemies":"Replay:BlueRogue","floor":7.0,"turns":7.0},{"damage":29.0,"enemies":"Large Slime","floor":10.0,"turns":7.0},{"damage":32.0,"enemies":"Lagavulin","floor":13.0,"turns":6.0},{"damage":31.0,"enemies":"Slime Boss","floor":16.0,"turns":5.0},{"damage":0.0,"enemies":"3 Byrds","floor":18.0,"turns":2.0},{"damage":0.0,"enemies":"conspire:FuzzyDice","floor":21.0,"turns":2.0},{"damage":26.0,"enemies":"Snake Plant","floor":22.0,"turns":3.0},{"damage":32.0,"enemies":"Gremlin Leader","floor":23.0,"turns":2.0},{"damage":0,"enemies":"Colosseum Slavers","floor":28,"turns":1}],"seed_played":"-9198092635783391586","potions_obtained":[{"floor":1.0,"key":"BloodPotion"},{"floor":4.0,"key":"SteroidPotion"},{"floor":10.0,"key":"Elixir"},{"floor":22.0,"key":"ColorlessPotion"}],"is_trial":false,"path_per_floor":["M","M","?","M","M","R","E","R","T","M","?","$","E","?","R","B",null,"M","?","$","M","M","E","?","?","T","$","?"],"character_chosen":"IRONCLAD","items_purchased":["BargainBundle","Offering","Dramatic Entrance","Sadistic Nature","Block Potion","PowerPotion","Reflective Coating","SatanicBible","GuppysTail","Succubus","hubris:Zylophone"],"campfire_rested":1,"item_purchase_floors":[12,12,12,12,12,12,12,17,17,17,20],"current_hp_per_floor":[77,79,79,75,73,73,52,52,52,35,35,35,11,11,41,18,56,68,68,68,80,66,47,47,47,47,47,47,47],"gold":128,"neow_bonus":"THREE_RARE_CARDS","is_daily":false,"chose_seed":false,"campfire_upgraded":2,"win_rate":0.0,"timestamp":1614268196,"path_taken":["M","M","?","M","M","R","E","R","T","?","?","?","E","?","R","BOSS","M","?","$","M","?","E","?","?","T","$","?"],"items_purchased_type":["Relic","Card","Card","Card","Potion","Potion","Potion","Relic","Relic","Relic","Relic"],"build_version":"2020-12-18","purchased_purges":2,"victory":false,"max_hp_per_floor":[83,86,86,90,93,93,93,93,93,99,99,99,101,101,101,103,68,74,74,74,80,86,93,93,93,93,93,93,93],"card_choices":[{"not_picked":["Barricade","Fiend Fire"],"picked":"Feed","floor":0.0},{"not_picked":["Fire Breathing","Cleave"],"picked":"Armaments","floor":1.0},{"not_picked":["conspire:Charge","Wild Strike","Dual Wield"],"picked":"SKIP","floor":2.0},{"not_picked":["Havoc","Cleave","Flex"],"picked":"SKIP","floor":4.0},{"not_picked":["Eclipse","Hemokinesis","Sword Boomerang"],"picked":"SKIP","floor":5.0},{"not_picked":["Shockwave","Wild Strike","Clothesline"],"picked":"SKIP","floor":7.0},{"not_picked":["REME_Scribble","ReplayTheSpireMod:Strike From Hell","Cleave"],"picked":"Singing Bowl","floor":10.0},{"not_picked":["Shrug It Off","Entrench","Warcry"],"picked":"Singing Bowl","floor":13.0},{"not_picked":["Impervious","conspire:HitWhereItHurts","Barricade"],"picked":"Singing Bowl","floor":16.0},{"not_picked":["Body Slam","Replay:Undeath\u0027s Touch","True Grit"],"picked":"Singing Bowl","floor":18.0},{"not_picked":["Iron Wave+1","Body Slam","Warcry"],"picked":"Singing Bowl","floor":21.0},{"not_picked":["Clash+1","Twin Strike","Sentinel+1"],"picked":"Singing Bowl","floor":22.0},{"not_picked":["Second Wind+1","Wild Strike+1","Clothesline"],"picked":"Singing Bowl","floor":23.0}],"player_experience":755105,"relics_obtained":[{"floor":7.0,"key":"hubris:OldNail"},{"floor":9.0,"key":"Singing Bowl"},{"floor":13.0,"key":"AnarchistCookbook"},{"floor":23.0,"key":"Durian"},{"floor":26.0,"key":"Bottled Tornado"}],"event_choices":[{"damage_healed":0.0,"max_hp_gain":0.0,"max_hp_loss":0.0,"gold_gain":0.0,"event_name":"conspire:LoneGhost","player_choice":"Disagree","floor":3.0,"gold_loss":0.0,"damage_taken":0.0},{"damage_healed":0.0,"max_hp_gain":0.0,"max_hp_loss":0.0,"gold_gain":0.0,"event_name":"Liars Game","player_choice":"Ignored","floor":14.0,"gold_loss":0.0,"damage_taken":0.0},{"damage_healed":0.0,"max_hp_gain":0.0,"max_hp_loss":0.0,"gold_gain":99.0,"event_name":"Nest","player_choice":"Stole From Cult","floor":19.0,"gold_loss":0.0,"damage_taken":0.0},{"damage_healed":0,"gold_gain":0,"player_choice":"Fight","damage_taken":0,"max_hp_gain":0,"max_hp_loss":0,"event_name":"Colosseum","floor":28,"gold_loss":0}],"is_beta":true,"boss_relics":[{"not_picked":["Replay:Grab Bag","REME_LowDesire"],"picked":"Electric Blood"},{"not_picked":[]}],"items_purged_floors":[12,27],"is_endless":false,"potions_floor_spawned":[1,4,10,22],"killed_by":"Colosseum Slavers","ascension_level":9}}