{"host":"snd6571rw3150vxe","time":1614275739,"event":{"mods":["AchievementEnabler","BaseMod","Bestiary","Block Reminder","Colored Powertips","Dark Map","Downfall","Hermit","Highlight Path","Marisa????????","Minty Spire (QoL Compilation)","Morshu Shopkeeper","Quick Restart","Random Character Button","Relic Stats","StSLib","The Bug Knight","The Cursed","The Disciple","The Marked","The Necromancer","The Servant 0.9.4","slay the spire mod where everything is the same but ironclad has a cowboy hat"],"gold_per_floor":[99,109,109,121,121,121,146,146,155,98,133,33,63,57,69,183,183,183,205,305,405,433,459,496,508,505,544,565,571,601,641,673,685,685,685],"floor_reached":33,"language":"ENG","playtime":3117,"items_purged":[],"score":273,"play_id":"b0396584-3a87-4ded-a2cb-5b856b0909d3","local_time":"20210225195539","is_ascension_mode":false,"campfire_choices":[{"data":"Slimebound:CorrosiveSpit","floor":1,"key":"SMITH"},{"data":"Slimebound:Grow","floor":8,"key":"SMITH"},{"floor":12,"key":"REST"},{"data":"Slimebound:GoopTackle","floor":18,"key":"SMITH"},{"floor":25,"key":"REST"}],"circlet_count":0,"master_deck":["Slimebound:Strike_Slimebound","Slimebound:Strike_Slimebound","Slimebound:Strike_Slimebound","Slimebound:Tackle","Slimebound:Defend_Slimebound","Slimebound:Defend_Slimebound","Slimebound:Defend_Slimebound","Slimebound:Defend_Slimebound","Slimebound:Split","Slimebound:CorrosiveSpit+1","Slimebound:SplitLeeching","Slimebound:Grow+1","Slimebound:LeadByExample","Slimebound:GoopTackle+1","Slimebound:SlimeSpikes","Slimebound:SplitAcid","Slimebound:LeechLife","Slimebound:DisruptingSlam+1","Slimebound:RollThrough","Slimebound:RallyTheTroops","RitualDagger+1","Slimebound:LeadByExample","Slimebound:ForwardTackle","Slimebound:LivingWall"],"relics":["Slimebound:AbsorbEndCombat","HollowMod:PaleOreRelic","CeramicFish","Bird Faced Urn","downfall:HeartBlessingGreen","Regal Pillow","Philosopher\u0027s Stone","downfall:GremlinWheel","MawBank","Bag of Marbles"],"acts_visited":["TheCity"],"potions_floor_usage":[32,33,33,33,33,33],"damage_taken":[{"damage":12,"enemies":"Jaw Worm","floor":2,"turns":4},{"damage":0,"enemies":"Small Slimes","floor":4,"turns":4},{"damage":0,"enemies":"Cultist","floor":9,"turns":1},{"damage":3,"enemies":"downfall:FleeingMerchant","floor":10,"turns":4},{"damage":18,"enemies":"Gremlin Nob","floor":11,"turns":4},{"damage":15,"enemies":"3 Sentries","floor":13,"turns":6},{"damage":0,"enemies":"downfall:FleeingMerchant","floor":14,"turns":4},{"damage":1,"enemies":"Blue Slaver","floor":15,"turns":3},{"damage":23,"enemies":"WA_ARCHETYPE_RETAIN","floor":16,"turns":5},{"damage":11,"enemies":"Shell Parasite","floor":19,"turns":5},{"damage":17,"enemies":"Shell Parasite","floor":21,"turns":3},{"damage":32,"enemies":"Centurion and Healer","floor":22,"turns":5},{"damage":13,"enemies":"HollowMod:Nosk","floor":23,"turns":8},{"damage":3,"enemies":"downfall:FleeingMerchant","floor":26,"turns":4},{"damage":13,"enemies":"Shelled Parasite and Fungi","floor":27,"turns":5},{"damage":15,"enemies":"downfall:FleeingMerchant","floor":29,"turns":4},{"damage":23,"enemies":"Snake Plant","floor":30,"turns":5},{"damage":10,"enemies":"Cultist and Chosen","floor":31,"turns":5},{"damage":10,"enemies":"Centurion and Healer","floor":32,"turns":4},{"damage":51,"enemies":"SI_MIRROR_ARCHETYPE","floor":33,"turns":8}],"seed_played":"6837118731979858601","potions_obtained":[{"floor":0,"key":"DuplicationPotion"},{"floor":0,"key":"SkillPotion"},{"floor":0,"key":"Dexterity Potion"},{"floor":2,"key":"EntropicBrew"},{"floor":28,"key":"CultistPotion"},{"floor":32,"key":"Weak Potion"}],"is_trial":false,"path_per_floor":["R","M","?","M","?","?","T","R","M","$","E","R","E","$","M","B",null,"R","M","?","?","M","E","T","R","$","M","?","$","M","M","M","B"],"character_chosen":"SLIMEBOUND","items_purchased":["Slimebound:GoopTackle"],"campfire_rested":2,"item_purchase_floors":[10],"current_hp_per_floor":[65,55,52,56,61,61,61,61,61,62,46,67,58,64,69,56,70,70,61,61,50,22,23,23,59,62,61,61,52,35,33,35,0,0,0],"gold":685,"neow_bonus":"THREE_SMALL_POTIONS","is_daily":false,"chose_seed":false,"campfire_upgraded":3,"win_rate":0.0,"timestamp":1614275739,"path_taken":["R","M","?","M","?","?","T","R","M","$","E","R","E","$","M","BOSS","R","M","?","?","?","E","T","R","$","M","?","$","M","M","M","BOSS"],"items_purchased_type":["Card"],"build_version":"2020-12-22","purchased_purges":0,"victory":false,"max_hp_per_floor":[65,65,65,65,70,70,70,70,70,70,70,70,70,70,70,70,70,70,70,70,70,70,70,70,70,70,70,70,70,70,70,70,70,70,70],"relic_stats":{"Regal Pillow":15,"counters":[20,91],"CeramicFish":108,"Bird Faced Urn":[56],"MawBank":120,"obtain_stats":[{"Regal Pillow":13,"downfall:BrokenWingStatue":6,"downfall:GremlinWheel":21,"CeramicFish":7,"Bird Faced Urn":11,"downfall:HeartBlessingGreen":12,"Philosopher\u0027s Stone":17,"Slimebound:AbsorbEndCombat":0,"Bag of Marbles":24,"HollowMod:PaleOreRelic":3,"MawBank":23},{"Regal Pillow":6,"downfall:BrokenWingStatue":2,"downfall:GremlinWheel":11,"CeramicFish":2,"Bird Faced Urn":5,"downfall:HeartBlessingGreen":5,"Philosopher\u0027s Stone":9,"Slimebound:AbsorbEndCombat":0,"Bag of Marbles":13,"HollowMod:PaleOreRelic":1,"MawBank":13},{"Regal Pillow":23,"downfall:BrokenWingStatue":8,"downfall:GremlinWheel":43,"CeramicFish":8,"Bird Faced Urn":17,"downfall:HeartBlessingGreen":17,"Philosopher\u0027s Stone":35,"Slimebound:AbsorbEndCombat":0,"Bag of Marbles":56,"HollowMod:PaleOreRelic":4,"MawBank":56}]},"card_choices":[{"not_picked":["Slimebound:Dissolve","Slimebound:ProtectTheBoss"],"picked":"Slimebound:SplitLeeching","floor":2},{"not_picked":["Slimebound:RejuvenatingLick","Slimebound:DisruptingSlam"],"picked":"Slimebound:Grow","floor":4},{"not_picked":["Slimebound:SplitLeeching","Slimebound:HauntingLick"],"picked":"Slimebound:LeadByExample","floor":9},{"not_picked":["Slimebound:LivingWall","Slimebound:DuplicatedForm","Slimebound:ComboTackle"],"picked":"SKIP","floor":10},{"not_picked":["Slimebound:PressTheAttack","Slimebound:DouseInSlime"],"picked":"Slimebound:SlimeSpikes","floor":11},{"not_picked":["Slimebound:FormOfPuddle","Slimebound:SamplingLick","Slimebound:Gluttony"],"picked":"SKIP","floor":13},{"not_picked":["Slimebound:ProtectTheBoss","Slimebound:ItLooksTasty"],"picked":"Slimebound:SplitAcid","floor":14},{"not_picked":["Slimebound:FinishingTackle","Slimebound:GoopSpray","Slimebound:RejuvenatingLick"],"picked":"SKIP","floor":15},{"not_picked":["Slimebound:FirmFortitude","Slimebound:Teamwork"],"picked":"Slimebound:LeechLife","floor":16},{"not_picked":["Slimebound:SplitAcid+1","Slimebound:FormOfPuddle"],"picked":"Slimebound:DisruptingSlam+1","floor":19},{"not_picked":["Slimebound:SplitAcid","Slimebound:Chomp"],"picked":"Slimebound:RollThrough","floor":22},{"not_picked":["Slimebound:SlimeBrawl","Slimebound:SlimeTap","Slimebound:LivingWall"],"picked":"SKIP","floor":23},{"not_picked":["Slimebound:SamplingLick","Slimebound:LivingWall","Slimebound:SlimeSpikes"],"picked":"SKIP","floor":26},{"not_picked":["Slimebound:SamplingLick","Slimebound:LeechingTouch"],"picked":"Slimebound:RallyTheTroops","floor":27},{"not_picked":["Slimebound:HauntingLick","Slimebound:LivingWall"],"picked":"Slimebound:LeadByExample","floor":29},{"not_picked":["Slimebound:GrowthPunch","Slimebound:AcidTongue","Slimebound:SlimeTap"],"picked":"SKIP","floor":30},{"not_picked":["Slimebound:SplitLeeching","Slimebound:SplitBruiser"],"picked":"Slimebound:ForwardTackle","floor":31},{"not_picked":["Slimebound:SplitLeeching","Slimebound:GoopTackle"],"picked":"Slimebound:LivingWall","floor":32}],"player_experience":435047,"relics_obtained":[{"floor":7,"key":"CeramicFish"},{"floor":11,"key":"Bird Faced Urn"},{"floor":13,"key":"Regal Pillow"},{"floor":21,"key":"downfall:GremlinWheel"},{"floor":23,"key":"MawBank"},{"floor":24,"key":"Bag of Marbles"}],"event_choices":[{"damage_healed":0,"gold_gain":0,"player_choice":"Success","damage_taken":3,"relics_obtained":["HollowMod:PaleOreRelic"],"max_hp_gain":0,"max_hp_loss":0,"event_name":"Scrap Ooze","floor":3,"gold_loss":0},{"damage_healed":0,"gold_gain":0,"player_choice":"Donut","damage_taken":0,"max_hp_gain":5,"max_hp_loss":0,"event_name":"Big Fish","floor":5,"gold_loss":0}],"is_beta":false,"boss_relics":[{"not_picked":["Snecko Eye","Empty Cage"],"picked":"Philosopher\u0027s Stone"}],"items_purged_floors":[],"is_endless":false,"potions_floor_spawned":[2,13,15,16,21,30,32],"killed_by":"SI_MIRROR_ARCHETYPE","ascension_level":0}}