{"host":"7fyy23rucerupe6i","time":1614253988,"event":{"mods":["AchievementEnabler","Act Like it!","Aspiration","BaseMod","Better Note","BetterRewards","Colored Map","Colored Powertips","Conspire","Curses Come First","Custom Start","Downfall","Googly Eyes","Marisa£®ÏF”Í°°ƒß¿Ì…≥£©","Minty Spire (QoL Compilation)","Quick Restart","Relic Stats","Shop Mod","ShortenTheSpire","Spicy Shops","StSLib","SuperFastMode","The Blackbeard","The Construct","The Cursed","The Senshi","The Servant 0.9.4"],"gold_per_floor":[112,112,112,124,73,105,105,105,153,70,82,115,115,130,130,209,209,219,219,219],"floor_reached":19,"language":"ZHS","playtime":528,"items_purged":["Pride"],"score":400,"play_id":"53fa01a3-29c8-492f-89bb-4b36fda1c281","local_time":"20210225195308","is_ascension_mode":true,"campfire_choices":[{"data":"Eruption","floor":7,"key":"SMITH"},{"data":"Crescendo","floor":13,"key":"SMITH"},{"data":"FlyingSleeves","floor":15,"key":"SMITH"}],"circlet_count":0,"master_deck":["AscendersBane","Strike_P","Strike_P+1","Strike_P","Strike_P","Defend_P","Defend_P","Defend_P","Defend_P+1","Eruption+1","Vigilance","JustLucky","Prostrate","FlyingSleeves+1","Crescendo+1","JustLucky","FlurryOfBlows","Injury","Conclude+1","Halt","Devotion"],"relics":["PureWater","Lee\u0027s Waffle","Kunai","Shuriken","Mercury Hourglass","Dream Catcher","Molten Egg 2","Potion Belt","conspire:DeflatedDodgeball","sneckomod:SneckoTalon"],"acts_visited":["Exordium","TheCity"],"potions_floor_usage":[],"damage_taken":[{"damage":0,"enemies":"2 Louse","floor":1,"turns":2},{"damage":2,"enemies":"Small Slimes","floor":4,"turns":2},{"damage":24,"enemies":"Lagavulin","floor":6,"turns":5},{"damage":0,"enemies":"Jaw Worm","floor":11,"turns":2},{"damage":0,"enemies":"Gremlin Nob","floor":12,"turns":2},{"damage":0,"enemies":"Looter","floor":14,"turns":3},{"damage":10,"enemies":"Hexaghost","floor":16,"turns":8},{"damage":35,"enemies":"Shell Parasite","floor":18,"turns":4},{"damage":37,"enemies":"Masked Bandits","floor":19,"turns":2}],"seed_played":"-147812508575845019","potions_obtained":[{"floor":4,"key":"bronze:BurnAndBuffPotion"},{"floor":12,"key":"BottledMiracle"}],"is_trial":false,"path_per_floor":["M","?","?","M","$","E","R","?","T","$","M","E","R","M","R","B",null,"M","?"],"character_chosen":"WATCHER","items_purchased":["Lee\u0027s Waffle","Kunai","Shuriken","Mercury Hourglass","JustLucky","JustLucky","Conclude+1"],"campfire_rested":0,"item_purchase_floors":[0,0,0,0,0,5,10],"current_hp_per_floor":[75,80,56,54,54,30,30,30,30,30,30,30,30,30,30,20,65,30,0,0],"gold":219,"neow_bonus":"","is_daily":false,"chose_seed":false,"campfire_upgraded":3,"win_rate":0.0,"timestamp":1614253988,"path_taken":["M","?","?","M","?","E","R","?","T","$","?","E","R","M","R","BOSS","M","?"],"items_purchased_type":["Relic","Relic","Relic","Relic","Card","Card","Card"],"build_version":"2020-12-22","purchased_purges":1,"victory":false,"max_hp_per_floor":[75,80,80,80,80,80,80,80,80,80,80,80,80,80,80,80,80,80,80,80],"relic_stats":{"Lee\u0027s Waffle":45,"Dream Catcher":0,"counters":[50,173],"Shuriken":[16],"Kunai":[16],"obtain_stats":[{"aspiration:Lifesprig":0,"CeramicFish":10,"Vajra":0,"theSenshi:FeatherClipsRelic":0,"Boot":11,"Sling":0,"Ancient Tea Set":0,"Centennial Puzzle":13,"Dream Catcher":6,"Matryoshka":0,"HornCleat":6,"conspire:DecoderRing":2,"Tiny Chest":0,"MealTicket":0,"Kunai":0,"Toxic Egg 2":0,"Potion Belt":9,"champ:Barbells":0,"bronze:DonusWashers":0,"Lee\u0027s Waffle":0,"Golden Idol":5,"Damaru":0,"Question Card":0,"sneckomod:SneckoTalon":17,"White Beast Statue":9,"Mercury Hourglass":0,"Bottled Flame":6,"Anchor":0,"Ornamental Fan":9,"Shuriken":0,"Bronze Scales":0,"Molten Egg 2":8,"Coffee Dripper":17,"Bag of Marbles":0,"Art of War":13,"PureWater":0,"conspire:DeflatedDodgeball":12,"FossilizedHelix":0,"TungstenRod":0,"Meat on the Bone":9},{"aspiration:Lifesprig":0,"CeramicFish":24,"Vajra":18,"theSenshi:FeatherClipsRelic":12,"Boot":5,"Sling":32,"Ancient Tea Set":32,"Centennial Puzzle":7,"Dream Catcher":44,"Matryoshka":0,"HornCleat":16,"conspire:DecoderRing":28,"Tiny Chest":18,"MealTicket":27,"Kunai":41,"Toxic Egg 2":12,"Potion Belt":3,"champ:Barbells":18,"bronze:DonusWashers":0,"Lee\u0027s Waffle":41,"Golden Idol":15,"Damaru":0,"Question Card":27,"sneckomod:SneckoTalon":48,"White Beast Statue":3,"Mercury Hourglass":41,"Bottled Flame":31,"Anchor":32,"Ornamental Fan":23,"Shuriken":41,"Bronze Scales":12,"Molten Egg 2":44,"Coffee Dripper":9,"Bag of Marbles":12,"Art of War":25,"PureWater":0,"conspire:DeflatedDodgeball":46,"FossilizedHelix":18,"TungstenRod":27,"Meat on the Bone":38},{"aspiration:Lifesprig":0,"CeramicFish":83,"Vajra":62,"theSenshi:FeatherClipsRelic":44,"Boot":20,"Sling":115,"Ancient Tea Set":115,"Centennial Puzzle":26,"Dream Catcher":152,"Matryoshka":0,"HornCleat":56,"conspire:DecoderRing":105,"Tiny Chest":62,"MealTicket":103,"Kunai":144,"Toxic Egg 2":44,"Potion Belt":12,"champ:Barbells":62,"bronze:DonusWashers":0,"Lee\u0027s Waffle":144,"Golden Idol":52,"Damaru":0,"Question Card":103,"sneckomod:SneckoTalon":167,"White Beast Statue":12,"Mercury Hourglass":144,"Bottled Flame":114,"Anchor":115,"Ornamental Fan":77,"Shuriken":144,"Bronze Scales":44,"Molten Egg 2":152,"Coffee Dripper":38,"Bag of Marbles":44,"Art of War":91,"PureWater":0,"conspire:DeflatedDodgeball":156,"FossilizedHelix":62,"TungstenRod":103,"Meat on the Bone":132}],"Mercury Hourglass":[85]},"card_choices":[{"not_picked":["Prostrate","Halt"],"picked":"FlyingSleeves","floor":1},{"not_picked":["SashWhip","DeceiveReality"],"picked":"Crescendo","floor":4},{"not_picked":["SashWhip","Worship"],"picked":"FlurryOfBlows","floor":6},{"not_picked":["SashWhip+1","Crescendo","EmptyBody"],"picked":"SKIP","floor":11},{"not_picked":["Crescendo","Prostrate"],"picked":"Halt","floor":12},{"not_picked":["MentalFortress","FollowUp+1","Protect"],"picked":"SKIP","floor":14},{"not_picked":["ConjureBlade","Omniscience"],"picked":"Devotion","floor":16},{"not_picked":["CutThroughFate+1","Collect","EmptyBody"],"picked":"SKIP","floor":18}],"player_experience":613941,"relics_obtained":[{"floor":6,"key":"Dream Catcher"},{"floor":9,"key":"Potion Belt"},{"floor":12,"key":"conspire:DeflatedDodgeball"}],"event_choices":[{"damage_healed":0,"gold_gain":0,"player_choice":"Donut","damage_taken":0,"max_hp_gain":5,"max_hp_loss":0,"event_name":"Big Fish","floor":2,"gold_loss":0},{"damage_healed":0,"gold_gain":0,"player_choice":"Entered Light","damage_taken":24,"max_hp_gain":0,"max_hp_loss":0,"event_name":"Shining Light","floor":3,"gold_loss":0,"cards_upgraded":["Defend_P","Strike_P"]},{"damage_healed":0,"gold_gain":0,"player_choice":"Fought Bandits","damage_taken":0,"max_hp_gain":0,"max_hp_loss":0,"event_name":"Masked Bandits","floor":19,"gold_loss":0}],"is_beta":false,"boss_relics":[{"not_picked":["Runic Pyramid","VioletLotus"],"picked":"sneckomod:SneckoTalon"}],"items_purged_floors":[0],"is_endless":false,"potions_floor_spawned":[4,12],"killed_by":"Masked Bandits","ascension_level":20}}