{"host":"oigynbtg272c19pw","time":1614244215,"event":{"mods":["BaseMod","Colored Map","Minty Spire (QoL Compilation)","Relic Stats","Slay the Relics Exporter","StSLib"],"gold_per_floor":[18,32,48,67,67,67,67,67],"floor_reached":7,"playtime":359,"items_purged":[],"score":86,"play_id":"414caa6c-2178-4969-8061-aa160d383f2f","local_time":"20210225101015","is_ascension_mode":true,"campfire_choices":[{"data":"Searing Blow","floor":6,"key":"SMITH"}],"circlet_count":0,"master_deck":["AscendersBane","Strike_R","Strike_R","Strike_R","Strike_R","Defend_R","Defend_R","Defend_R","Defend_R","Bash","Magnetism","Thunderclap","Blood for Blood","Burning Pact","Searing Blow+1"],"relics":["Burning Blood"],"acts_visited":["Exordium"],"potions_floor_usage":[7],"damage_taken":[{"damage":12.0,"enemies":"Jaw Worm","floor":1.0,"turns":5.0},{"damage":5.0,"enemies":"Small Slimes","floor":2.0,"turns":4.0},{"damage":8.0,"enemies":"Cultist","floor":3.0,"turns":4.0},{"damage":13.0,"enemies":"Exordium Thugs","floor":4.0,"turns":4.0},{"damage":47,"enemies":"3 Sentries","floor":7,"turns":9}],"seed_played":"657816000779937826","potions_obtained":[{"floor":1.0,"key":"Explosive Potion"},{"floor":2.0,"key":"CultistPotion"},{"floor":4,"key":"Weak Potion"}],"is_trial":false,"path_per_floor":["M","M","M","M","?","R","E"],"character_chosen":"IRONCLAD","items_purchased":[],"campfire_rested":0,"item_purchase_floors":[],"current_hp_per_floor":[62,63,61,54,47,47,0,0],"gold":67,"neow_bonus":"RANDOM_COLORLESS_2","is_daily":false,"chose_seed":false,"campfire_upgraded":1,"win_rate":0.0,"timestamp":1614244215,"path_taken":["M","M","M","M","?","R","E"],"items_purchased_type":[],"build_version":"2020-12-13","purchased_purges":0,"victory":false,"max_hp_per_floor":[75,75,75,75,75,75,75,75],"relic_stats":{"counters":[5,26],"obtain_stats":[{"Burning Blood":0},{"Burning Blood":0},{"Burning Blood":0}],"Burning Blood":24},"card_choices":[{"not_picked":["Mayhem","Secret Weapon"],"picked":"Magnetism","floor":0.0},{"not_picked":["Metallicize","Warcry"],"picked":"Thunderclap","floor":1.0},{"not_picked":["Ghostly Armor","Shrug It Off"],"picked":"Blood for Blood","floor":2.0},{"not_picked":["Twin Strike","Sword Boomerang"],"picked":"Burning Pact","floor":3.0},{"not_picked":["Clothesline","Disarm"],"picked":"Searing Blow","floor":4}],"player_experience":1658114,"relics_obtained":[],"event_choices":[{"cards_removed":["Strike_R"],"damage_healed":0,"gold_gain":0,"player_choice":"Card Removal","damage_taken":7,"max_hp_gain":0,"max_hp_loss":0,"event_name":"Golden Wing","floor":5,"gold_loss":0}],"is_beta":false,"boss_relics":[],"items_purged_floors":[],"is_endless":false,"potions_floor_spawned":[1,2,4],"killed_by":"3 Sentries","ascension_level":20}}