{"host":"t68ntb1c3qnogwpa","time":1614213157,"event":{"mods":["BaseMod","Downfall","Minty Spire (QoL Compilation)","Relic Stats","StSLib"],"gold_per_floor":[99,114,132,146,164,64,87,112,124,59,78,98,98,111,129,129,129,129],"floor_reached":16,"language":"ZHS","playtime":779,"items_purged":["bronze:Replicate"],"score":108,"play_id":"77d13bc8-f56e-49c3-b68e-1d99b7e7f6eb","local_time":"20210225083237","is_ascension_mode":false,"campfire_choices":[{"floor":1.0,"key":"RECALL"},{"data":"bronze:Overheat","floor":6.0,"key":"SMITH"},{"data":"bronze:Repulsor","floor":13.0,"key":"SMITH"}],"circlet_count":0,"master_deck":["bronze:Strike","bronze:Strike","bronze:Strike","bronze:Strike","bronze:Defend","bronze:Defend","bronze:Defend","bronze:Defend","bronze:Goto","bronze:Overheat+1","bronze:Shield","bronze:Allocate","bronze:Boost","bronze:Repulsor+1","bronze:Hardcode"],"relics":["Runic Pyramid","downfall:HeartBlessingRed","Smiling Mask"],"acts_visited":["Exordium"],"potions_floor_usage":[14],"damage_taken":[{"damage":0.0,"enemies":"Cultist","floor":2.0,"turns":4.0},{"damage":2.0,"enemies":"2 Louse","floor":3.0,"turns":2.0},{"damage":0.0,"enemies":"Small Slimes","floor":4.0,"turns":3.0},{"damage":2.0,"enemies":"Exordium Thugs","floor":5.0,"turns":4.0},{"damage":21.0,"enemies":"Gremlin Nob","floor":8.0,"turns":5.0},{"damage":3.0,"enemies":"Red Slaver","floor":9.0,"turns":3.0},{"damage":0.0,"enemies":"downfall:FleeingMerchant","floor":10.0,"turns":4.0},{"damage":7.0,"enemies":"Blue Slaver","floor":11.0,"turns":3.0},{"damage":0.0,"enemies":"Large Slime","floor":12.0,"turns":3.0},{"damage":4,"enemies":"Exordium Thugs","floor":14,"turns":5},{"damage":9,"enemies":"3 Louse","floor":15,"turns":3},{"damage":3,"enemies":"WA_ARCHETYPE_RETAIN","floor":16,"turns":7}],"seed_played":"3662535776781209303","potions_obtained":[{"floor":4.0,"key":"Fire Potion"},{"floor":5.0,"key":"SteroidPotion"},{"floor":9.0,"key":"Fire Potion"},{"floor":11.0,"key":"ColorlessPotion"}],"is_trial":false,"path_per_floor":["R","M","M","M","M","R","T","E","M","$","M","M","R","M","M","B"],"character_chosen":"THE_AUTOMATON","items_purchased":[],"campfire_rested":0,"item_purchase_floors":[],"current_hp_per_floor":[70,70,68,68,66,66,66,45,42,42,35,35,35,31,22,19,19,19],"gold":129,"neow_bonus":"BOSS_RELIC","is_daily":false,"chose_seed":false,"campfire_upgraded":2,"win_rate":0.0,"timestamp":1614213157,"path_taken":["R","M","M","M","M","R","T","E","?","$","M","?","R","M","M","BOSS"],"items_purchased_type":[],"build_version":"2020-12-22","purchased_purges":1,"victory":false,"max_hp_per_floor":[70,70,70,70,70,70,70,70,70,70,70,70,70,70,70,70,70,70],"relic_stats":{"counters":[12,46],"Smiling Mask":25,"obtain_stats":[{"bronze:BronzeCore":0,"downfall:HeartBlessingRed":6,"Smiling Mask":8,"Runic Pyramid":0},{"bronze:BronzeCore":0,"downfall:HeartBlessingRed":4,"Smiling Mask":5,"Runic Pyramid":0},{"bronze:BronzeCore":0,"downfall:HeartBlessingRed":13,"Smiling Mask":18,"Runic Pyramid":0}]},"card_choices":[{"not_picked":["bronze:BugBarrage","bronze:Safeguard"],"picked":"bronze:Overheat","floor":2.0},{"not_picked":["bronze:BugBarrage","bronze:InfiniteBeams"],"picked":"bronze:Shield","floor":3.0},{"not_picked":["bronze:WildBeam","bronze:Deprecate"],"picked":"bronze:Allocate","floor":4.0},{"not_picked":["bronze:WhirlingStrike","bronze:Separator","bronze:Constructor"],"picked":"SKIP","floor":5.0},{"not_picked":["bronze:Branch","bronze:Separator","bronze:BugBarrage"],"picked":"SKIP","floor":8.0},{"not_picked":["bronze:Deprecate","bronze:BitShift"],"picked":"bronze:Boost","floor":9.0},{"not_picked":["bronze:Shell","bronze:BugBarrage","bronze:ForLoop"],"picked":"SKIP","floor":10.0},{"not_picked":["bronze:Overheat","bronze:Frontload","bronze:Branch"],"picked":"SKIP","floor":11.0},{"not_picked":["bronze:Constructor","bronze:Iterate"],"picked":"bronze:Repulsor","floor":12.0},{"not_picked":["bronze:GetLatest","bronze:Shield"],"picked":"bronze:Hardcode","floor":14},{"not_picked":["bronze:Terminator","bronze:Backtrace","bronze:Shield"],"picked":"SKIP","floor":15}],"player_experience":506670,"relics_obtained":[{"floor":8.0,"key":"Smiling Mask"}],"event_choices":[],"is_beta":false,"boss_relics":[],"items_purged_floors":[10],"is_endless":false,"potions_floor_spawned":[4,5,9,11],"killed_by":"WA_ARCHETYPE_RETAIN","ascension_level":0}}