{"host":"2e3z4r48quhw80cc","time":1614291977,"event":{"mods":["BaseMod","Minty Spire (QoL Compilation)","Quick Restart","StSLib","SuperFastMode"],"gold_per_floor":[115,115,115,265,275,275,304,304,304,329,343,358,216,232,232,232,232],"floor_reached":16,"language":"KOR","playtime":265,"items_purged":["Doubt"],"score":236,"play_id":"636d9f4e-9f75-4cae-b2d7-75aba56b11f1","local_time":"20210226072617","is_ascension_mode":true,"campfire_choices":[{"data":"Zap","floor":6,"key":"SMITH"},{"data":"White Noise","floor":8,"key":"SMITH"},{"data":"Creative AI","floor":15,"key":"SMITH"}],"circlet_count":0,"master_deck":["AscendersBane","Strike_B","Strike_B","Strike_B","Defend_B","Defend_B","Defend_B","Defend_B","Zap+1","Dualcast","White Noise+1","Leap","BootSequence","Creative AI+1","Capacitor","Leap","Defragment","Ball Lightning"],"relics":["Cracked Core","NeowsBlessing","Strawberry","Sundial","Kunai","Question Card"],"acts_visited":["Exordium"],"potions_floor_usage":[16],"damage_taken":[{"damage":0,"enemies":"Jaw Worm","floor":1,"turns":1},{"damage":0,"enemies":"2 Louse","floor":5,"turns":1},{"damage":0,"enemies":"3 Sentries","floor":7,"turns":1},{"damage":27,"enemies":"Lagavulin","floor":10,"turns":7},{"damage":0,"enemies":"Cultist","floor":11,"turns":4},{"damage":15,"enemies":"Large Slime","floor":12,"turns":7},{"damage":16,"enemies":"2 Fungi Beasts","floor":14,"turns":4},{"damage":8,"enemies":"Hexaghost","floor":16,"turns":4}],"seed_played":"-3461932214829288471","potions_obtained":[{"floor":1,"key":"DistilledChaos"},{"floor":14,"key":"Strength Potion"}],"is_trial":false,"path_per_floor":["M","?","?","?","M","R","E","R","T","E","M","M","$","M","R","B"],"character_chosen":"DEFECT","items_purchased":["Defragment"],"campfire_rested":0,"item_purchase_floors":[13],"current_hp_per_floor":[64,64,66,66,66,66,66,66,66,39,39,24,24,8,8,0,0],"gold":232,"neow_bonus":"THREE_ENEMY_KILL","is_daily":false,"chose_seed":false,"campfire_upgraded":3,"win_rate":0.0,"timestamp":1614291977,"path_taken":["M","?","?","?","M","R","E","R","T","E","M","M","$","M","R","BOSS"],"items_purchased_type":["Card"],"build_version":"2020-12-22","purchased_purges":1,"victory":false,"max_hp_per_floor":[71,71,78,78,78,78,78,78,78,78,78,78,78,78,78,78,78],"card_choices":[{"not_picked":["Conserve Battery","Compile Driver"],"picked":"White Noise","floor":1},{"not_picked":["Steam","Rebound"],"picked":"Leap","floor":5},{"not_picked":["Steam","Sweeping Beam"],"picked":"BootSequence","floor":7},{"not_picked":["Coolheaded","Static Discharge"],"picked":"Creative AI","floor":10},{"not_picked":["Sweeping Beam","Cold Snap","Hello World"],"picked":"Capacitor","floor":11},{"not_picked":["Sweeping Beam","White Noise","Redo"],"picked":"Leap","floor":12},{"not_picked":["Redo","Leap","Compile Driver"],"picked":"Ball Lightning","floor":14}],"player_experience":209445,"relics_obtained":[{"floor":7,"key":"Sundial"},{"floor":9,"key":"Kunai"},{"floor":10,"key":"Question Card"}],"event_choices":[{"cards_removed":["Strike_B"],"damage_healed":0,"gold_gain":0,"player_choice":"Forget","damage_taken":0,"max_hp_gain":0,"max_hp_loss":0,"event_name":"Living Wall","floor":2,"gold_loss":0},{"damage_healed":0,"gold_gain":0,"player_choice":"Success","damage_taken":5,"relics_obtained":["Strawberry"],"max_hp_gain":0,"max_hp_loss":0,"event_name":"Scrap Ooze","floor":3,"gold_loss":0},{"damage_healed":0,"gold_gain":150,"player_choice":"AGREE","damage_taken":0,"max_hp_gain":0,"max_hp_loss":0,"event_name":"Liars Game","floor":4,"gold_loss":0,"cards_obtained":["Doubt"]}],"is_beta":false,"boss_relics":[],"items_purged_floors":[13],"is_endless":false,"potions_floor_spawned":[1,14],"killed_by":"Hexaghost","ascension_level":15}}