{"host":"1zjbco0fylw71vbw","time":1614253002,"event":{"mods":["2.2 Compatiblity","AchievementEnabler","Aspiration","BaseMod","Best Route Mod","Better Altar","Better Match","Better Note","Better Sensory Stone","Better Third Choice","Better Vampires","Colored Powertips","Defective Defect","Energized Spire","Halation","Hero for Fun","Highlight Path","Hubris","Infinite Spire","Ironclad Rager","Mimic Mod","Minty Spire (QoL Compilation)","Permanent Neow","Quick Restart","RNG Fix","Rare Cards Sparkle","Relic Stats","Replay The Spire","Shade Mod","Shop Mod","Slumbering Mod","StSLib","Swap Starting Deck Mod","The Accelerator","The Blue Laboratory","The Cursed","The Forsaken","The IronCluck","Useless Jewels Mod","everything is the same but u backflip on backflip"],"gold_per_floor":[110,130,130,147,147,147,177,188,211,87,87,87,98,118,118,220,220,234,159,170,190,204,237,237,268,322,322,322,322,322,345,345,454,454,474,502,57,57,69,91,91,104,104,125,125,125,125,137,137,137],"floor_reached":51,"language":"ENG","playtime":2647,"items_purged":["Tactician+1"],"score":692,"play_id":"3ca5ee7e-2e9b-46be-9679-3e455f9fdfd3","local_time":"20210225223642","is_ascension_mode":false,"campfire_choices":[{"data":"Replay:Fractal Strike","floor":11.0,"key":"SMITH"},{"data":"Finisher","floor":15.0,"key":"SMITH"},{"data":"Infinite Blades","floor":24,"key":"SMITH"},{"data":"Blade Dance","floor":28,"key":"SMITH"},{"data":"Blade Dance","floor":30,"key":"SMITH"},{"floor":32,"key":"REST"},{"floor":47,"key":"REST"},{"floor":49,"key":"REST"}],"circlet_count":0,"master_deck":["Slice","Slice","Slice","Slice","Finisher+1","Cloak And Dagger","Cloak And Dagger","Cloak And Dagger","Cloak And Dagger","Blade Dance+1","Cloak And Dagger","Blade Dance+1","Replay:Fractal Strike+1","Backflip+1","Infinite Blades+1","Cloak And Dagger+1","Slice","Hidden Blade+1","Venomology+1","Backflip+1","Hidden Blade+1","Distraction+1","Hidden Blade+1","Cloak And Dagger+1","Doppelganger+1","Slice","Blade Dance+1","ReplayTheSpireMod:Shiv Toss+1","Blade Dance+1","Slice+1","Outmaneuver+1","Cloak And Dagger+1"],"relics":["Ring of the Snake","halation:RedSoulGem","Toxic Egg 2","ReplayTheSpireMod:TigerMarble","halation:LostSnail","NlothsMask","energizedSpire:DeadBattery","Orichalcum","Letter Opener","The Specimen","CeramicFish","theSlumbering:GamblerFolly","FossilizedHelix","halation:PapillonHeart","Pet Ghost","infinitespire:Lucky Rock","Ring of Fangs"],"acts_visited":["Exordium","TheCity","TheBeyond"],"potions_floor_usage":[21,23,23,25,33,33,33,36,36,39,40,44,44,48,48,48,48,50],"damage_taken":[{"damage":0.0,"enemies":"2 Louse","floor":1.0,"turns":1.0},{"damage":0.0,"enemies":"Cultist","floor":2.0,"turns":1.0},{"damage":0.0,"enemies":"Jaw Worm","floor":4.0,"turns":1.0},{"damage":0.0,"enemies":"3 Sentries","floor":7.0,"turns":3.0},{"damage":0.0,"enemies":"2 Fungi Beasts","floor":8.0,"turns":1.0},{"damage":5.0,"enemies":"Lots of Slimes","floor":13.0,"turns":2.0},{"damage":0.0,"enemies":"Large Slime","floor":14.0,"turns":2.0},{"damage":4.0,"enemies":"Slime Boss","floor":16.0,"turns":4.0},{"damage":0,"enemies":"Chosen","floor":18,"turns":2},{"damage":0,"enemies":"Spheric Guardian","floor":20,"turns":1},{"damage":0,"enemies":"Snake Plant","floor":21,"turns":2},{"damage":0,"enemies":"Cultist and Chosen","floor":22,"turns":3},{"damage":11,"enemies":"Slavers","floor":23,"turns":5},{"damage":6,"enemies":"Book of Stabbing","floor":25,"turns":4},{"damage":45,"enemies":"Champ","floor":33,"turns":7},{"damage":0,"enemies":"3 Shapes","floor":35,"turns":3},{"damage":0,"enemies":"3 Darklings","floor":36,"turns":3},{"damage":19,"enemies":"Writhing Mass","floor":39,"turns":4},{"damage":19,"enemies":"Reptomancer","floor":40,"turns":3},{"damage":0,"enemies":"Spire Growth","floor":42,"turns":2},{"damage":10,"enemies":"3 Darklings","floor":44,"turns":2},{"damage":0,"enemies":"Writhing Mass","floor":48,"turns":3},{"damage":18,"enemies":"Replay:Hell Engine","floor":50,"turns":6}],"seed_played":"532618158710696964","potions_obtained":[{"floor":4.0,"key":"blueLaboratory:BubblePotion"},{"floor":8.0,"key":"Milkshake"},{"floor":13.0,"key":"blueLaboratory:Moonshine"},{"floor":14.0,"key":"blueLaboratory:BottleOfRum"},{"floor":21,"key":"blueLaboratory:FrostheartPotion"},{"floor":23,"key":"Dexterity Potion"},{"floor":36,"key":"Strength Potion"},{"floor":42,"key":"Energy Potion"},{"floor":44,"key":"Explosive Potion"}],"is_trial":false,"path_per_floor":["M","M","$","M","?","?","E","M","T","$","R","?","M","M","R","B",null,"M","?","M","M","M","E","R","E","T","AVR","R","?","R","T","R","B",null,"M","M","$","?","M","E","?","M","T","M","$","?","R","M","R","B",null],"character_chosen":"THE_SILENT","items_purchased":["halation:LostSnail","Cloak And Dagger+1","theSlumbering:GamblerFolly","FossilizedHelix"],"campfire_rested":3,"item_purchase_floors":[10,10,37,37],"current_hp_per_floor":[53,53,53,53,53,40,40,40,40,40,40,40,35,35,35,31,53,53,53,53,53,53,42,42,36,36,36,36,36,36,36,51,6,53,53,53,53,50,31,12,12,12,12,2,2,2,17,17,32,14],"gold":137,"neow_bonus":"","is_daily":false,"chose_seed":false,"campfire_upgraded":5,"win_rate":0.0,"timestamp":1614253002,"path_taken":["M","M","?","M","?","?","E","?","T","$","R","?","M","M","R","BOSS","M","?","?","M","M","E","R","E","T","AVR","R","?","R","?","R","BOSS","M","?","$","?","M","E","?","?","T","M","$","?","R","M","R","BOSS"],"items_purchased_type":["Relic","Card","Relic","Relic"],"build_version":"2020-12-22","purchased_purges":1,"victory":true,"max_hp_per_floor":[53,53,53,53,53,53,53,53,53,53,53,53,53,53,53,53,53,53,53,53,53,53,53,53,53,53,53,53,53,53,53,53,53,53,53,53,53,50,50,50,50,50,50,50,50,50,50,50,50,50],"relic_stats":{"counters":[23,65],"CeramicFish":51,"Letter Opener":[247],"Orichalcum":[6],"obtain_stats":[{"theSlumbering:GamblerFolly":37,"halation:PapillonHeart":38,"The Specimen":27,"CeramicFish":31,"Letter Opener":25,"infinitespire:Lucky Rock":43,"Orichalcum":23,"energizedSpire:DeadBattery":17,"Pet Ghost":40,"halation:RedSoulGem":5,"Ring of Fangs":46,"ReplayTheSpireMod:TigerMarble":9,"Toxic Egg 2":7,"halation:LostSnail":10,"FossilizedHelix":37,"Ring of the Snake":0,"NlothsMask":12},{"theSlumbering:GamblerFolly":17,"halation:PapillonHeart":17,"The Specimen":14,"CeramicFish":14,"Letter Opener":14,"infinitespire:Lucky Rock":20,"Orichalcum":13,"energizedSpire:DeadBattery":8,"Pet Ghost":19,"halation:RedSoulGem":3,"Ring of Fangs":21,"ReplayTheSpireMod:TigerMarble":5,"Toxic Egg 2":4,"halation:LostSnail":5,"FossilizedHelix":17,"Ring of the Snake":0,"NlothsMask":5},{"theSlumbering:GamblerFolly":45,"halation:PapillonHeart":45,"The Specimen":32,"CeramicFish":32,"Letter Opener":32,"infinitespire:Lucky Rock":54,"Orichalcum":28,"energizedSpire:DeadBattery":15,"Pet Ghost":52,"halation:RedSoulGem":3,"Ring of Fangs":56,"ReplayTheSpireMod:TigerMarble":7,"Toxic Egg 2":6,"halation:LostSnail":7,"FossilizedHelix":45,"Ring of the Snake":0,"NlothsMask":7}],"Ring of the Snake":[46]},"card_choices":[{"not_picked":["Dagger Throw","Poisoned Stab"],"picked":"Cloak And Dagger","floor":1.0},{"not_picked":["Riddle With Holes","Caltrops","Toxin Wave"],"picked":"SKIP","floor":2.0},{"not_picked":["ReplayTheSpireMod:The Works","Outmaneuver"],"picked":"Blade Dance","floor":4.0},{"not_picked":["ReplayTheSpireMod:Haul","ReplayTheSpireMod:Black Plague"],"picked":"Replay:Fractal Strike","floor":6.0},{"not_picked":["Skewer","Acrobatics+1"],"picked":"Backflip+1","floor":7.0},{"not_picked":["Grand Finale","Sucker Punch"],"picked":"Infinite Blades","floor":8.0},{"not_picked":["Acrobatics+1","Predator"],"picked":"Slice","floor":13.0},{"not_picked":["Heel Hook","Flying Knee"],"picked":"Hidden Blade+1","floor":14.0},{"not_picked":["Poison Darts+1","Burst+1"],"picked":"Venomology+1","floor":16.0},{"not_picked":["PiercingWail+1","Dagger Throw"],"picked":"Backflip+1","floor":18},{"not_picked":["Acrobatics+1","Dagger Throw+1"],"picked":"Hidden Blade+1","floor":19},{"not_picked":["Footwork","Burst+1"],"picked":"Tactician+1","floor":20},{"not_picked":["Expertise+1","Underhanded Strike","Flying Knee"],"picked":"SKIP","floor":21},{"not_picked":["Dagger Throw","PiercingWail+1"],"picked":"Distraction+1","floor":22},{"not_picked":["Leg Sweep+1","hubris:SlightOfHand+1"],"picked":"Hidden Blade+1","floor":23},{"not_picked":["ReplayTheSpireMod:From All Sides","Underhanded Strike"],"picked":"Cloak And Dagger+1","floor":25},{"not_picked":["Storm of Steel+1","Envenom"],"picked":"Doppelganger+1","floor":33},{"not_picked":["Masterful Stab+1","Poisoned Stab"],"picked":"Slice","floor":35},{"not_picked":["Predator+1","Cloak And Dagger+1"],"picked":"Blade Dance+1","floor":36},{"not_picked":["Bane+1","Concentrate+1"],"picked":"ReplayTheSpireMod:Shiv Toss+1","floor":39},{"not_picked":["Poisoned Stab+1","Deadly Poison+1"],"picked":"Blade Dance+1","floor":40},{"not_picked":["Riddle With Holes","Die Die Die"],"picked":"Slice+1","floor":42},{"not_picked":["Bane+1","Noxious Fumes+1"],"picked":"Outmaneuver+1","floor":44},{"not_picked":["hubris:SlightOfHand+1","Bane+1"],"picked":"Cloak And Dagger+1","floor":48}],"player_experience":402267,"relics_obtained":[{"floor":7.0,"key":"Toxic Egg 2"},{"floor":9.0,"key":"ReplayTheSpireMod:TigerMarble"},{"floor":23,"key":"Orichalcum"},{"floor":25,"key":"Letter Opener"},{"floor":31,"key":"CeramicFish"},{"floor":40,"key":"Pet Ghost"},{"floor":43,"key":"infinitespire:Lucky Rock"},{"floor":46,"key":"Ring of Fangs"}],"event_choices":[{"damage_healed":0.0,"max_hp_gain":0.0,"max_hp_loss":0.0,"gold_gain":0.0,"event_name":"FaceTrader","player_choice":"Trade","floor":12.0,"gold_loss":0.0,"damage_taken":0.0,"relics_obtained":["NlothsMask"]},{"damage_healed":0,"gold_gain":0,"player_choice":"2","damage_taken":0,"max_hp_gain":0,"max_hp_loss":0,"event_name":"betterMatch:BetterMatch","floor":19,"gold_loss":0,"cards_obtained":["betterMatch:CommonCard"]},{"cards_removed":["Replay:Fractal Strike"],"damage_healed":0,"gold_gain":0,"player_choice":"Give","damage_taken":0,"max_hp_gain":0,"max_hp_loss":0,"event_name":"betterNote:BetterNote","floor":29,"gold_loss":0,"cards_obtained":["None"]},{"damage_healed":0,"gold_gain":0,"player_choice":"Ignored","damage_taken":0,"max_hp_gain":0,"max_hp_loss":0,"event_name":"The Moai Head","floor":41,"gold_loss":0}],"is_beta":false,"boss_relics":[{"not_picked":["theForsaken:PaleLantern","halation:Risk"],"picked":"energizedSpire:DeadBattery"},{"not_picked":["halation:Prosthetics","Coffee Dripper","halation:HeavySnake"]}],"items_purged_floors":[27],"is_endless":false,"potions_floor_spawned":[4,8,13,14,21,23,36,42,44],"ascension_level":0}}