{"host":"irkvb15aeca84r2v","time":1614223011,"event":{"mods":["BaseMod","Block Reminder","Minty Spire (QoL Compilation)","Permanent Neow","Quick Restart"],"gold_per_floor":[111,121,131,147,159,159,159,159,159,192,205,222,222,222,222],"floor_reached":14,"language":"ENG","playtime":850,"items_purged":[],"score":94,"play_id":"563fcac3-0cb0-4cea-b8b1-9aab993ad832","local_time":"20210224211651","is_ascension_mode":false,"campfire_choices":[{"floor":6,"key":"RECALL"},{"data":"Heavy Blade","floor":8,"key":"SMITH"},{"floor":13,"key":"REST"}],"circlet_count":0,"master_deck":["Strike_R","Strike_R","Strike_R","Strike_R","Strike_R","Defend_R","Defend_R","Defend_R","Defend_R","Bash","Pummel","Shrug It Off","Disarm","Heavy Blade+1","Disarm","Exhume","Evolve"],"relics":["Burning Blood","Ice Cream"],"acts_visited":["Exordium"],"potions_floor_usage":[11,14],"damage_taken":[{"damage":6,"enemies":"Cultist","floor":1,"turns":3},{"damage":0,"enemies":"2 Louse","floor":2,"turns":3},{"damage":11,"enemies":"Jaw Worm","floor":3,"turns":2},{"damage":2,"enemies":"Large Slime","floor":4,"turns":7},{"damage":11,"enemies":"2 Fungi Beasts","floor":5,"turns":4},{"damage":37,"enemies":"3 Sentries","floor":10,"turns":11},{"damage":26,"enemies":"Lots of Slimes","floor":11,"turns":5},{"damage":27,"enemies":"Exordium Wildlife","floor":12,"turns":8},{"damage":34,"enemies":"Lagavulin","floor":14,"turns":7}],"seed_played":"2945125059729895855","potions_obtained":[{"floor":4,"key":"SteroidPotion"},{"floor":10,"key":"Regen Potion"},{"floor":11,"key":"BlessingOfTheForge"},{"floor":12,"key":"Weak Potion"}],"is_trial":false,"path_per_floor":["M","M","M","M","M","R","?","R","T","E","M","M","R","E"],"character_chosen":"IRONCLAD","items_purchased":[],"campfire_rested":1,"item_purchase_floors":[],"current_hp_per_floor":[80,80,75,79,74,74,90,90,90,59,51,30,57,23,23],"gold":222,"neow_bonus":"ONE_RANDOM_RARE_CARD","is_daily":false,"chose_seed":false,"campfire_upgraded":1,"win_rate":0.0,"timestamp":1614223011,"path_taken":["M","?","M","M","?","R","?","R","T","E","M","M","R","E"],"items_purchased_type":[],"build_version":"2020-12-22","purchased_purges":0,"victory":false,"max_hp_per_floor":[80,80,80,80,80,80,90,90,90,90,90,90,90,90,90],"card_choices":[{"not_picked":["Flex","Havoc"],"picked":"Pummel","floor":1},{"not_picked":["Clothesline","Warcry"],"picked":"Shrug It Off","floor":2},{"not_picked":["Power Through","Metallicize"],"picked":"Disarm","floor":3},{"not_picked":["Entrench","Clash","Havoc"],"picked":"SKIP","floor":4},{"not_picked":["Rupture","Twin Strike"],"picked":"Heavy Blade","floor":5},{"not_picked":["Infernal Blade","Dropkick"],"picked":"Disarm","floor":10},{"not_picked":["Pommel Strike","Body Slam"],"picked":"Exhume","floor":11},{"not_picked":["Clothesline","Headbutt"],"picked":"Evolve","floor":12}],"player_experience":331070,"relics_obtained":[{"floor":10,"key":"Ice Cream"}],"event_choices":[{"cards_removed":["Impervious"],"damage_healed":6,"gold_gain":0,"player_choice":"Offered Rare","damage_taken":0,"max_hp_gain":10,"max_hp_loss":0,"event_name":"Bonfire Elementals","floor":7,"gold_loss":0}],"is_beta":false,"boss_relics":[],"items_purged_floors":[],"is_endless":false,"potions_floor_spawned":[4,10,11,12],"killed_by":"Lagavulin","ascension_level":0}}