{"host":"phy652c7lim9lcu2","time":1614251987,"event":{"mods":["BaseMod","Colored Powertips","Googly Eyes","Minty Spire (QoL Compilation)","Relic Stats","Spicy Shops","StSLib","everything is the same but u backflip on backflip"],"gold_per_floor":[136,21,53,53,122,150,189,223,250,270,332,384,384,413,413,501,501,551,466,20,34,34,34,44,44,44,63,80,80,115,40,40,123,150,179,204,204],"floor_reached":36,"language":"ENG","playtime":917,"items_purged":["Doubt"],"score":751,"play_id":"5c444b0a-071d-4cf5-94f6-26100e249667","local_time":"20210225211947","is_ascension_mode":true,"campfire_choices":[{"data":"Whirlwind","floor":13.0,"key":"SMITH"},{"data":"Whirlwind","floor":15.0,"key":"SMITH"},{"data":"Offering","floor":23.0,"key":"SMITH"},{"data":"Inflame","floor":29.0,"key":"SMITH"},{"data":"Spot Weakness","floor":32.0,"key":"SMITH"}],"circlet_count":0,"master_deck":["AscendersBane","Defend_R+1","Defend_R+1","Defend_R","Defend_R","Bash","HandOfGreed+1","Cleave","Spot Weakness+1","Whirlwind+1","Inflame+1","Cleave","Impervious","Shrug It Off","Flex","Whirlwind+1","Offering+1","Shrug It Off","Corruption","Berserk","Exhume+1","Clash+1","Corruption+1","Whirlwind+1"],"relics":["Burning Blood","Mummified Hand","War Paint","Happy Flower","CeramicFish","Philosopher\u0027s Stone","Question Card","Chemical X","Red Skull","Champion Belt","Matryoshka","Pantograph","Astrolabe"],"acts_visited":["Exordium","TheCity","TheBeyond"],"potions_floor_usage":[36],"damage_taken":[{"damage":14.0,"enemies":"Jaw Worm","floor":1.0,"turns":4.0},{"damage":1.0,"enemies":"Cultist","floor":3.0,"turns":3.0},{"damage":3.0,"enemies":"2 Louse","floor":5.0,"turns":5.0},{"damage":30.0,"enemies":"Lagavulin","floor":6.0,"turns":6.0},{"damage":0.0,"enemies":"2 Fungi Beasts","floor":7.0,"turns":2.0},{"damage":18.0,"enemies":"Gremlin Nob","floor":8.0,"turns":3.0},{"damage":7.0,"enemies":"Large Slime","floor":10.0,"turns":3.0},{"damage":26.0,"enemies":"Lagavulin","floor":11.0,"turns":7.0},{"damage":8.0,"enemies":"Blue Slaver","floor":12.0,"turns":2.0},{"damage":6.0,"enemies":"Exordium Wildlife","floor":14.0,"turns":3.0},{"damage":20.0,"enemies":"Slime Boss","floor":16.0,"turns":8.0},{"damage":23.0,"enemies":"2 Thieves","floor":18.0,"turns":4.0},{"damage":15.0,"enemies":"Shell Parasite","floor":21.0,"turns":3.0},{"damage":6.0,"enemies":"Snake Plant","floor":24.0,"turns":2.0},{"damage":0.0,"enemies":"Cultist and Chosen","floor":27.0,"turns":2.0},{"damage":0.0,"enemies":"3 Cultists","floor":28.0,"turns":2.0},{"damage":27.0,"enemies":"Gremlin Leader","floor":30.0,"turns":4.0},{"damage":19.0,"enemies":"Champ","floor":33.0,"turns":5.0},{"damage":9.0,"enemies":"3 Darklings","floor":35.0,"turns":2.0}],"seed_played":"2841514458786721831","potions_obtained":[{"floor":1.0,"key":"LiquidMemories"},{"floor":3.0,"key":"Regen Potion"},{"floor":6.0,"key":"AttackPotion"},{"floor":16.0,"key":"BlessingOfTheForge"},{"floor":18.0,"key":"Fruit Juice"},{"floor":27.0,"key":"DistilledChaos"}],"is_trial":false,"path_per_floor":["M","$","M","?","M","E","M","E","T","M","E","M","R","M","R","B",null,"M","?","$","M","$","R","M","?","T","M","M","R","E","?","R","B",null,"M","M"],"character_chosen":"IRONCLAD","items_purchased":["Spot Weakness","Chemical X","Red Skull","Champion Belt"],"campfire_rested":0,"item_purchase_floors":[2,20,20,20],"current_hp_per_floor":[60,60,65,65,68,44,50,38,38,37,32,30,30,30,30,16,60,43,43,48,39,39,39,39,39,39,45,51,51,30,30,30,42,71,68,0,0],"gold":204,"neow_bonus":"RANDOM_COLORLESS_2","is_daily":false,"chose_seed":false,"campfire_upgraded":5,"win_rate":0.0,"timestamp":1614251987,"path_taken":["M","$","M","?","M","E","M","E","T","M","E","M","R","M","R","BOSS","M","?","$","M","$","R","M","?","T","?","M","R","E","?","R","BOSS","M","M"],"items_purchased_type":["Card","Relic","Relic","Relic"],"build_version":"2020-12-22","purchased_purges":1,"victory":false,"max_hp_per_floor":[75,75,75,75,75,75,75,75,75,75,75,75,75,75,75,75,75,75,75,80,80,80,80,80,80,80,80,80,80,80,80,80,80,80,80,80,80],"relic_stats":{"Happy Flower":[16],"counters":[20,73],"Mummified Hand":[15],"CeramicFish":99,"Pantograph":25,"Astrolabe":["Exhume","Clash","Corruption"],"Chemical X":[17],"Champion Belt":[4],"War Paint":["Defend_R","Defend_R"],"Question Card":7,"obtain_stats":[{"Happy Flower":9,"CeramicFish":11,"Astrolabe":34,"War Paint":8,"Question Card":19,"Burning Blood":0,"Matryoshka":26,"Mummified Hand":6,"Pantograph":30,"Philosopher\u0027s Stone":17,"Chemical X":20,"Champion Belt":20,"Red Skull":20},{"Happy Flower":6,"CeramicFish":8,"Astrolabe":18,"War Paint":6,"Question Card":12,"Burning Blood":0,"Matryoshka":14,"Mummified Hand":4,"Pantograph":17,"Philosopher\u0027s Stone":11,"Chemical X":12,"Champion Belt":12,"Red Skull":12},{"Happy Flower":23,"CeramicFish":33,"Astrolabe":68,"War Paint":23,"Question Card":50,"Burning Blood":0,"Matryoshka":55,"Mummified Hand":18,"Pantograph":63,"Philosopher\u0027s Stone":46,"Chemical X":50,"Champion Belt":50,"Red Skull":50}],"Burning Blood":114},"card_choices":[{"not_picked":["Thinking Ahead","Secret Technique"],"picked":"HandOfGreed","floor":0.0},{"not_picked":["Anger","Clash"],"picked":"Cleave","floor":1.0},{"not_picked":["Intimidate","Disarm"],"picked":"Whirlwind","floor":3.0},{"not_picked":["Iron Wave","Havoc","Twin Strike"],"picked":"SKIP","floor":5.0},{"not_picked":["Dropkick","Entrench"],"picked":"Inflame","floor":6.0},{"not_picked":["Twin Strike","Body Slam","True Grit"],"picked":"SKIP","floor":7.0},{"not_picked":["Havoc","Thunderclap"],"picked":"Cleave","floor":8.0},{"not_picked":["Twin Strike","Wild Strike"],"picked":"Impervious","floor":10.0},{"not_picked":["Dropkick","Body Slam"],"picked":"Shrug It Off","floor":11.0},{"not_picked":["Feel No Pain","Heavy Blade"],"picked":"Flex","floor":12.0},{"not_picked":["Perfected Strike","Armaments"],"picked":"Whirlwind","floor":14.0},{"not_picked":["Bludgeon","Juggernaut"],"picked":"Offering","floor":16.0},{"not_picked":["Body Slam","Twin Strike"],"picked":"Shrug It Off","floor":18.0},{"not_picked":["Wild Strike","Sword Boomerang+1","Fire Breathing","Ghostly Armor"],"picked":"SKIP","floor":21.0},{"not_picked":["Cleave+1","Burning Pact","Anger+1","Iron Wave"],"picked":"SKIP","floor":24.0},{"not_picked":["Clothesline","True Grit","Headbutt+1","Armaments"],"picked":"SKIP","floor":27.0},{"not_picked":["Thunderclap","Rampage","Body Slam","Flex"],"picked":"SKIP","floor":28.0},{"not_picked":["Intimidate","Armaments","Fire Breathing"],"picked":"Corruption","floor":30.0},{"not_picked":["Juggernaut","Barricade","Feed"],"picked":"Berserk","floor":33.0},{"not_picked":["Dark Embrace","Ghostly Armor","Fire Breathing"],"picked":"Whirlwind+1","floor":35.0}],"player_experience":369955,"relics_obtained":[{"floor":6.0,"key":"Mummified Hand"},{"floor":8.0,"key":"War Paint"},{"floor":9.0,"key":"Happy Flower"},{"floor":11.0,"key":"CeramicFish"},{"floor":26.0,"key":"Matryoshka"},{"floor":30.0,"key":"Pantograph"}],"event_choices":[{"damage_healed":0.0,"max_hp_gain":0.0,"max_hp_loss":0.0,"gold_gain":0.0,"event_name":"Accursed Blacksmith","player_choice":"Forge","floor":4.0,"gold_loss":0.0,"damage_taken":0.0,"cards_upgraded":["HandOfGreed"]},{"damage_healed":0.0,"max_hp_gain":0.0,"max_hp_loss":0.0,"gold_gain":0.0,"event_name":"Addict","player_choice":"Obtained Relic","floor":19.0,"gold_loss":85.0,"damage_taken":0.0,"relics_obtained":["Question Card"]},{"cards_removed":["Strike_R"],"damage_healed":0.0,"max_hp_gain":0.0,"max_hp_loss":0.0,"gold_gain":0.0,"event_name":"Bonfire Elementals","player_choice":"Offered Basic","floor":25.0,"gold_loss":0.0,"damage_taken":0.0},{"cards_removed":["Strike_R"],"damage_healed":0.0,"max_hp_gain":0.0,"max_hp_loss":0.0,"gold_gain":0.0,"event_name":"Beggar","player_choice":"Gave Gold","floor":31.0,"gold_loss":75.0,"damage_taken":0.0}],"is_beta":false,"boss_relics":[{"not_picked":["SlaversCollar","Cursed Key"],"picked":"Philosopher\u0027s Stone"},{"not_picked":["Snecko Eye","Fusion Hammer"],"picked":"Astrolabe"}],"items_purged_floors":[2],"is_endless":false,"potions_floor_spawned":[1,3,6,16,18,27,28,35],"killed_by":"3 Shapes","ascension_level":17}}