{"host":"7j2n82b2zha9fuyn","time":1614218897,"event":{"mods":["BaseMod","Block Reminder","Minty Spire (QoL Compilation)","StSLib"],"gold_per_floor":[110,110,9,71,36,36,368,368,368,8,22,34,54,71,71,150,150,160,171,188,198,210,210,237,237,237],"floor_reached":25,"language":"ENG","playtime":2051,"items_purged":["Strike_B"],"score":450,"play_id":"06305996-5dff-449d-9de1-27aa05a8659c","local_time":"20210224190817","is_ascension_mode":true,"campfire_choices":[{"data":"Streamline","floor":6,"key":"SMITH"},{"data":"Zap","floor":8,"key":"SMITH"},{"data":"Defragment","floor":15,"key":"SMITH"},{"floor":23,"key":"REST"}],"circlet_count":0,"master_deck":["AscendersBane","Strike_B","Defend_B+1","Defend_B","Defend_B","Defend_B","Zap+1","Dualcast+1","FTL","Streamline+1","Turbo","Gash","Defragment+1","Chill","Compile Driver","Ball Lightning","Self Repair","Meteor Strike","Sweeping Beam","Coolheaded","Steam","Reinforced Body"],"relics":["Cracked Core","Akabeko","Old Coin","Letter Opener","Empty Cage","Dream Catcher"],"acts_visited":["Exordium","TheCity"],"potions_floor_usage":[16,24],"damage_taken":[{"damage":0,"enemies":"Small Slimes","floor":1,"turns":2},{"damage":11,"enemies":"Gremlin Nob","floor":7,"turns":3},{"damage":2,"enemies":"Jaw Worm","floor":11,"turns":2},{"damage":0,"enemies":"Cultist","floor":12,"turns":3},{"damage":10,"enemies":"Exordium Thugs","floor":13,"turns":4},{"damage":6,"enemies":"3 Louse","floor":14,"turns":3},{"damage":22,"enemies":"The Guardian","floor":16,"turns":10},{"damage":0,"enemies":"Spheric Guardian","floor":18,"turns":3},{"damage":30,"enemies":"Shell Parasite","floor":19,"turns":4},{"damage":15,"enemies":"3 Cultists","floor":20,"turns":5},{"damage":6,"enemies":"Centurion and Healer","floor":21,"turns":7},{"damage":18,"enemies":"Cultist and Chosen","floor":22,"turns":7},{"damage":36,"enemies":"Book of Stabbing","floor":24,"turns":6},{"damage":25,"enemies":"Shelled Parasite and Fungi","floor":25,"turns":1}],"seed_played":"4133189966809510368","potions_obtained":[{"floor":1,"key":"Energy Potion"},{"floor":11,"key":"PowerPotion"},{"floor":19,"key":"LiquidMemories"},{"floor":24,"key":"Strength Potion"}],"is_trial":false,"path_per_floor":["M","?","$","?","?","R","E","R","T","$","M","M","M","M","R","B",null,"M","M","M","M","M","R","E","M"],"character_chosen":"DEFECT","items_purchased":["Streamline","Letter Opener","Gash","Defragment"],"campfire_rested":1,"item_purchase_floors":[3,10,10,10],"current_hp_per_floor":[64,43,43,43,60,60,49,49,49,49,47,47,37,31,31,16,57,64,41,33,34,23,44,15,0,0],"gold":237,"neow_bonus":"RANDOM_COMMON_RELIC","is_daily":false,"chose_seed":false,"campfire_upgraded":3,"win_rate":0.0,"timestamp":1614218897,"path_taken":["M","?","$","?","?","R","E","R","T","?","M","M","M","M","R","BOSS","M","M","?","M","M","R","E","M"],"items_purchased_type":["Card","Relic","Card","Card"],"build_version":"2020-12-22","purchased_purges":1,"victory":false,"max_hp_per_floor":[71,71,71,71,71,71,71,71,71,71,71,71,71,71,71,71,71,71,71,71,71,71,71,71,71,71],"card_choices":[{"not_picked":["Conserve Battery","Coolheaded"],"picked":"FTL","floor":1},{"not_picked":["Reprogram","Auto Shields"],"picked":"Turbo","floor":7},{"not_picked":["Redo","Force Field"],"picked":"Chill","floor":11},{"not_picked":["Streamline","Steam Power"],"picked":"Compile Driver","floor":12},{"not_picked":["Turbo","Stack"],"picked":"Ball Lightning","floor":13},{"not_picked":["Capacitor","Hologram"],"picked":"Self Repair","floor":14},{"not_picked":["Rainbow","Buffer"],"picked":"Meteor Strike","floor":16},{"not_picked":["Rebound","Go for the Eyes"],"picked":"Sweeping Beam","floor":18},{"not_picked":["Sweeping Beam","Barrage"],"picked":"Coolheaded","floor":19},{"not_picked":["Recycle","Compile Driver"],"picked":"Steam","floor":20},{"not_picked":["Sweeping Beam","Beam Cell","Force Field"],"picked":"SKIP","floor":21},{"not_picked":["Steam","Creative AI"],"picked":"Reinforced Body","floor":22},{"not_picked":["Coolheaded","Heatsinks","Storm"],"picked":"SKIP","floor":24}],"player_experience":2104026,"relics_obtained":[{"floor":7,"key":"Old Coin"},{"floor":24,"key":"Dream Catcher"}],"event_choices":[{"damage_healed":0,"gold_gain":0,"player_choice":"Entered Light","damage_taken":21,"max_hp_gain":0,"max_hp_loss":0,"event_name":"Shining Light","floor":2,"gold_loss":0,"cards_upgraded":["Dualcast","Defend_B"]},{"damage_healed":0,"gold_gain":62,"player_choice":"Gained Gold","damage_taken":0,"max_hp_gain":0,"max_hp_loss":0,"event_name":"Golden Wing","floor":4,"gold_loss":0},{"damage_healed":17,"gold_gain":0,"player_choice":"Healed","damage_taken":0,"max_hp_gain":0,"max_hp_loss":0,"event_name":"The Cleric","floor":5,"gold_loss":35}],"is_beta":false,"boss_relics":[{"not_picked":["Ectoplasm","Snecko Eye"],"picked":"Empty Cage"}],"items_purged_floors":[3],"is_endless":false,"potions_floor_spawned":[1,11,12,19,21,24],"killed_by":"Shelled Parasite and Fungi","ascension_level":20}}