{"host":"pheno","time":1614227662,"event":{"mods":["BaseMod","Minty Spire (QoL Compilation)","Reliquary","Robot Space Explorer","StSLib","The Marked"],"gold_per_floor":[17,17,35,35,35,64,77,106,106,106,139,139,157,173,173,268,268,279,292,256,256,256,256,290,290,290,306,341,341,341],"floor_reached":29,"language":"ZHS","playtime":1020,"items_purged":[],"score":337,"play_id":"a508e555-e223-482e-a379-5f5b810382fe","local_time":"20210225123422","is_ascension_mode":true,"campfire_choices":[{"floor":10.0,"key":"REST"},{"data":"theMarked:Defy","floor":12.0,"key":"SMITH"},{"data":"theMarked:ResourceFulStrike","floor":15.0,"key":"SMITH"},{"data":"theMarked:Generate","floor":23.0,"key":"SMITH"},{"floor":25.0,"key":"REST"}],"circlet_count":0,"master_deck":["theMarked:Strike","theMarked:Strike","theMarked:Strike","theMarked:Strike","theMarked:Strike","theMarked:Defend","theMarked:Defend","theMarked:Defend","theMarked:Defend","theMarked:SoldierOfQuellstein+1","The Bomb","theMarked:ResourceFulStrike+1","theMarked:ShockingTouch","theMarked:TwofoldDefense","theMarked:MagusForm","theMarked:EternalStudent","theMarked:Defy+1","theMarked:ChainLightning","theMarked:TurnInvisible","theMarked:Aftermath+1","theMarked:Generate+1","theMarked:Levitate","theMarked:HeightenedSenses"],"relics":["theMarked:ArtifactOfAir","reliquary:HotPoker","Singing Bowl","reliquary:BallBearing","Bottled Flame","theMarked:SpiritSword","reliquary:OuijaBoard","FossilizedHelix","Potion Belt"],"acts_visited":["Exordium","TheCity"],"potions_floor_usage":[],"damage_taken":[{"damage":1.0,"enemies":"Cultist","floor":1.0,"turns":4.0},{"damage":12.0,"enemies":"Small Slimes","floor":3.0,"turns":3.0},{"damage":22.0,"enemies":"Gremlin Nob","floor":6.0,"turns":4.0},{"damage":0.0,"enemies":"2 Louse","floor":7.0,"turns":2.0},{"damage":11.0,"enemies":"Lagavulin","floor":8.0,"turns":6.0},{"damage":15.0,"enemies":"3 Sentries","floor":11.0,"turns":4.0},{"damage":1.0,"enemies":"2 Fungi Beasts","floor":13.0,"turns":3.0},{"damage":0.0,"enemies":"Large Slime","floor":14.0,"turns":1.0},{"damage":19.0,"enemies":"The Guardian","floor":16.0,"turns":13.0},{"damage":10.0,"enemies":"3 Byrds","floor":18.0,"turns":4.0},{"damage":20.0,"enemies":"2 Thieves","floor":19.0,"turns":4.0},{"damage":59.0,"enemies":"Book of Stabbing","floor":24.0,"turns":5.0},{"damage":0.0,"enemies":"3 Cultists","floor":27.0,"turns":4.0},{"damage":32.0,"enemies":"Slavers","floor":28.0,"turns":3.0},{"damage":37,"enemies":"Snake Plant","floor":29,"turns":3}],"seed_played":"-7447012471060743255","potions_obtained":[{"floor":11.0,"key":"SkillPotion"},{"floor":13.0,"key":"Block Potion"},{"floor":14.0,"key":"SkillPotion"},{"floor":19.0,"key":"FairyPotion"},{"floor":27.0,"key":"Weak Potion"}],"is_trial":false,"path_per_floor":["M","?","M","$","?","E","M","E","T","R","E","R","M","M","R","B",null,"M","M","$","$","?","R","E","R","T","M","E","M"],"character_chosen":"THE_DEFAULT","items_purchased":["theMarked:Generate"],"campfire_rested":2,"item_purchase_floors":[20],"current_hp_per_floor":[71,71,59,59,59,37,37,26,26,47,32,32,31,33,33,14,74,64,46,46,46,71,71,12,34,34,34,4,0,0],"gold":341,"neow_bonus":"RANDOM_COLORLESS_2","is_daily":false,"chose_seed":false,"campfire_upgraded":3,"win_rate":0.0,"timestamp":1614227662,"path_taken":["M","?","M","?","?","E","?","E","T","R","E","R","M","M","R","BOSS","M","M","?","$","?","R","E","R","T","M","E","M"],"items_purchased_type":["Card"],"build_version":"2020-12-18","purchased_purges":0,"victory":false,"max_hp_per_floor":[72,72,72,72,72,72,72,72,72,72,72,72,72,74,74,74,74,74,76,76,76,76,76,76,76,76,76,78,78,78],"card_choices":[{"not_picked":["Violence","Transmutation"],"picked":"The Bomb","floor":0.0},{"not_picked":["theMarked:WardOff","theMarked:WastefulAttack"],"picked":"theMarked:ResourceFulStrike","floor":1.0},{"not_picked":["theMarked:HeightenedSenses","theMarked:RogueSparks"],"picked":"theMarked:ShockingTouch","floor":3.0},{"not_picked":["theMarked:EmpowerWeapon","theMarked:ResourceFulStrike"],"picked":"theMarked:TwofoldDefense","floor":6.0},{"not_picked":["theMarked:Memento","theMarked:RogueSparks"],"picked":"theMarked:MagusForm","floor":7.0},{"not_picked":["theMarked:Memento","theMarked:Abjuration"],"picked":"theMarked:EternalStudent","floor":8.0},{"not_picked":["theMarked:SwordAndMagic","theMarked:ElectricStrings"],"picked":"theMarked:Defy","floor":11.0},{"not_picked":["theMarked:BanishingStrike","theMarked:Memento"],"picked":"theMarked:ChainLightning","floor":13.0},{"not_picked":["theMarked:Improvise","theMarked:WardOff","theMarked:PowerFlow"],"picked":"Singing Bowl","floor":14.0},{"not_picked":["theMarked:Toughness","theMarked:TakeOffHeels"],"picked":"theMarked:TurnInvisible","floor":16.0},{"not_picked":["theMarked:TheMission","theMarked:Parkour"],"picked":"theMarked:Aftermath+1","floor":18.0},{"not_picked":["theMarked:Improvise","theMarked:Frustration+1","theMarked:TakeCover"],"picked":"Singing Bowl","floor":19.0},{"not_picked":["theMarked:RogueSparks","theMarked:ChannelForce+1"],"picked":"theMarked:Levitate","floor":24.0},{"not_picked":["theMarked:TheMission","theMarked:Electrify"],"picked":"theMarked:HeightenedSenses","floor":27.0},{"not_picked":["theMarked:Frustration","theMarked:Overthink","theMarked:EmpowerWeapon"],"picked":"Singing Bowl","floor":28.0}],"player_experience":731799,"relics_obtained":[{"floor":6.0,"key":"reliquary:HotPoker"},{"floor":8.0,"key":"Singing Bowl"},{"floor":9.0,"key":"reliquary:BallBearing"},{"floor":11.0,"key":"Bottled Flame"},{"floor":24.0,"key":"reliquary:OuijaBoard"},{"floor":26.0,"key":"FossilizedHelix"},{"floor":28.0,"key":"Potion Belt"}],"event_choices":[{"damage_healed":0.0,"max_hp_gain":0.0,"max_hp_loss":0.0,"gold_gain":0.0,"event_name":"Upgrade Shrine","player_choice":"Upgraded","floor":2.0,"gold_loss":0.0,"damage_taken":0.0,"cards_upgraded":["theMarked:SoldierOfQuellstein"]},{"damage_healed":0.0,"max_hp_gain":0.0,"max_hp_loss":0.0,"gold_gain":0.0,"event_name":"WeMeetAgain","player_choice":"Ignored","floor":5.0,"gold_loss":0.0,"damage_taken":0.0},{"damage_healed":25.0,"max_hp_gain":0.0,"max_hp_loss":0.0,"gold_gain":0.0,"event_name":"The Library","player_choice":"Heal","floor":22.0,"gold_loss":0.0,"damage_taken":0.0}],"is_beta":true,"boss_relics":[{"not_picked":["reliquary:Ember","theMarked:BronzeBlade"],"picked":"theMarked:SpiritSword"}],"items_purged_floors":[],"is_endless":false,"potions_floor_spawned":[11,13,14,16,19,27],"killed_by":"Snake Plant","ascension_level":4}}