{"host":"pmmuxs046gii331m","time":1614282077,"event":{"mods":["AchievementEnabler","BaseMod","Colored Powertips","Custom Start","Downfall","Gold Saver","Infinite Spire","Minty Spire (QoL Compilation)","Permanent Neow","Quick Restart","StSLib"],"gold_per_floor":[594,694,712,726,739,739,664,664,664,664,679,738,755,755,755,858,858,872,872,888,673,684,684,684],"floor_reached":23,"language":"ENG","playtime":2730,"items_purged":["Strike_R","Strike_R"],"score":275,"play_id":"75d1e90c-bfe6-4eb3-ab38-9a59560404c7","local_time":"20210225144117","is_ascension_mode":true,"campfire_choices":[{"data":"Armaments","floor":6,"key":"SMITH"},{"data":"Body Slam","floor":8,"key":"SMITH"},{"data":"Body Slam","floor":10,"key":"SMITH"},{"floor":15,"key":"REST"}],"circlet_count":0,"master_deck":["AscendersBane","Strike_R","Strike_R","Strike_R","Defend_R","Defend_R","Defend_R","Defend_R","Bash","Armaments+1","Body Slam+1","Cleave","Body Slam+1","Reaper","Twin Strike+1","Ghostly Armor","Double Tap","Shrug It Off+1","Dual Wield","Evolve"],"relics":["Burning Blood","Boot","Torii","Ornamental Fan","Mark of Pain"],"acts_visited":["Exordium","TheCity"],"potions_floor_usage":[11,12,12,13,16,20,20,22,23],"damage_taken":[{"damage":8,"enemies":"2 Louse","floor":1,"turns":4},{"damage":1,"enemies":"Cultist","floor":3,"turns":3},{"damage":2,"enemies":"Jaw Worm","floor":4,"turns":5},{"damage":16,"enemies":"3 Louse","floor":5,"turns":4},{"damage":6,"enemies":"Exordium Thugs","floor":11,"turns":3},{"damage":69,"enemies":"Lagavulin Event","floor":12,"turns":7},{"damage":11,"enemies":"Gremlin Gang","floor":13,"turns":5},{"damage":30,"enemies":"The Guardian","floor":16,"turns":13},{"damage":8,"enemies":"Shell Parasite","floor":18,"turns":4},{"damage":18,"enemies":"2 Thieves","floor":20,"turns":3},{"damage":58,"enemies":"Shelled Parasite and Fungi","floor":22,"turns":9},{"damage":21,"enemies":"Book of Stabbing","floor":23,"turns":3}],"seed_played":"-3901003106401585024","potions_obtained":[{"floor":1,"key":"FearPotion"},{"floor":5,"key":"Fire Potion"},{"floor":11,"key":"Regen Potion"},{"floor":12,"key":"bronze:BurnAndBuffPotion"},{"floor":13,"key":"PowerPotion"},{"floor":19,"key":"hexamod:SoulburnPotion"},{"floor":19,"key":"champ:CounterPotion"},{"floor":19,"key":"SneckoOil"},{"floor":22,"key":"Dexterity Potion"}],"is_trial":false,"path_per_floor":["M","?","M","M","M","R","$","R","T","R","M","?","M","?","R","B",null,"M","?","M","$","M","E"],"character_chosen":"IRONCLAD","items_purchased":["Dual Wield","Evolve"],"campfire_rested":1,"item_purchase_floors":[21,21],"current_hp_per_floor":[70,70,75,79,69,69,69,69,69,69,69,26,33,33,57,38,70,74,74,62,62,10,0,0],"gold":684,"neow_bonus":"RANDOM_COMMON_RELIC","is_daily":false,"chose_seed":false,"campfire_upgraded":3,"win_rate":0.0,"timestamp":1614282077,"path_taken":["M","?","M","M","M","R","$","R","T","R","?","?","M","?","R","BOSS","M","?","M","$","M","E"],"items_purchased_type":["Card","Card"],"build_version":"2020-12-22","purchased_purges":2,"victory":false,"max_hp_per_floor":[80,80,80,80,80,80,80,80,80,80,80,80,80,80,80,80,80,80,80,80,80,80,80,80],"card_choices":[{"not_picked":["Warcry","Infernal Blade"],"picked":"Armaments","floor":1},{"not_picked":["Entrench","Headbutt"],"picked":"Body Slam","floor":3},{"not_picked":["Shrug It Off","Perfected Strike"],"picked":"Cleave","floor":4},{"not_picked":["Blood for Blood","Pommel Strike"],"picked":"Body Slam","floor":5},{"not_picked":["True Grit","Burning Pact"],"picked":"Reaper","floor":11},{"not_picked":["Wild Strike","Armaments"],"picked":"Twin Strike","floor":12},{"not_picked":["Cleave","Warcry"],"picked":"Ghostly Armor","floor":13},{"not_picked":["Limit Break","Bludgeon"],"picked":"Double Tap","floor":16},{"not_picked":["Intimidate","Spot Weakness+1","Pommel Strike"],"picked":"SKIP","floor":18},{"not_picked":["Sword Boomerang+1","Armaments+1"],"picked":"Shrug It Off+1","floor":20},{"not_picked":["Clothesline","Inflame","Havoc"],"picked":"SKIP","floor":22}],"player_experience":626108,"relics_obtained":[{"floor":9,"key":"Torii"},{"floor":12,"key":"Ornamental Fan"}],"event_choices":[{"damage_healed":0,"gold_gain":100,"player_choice":"Gold","damage_taken":0,"max_hp_gain":0,"max_hp_loss":0,"event_name":"Wheel of Change","floor":2,"gold_loss":0},{"damage_healed":0,"gold_gain":0,"player_choice":"Searched \u00272\u0027 times","damage_taken":0,"max_hp_gain":0,"max_hp_loss":0,"event_name":"Dead Adventurer","floor":12,"gold_loss":0},{"damage_healed":0,"gold_gain":0,"player_choice":"Forge","damage_taken":0,"max_hp_gain":0,"max_hp_loss":0,"event_name":"Accursed Blacksmith","floor":14,"gold_loss":0,"cards_upgraded":["Twin Strike"]},{"damage_healed":0,"gold_gain":0,"player_choice":"Got Potions","damage_taken":0,"max_hp_gain":0,"max_hp_loss":0,"event_name":"Lab","floor":19,"gold_loss":0}],"is_beta":false,"boss_relics":[{"not_picked":["infinitespire:Burning Sword","infinitespire:Cupcake"],"picked":"Mark of Pain"}],"items_purged_floors":[7,21],"is_endless":false,"potions_floor_spawned":[1,5,11,12,13,22],"killed_by":"Book of Stabbing","ascension_level":10}}