{"host":"e8rlfedn69rz2s07","time":1614290858,"event":{"mods":["AchievementEnabler","BaseMod","Minty Spire (QoL Compilation)","Permanent Neow","Relic Stats"],"gold_per_floor":[99,99,99,99,99,99,99,99,99,99,24,24,24,24,24,24,24,24,24,24,24,24,24,24,24,24,24,24,24,24,24,24,24,24,24,24,24,24,24,24,24,24,24,24,24,24,24,24,24,24,24,24,24,24,24,24,24],"floor_reached":56,"language":"ENG","playtime":3532,"items_purged":[],"score":2062,"play_id":"461d8ed0-2864-40ac-a0b7-ae671e8a65c7","local_time":"20210226000738","is_ascension_mode":true,"campfire_choices":[{"data":"Chaos","floor":6.0,"key":"SMITH"},{"data":"Capacitor","floor":13.0,"key":"SMITH"},{"floor":15.0,"key":"REST"},{"floor":24,"key":"REST"},{"floor":30,"key":"REST"},{"data":"Echo Form","floor":32,"key":"SMITH"},{"floor":41,"key":"RECALL"},{"floor":49,"key":"REST"},{"data":"Biased Cognition","floor":53,"key":"SMITH"}],"circlet_count":0,"master_deck":["AscendersBane","Strike_B","Defend_B","Defend_B","Defend_B","Defend_B","Zap","Dualcast","Ball Lightning","Chaos+1","Glacier","Conserve Battery+1","Coolheaded+1","Ball Lightning","Capacitor+1","Echo Form+1","White Noise+1","RitualDagger","Consume+1","Turbo+1","Cold Snap","Chaos+1","Hologram+1","Fission+1","Steam Power+1","Biased Cognition+1","Writhe","Conserve Battery+1","Compile Driver+1"],"relics":["Ectoplasm","Toxic Egg 2","Darkstone Periapt","InkBottle","Meat on the Bone","Runic Pyramid","Incense Burner","CeramicFish","DataDisk","Bottled Flame","SlaversCollar","Torii","Lantern","The Courier","Cables"],"acts_visited":["Exordium","TheCity","TheBeyond","TheEnding"],"potions_floor_usage":[23,25,56,56,56],"damage_taken":[{"damage":3.0,"enemies":"2 Louse","floor":1.0,"turns":3.0},{"damage":0.0,"enemies":"Small Slimes","floor":2.0,"turns":2.0},{"damage":1.0,"enemies":"Cultist","floor":3.0,"turns":4.0},{"damage":5.0,"enemies":"Exordium Wildlife","floor":5.0,"turns":4.0},{"damage":1.0,"enemies":"Lagavulin","floor":7.0,"turns":7.0},{"damage":6.0,"enemies":"3 Louse","floor":8.0,"turns":3.0},{"damage":0.0,"enemies":"Blue Slaver","floor":10.0,"turns":3.0},{"damage":8.0,"enemies":"Gremlin Nob","floor":12.0,"turns":3.0},{"damage":13.0,"enemies":"The Guardian","floor":16.0,"turns":12.0},{"damage":9.0,"enemies":"3 Byrds","floor":18.0,"turns":5.0},{"damage":0.0,"enemies":"Spheric Guardian","floor":19.0,"turns":6.0},{"damage":6.0,"enemies":"Snecko","floor":21.0,"turns":7.0},{"damage":17.0,"enemies":"Cultist and Chosen","floor":22.0,"turns":8.0},{"damage":39,"enemies":"Slavers","floor":23,"turns":10},{"damage":10,"enemies":"Book of Stabbing","floor":25,"turns":6},{"damage":0,"enemies":"Centurion and Healer","floor":28,"turns":4},{"damage":21,"enemies":"Slavers","floor":31,"turns":5},{"damage":0,"enemies":"Champ","floor":33,"turns":11},{"damage":13,"enemies":"Orb Walker","floor":35,"turns":3},{"damage":0,"enemies":"Mind Bloom Boss Battle","floor":36,"turns":5},{"damage":12,"enemies":"3 Darklings","floor":37,"turns":5},{"damage":0,"enemies":"Maw","floor":38,"turns":7},{"damage":0,"enemies":"Giant Head","floor":40,"turns":8},{"damage":26,"enemies":"Reptomancer","floor":44,"turns":6},{"damage":1,"enemies":"Jaw Worm Horde","floor":45,"turns":5},{"damage":1,"enemies":"Spire Growth","floor":46,"turns":6},{"damage":8,"enemies":"4 Shapes","floor":47,"turns":4},{"damage":1,"enemies":"Writhing Mass","floor":48,"turns":5},{"damage":1,"enemies":"Time Eater","floor":50,"turns":12},{"damage":44,"enemies":"Donu and Deca","floor":51,"turns":9},{"damage":53,"enemies":"Shield and Spear","floor":55,"turns":12},{"damage":73,"enemies":"The Heart","floor":56,"turns":3}],"seed_played":"2480917630805842751","potions_obtained":[{"floor":3.0,"key":"Fruit Juice"},{"floor":5.0,"key":"FearPotion"},{"floor":7.0,"key":"BlessingOfTheForge"},{"floor":18.0,"key":"Regen Potion"},{"floor":22.0,"key":"LiquidMemories"},{"floor":23,"key":"Weak Potion"},{"floor":45,"key":"Explosive Potion"},{"floor":46,"key":"EntropicBrew"},{"floor":48,"key":"FocusPotion"}],"is_trial":false,"path_per_floor":["M","M","M","?","M","R","E","M","T","M","?","E","R","?","R","B",null,"M","M","?","M","M","E","R","E","T","?","M","?","R","E","R","B",null,"M","?","M","M","?","E","R","?","T","E","M","M","M","M","R","B","B",null,"R","$","E","B"],"character_chosen":"DEFECT","items_purchased":[],"campfire_rested":4,"item_purchase_floors":[],"current_hp_per_floor":[61,61,60,42,37,37,41,35,35,35,35,27,27,27,49,48,69,60,60,54,63,46,19,41,43,43,43,43,43,65,44,44,44,68,55,55,43,43,43,43,43,64,64,50,49,48,52,51,75,74,42,72,72,72,31,0,0],"gold":24,"neow_bonus":"BOSS_RELIC","is_daily":false,"chose_seed":false,"campfire_upgraded":4,"win_rate":0.0,"timestamp":1614290858,"path_taken":["M","M","M","?","M","R","E","M","T","M","?","E","R","?","R","BOSS","M","M","?","M","M","E","R","E","T","?","?","?","R","E","R","BOSS","M","?","M","M","?","E","R","?","T","E","M","M","M","M","R","BOSS","BOSS","R","$","E","BOSS"],"items_purchased_type":[],"build_version":"2020-12-22","purchased_purges":0,"victory":false,"max_hp_per_floor":[71,71,71,71,71,71,76,76,76,76,76,76,76,76,76,76,76,76,76,76,76,76,76,76,76,76,76,76,76,76,76,76,76,76,76,76,76,76,76,76,76,82,82,82,82,82,82,82,82,82,82,82,82,82,82,82,82],"relic_stats":{"Darkstone Periapt":6,"Torii":33,"counters":[32,192],"CeramicFish":0,"Ectoplasm":801,"obtain_stats":[{"Darkstone Periapt":7,"Lantern":40,"Torii":36,"CeramicFish":25,"The Courier":44,"Incense Burner":23,"Cables":55,"SlaversCollar":34,"DataDisk":26,"Bottled Flame":31,"Ectoplasm":0,"Toxic Egg 2":4,"Cracked Core":0,"InkBottle":9,"Meat on the Bone":12,"Runic Pyramid":17},{"Darkstone Periapt":5,"Lantern":23,"Torii":20,"CeramicFish":15,"The Courier":24,"Incense Burner":14,"Cables":31,"SlaversCollar":18,"DataDisk":15,"Bottled Flame":17,"Ectoplasm":0,"Toxic Egg 2":3,"Cracked Core":0,"InkBottle":6,"Meat on the Bone":8,"Runic Pyramid":9},{"Darkstone Periapt":20,"Lantern":131,"Torii":111,"CeramicFish":83,"The Courier":137,"Incense Burner":77,"Cables":189,"SlaversCollar":103,"DataDisk":83,"Bottled Flame":92,"Ectoplasm":0,"Toxic Egg 2":9,"Cracked Core":0,"InkBottle":23,"Meat on the Bone":29,"Runic Pyramid":41}],"InkBottle":[82],"Meat on the Bone":84,"Cables":[3,2,1,0,0]},"card_choices":[{"not_picked":["Skim","Undo"],"picked":"Ball Lightning","floor":1.0},{"not_picked":["Compile Driver","Conserve Battery"],"picked":"Chaos","floor":2.0},{"not_picked":["Gash","Scrape"],"picked":"Glacier","floor":3.0},{"not_picked":["Redo+1","Compile Driver"],"picked":"Conserve Battery+1","floor":5.0},{"not_picked":["Redo+1","Melter"],"picked":"Coolheaded+1","floor":7.0},{"not_picked":["Rebound","Streamline"],"picked":"Ball Lightning","floor":8.0},{"not_picked":["Stack+1","Recycle+1","Rip and Tear"],"picked":"SKIP","floor":10.0},{"not_picked":["Conserve Battery+1","Static Discharge"],"picked":"Capacitor","floor":12.0},{"not_picked":["Reboot+1","Machine Learning"],"picked":"Echo Form","floor":16.0},{"not_picked":["FTL","Beam Cell"],"picked":"White Noise+1","floor":18.0},{"not_picked":["Redo+1","Turbo+1"],"picked":"Streamline","floor":19.0},{"not_picked":["Sunder","Gash"],"picked":"Consume+1","floor":21.0},{"not_picked":["Stack+1","Sweeping Beam"],"picked":"Turbo+1","floor":22.0},{"not_picked":["Tempest+1","Amplify+1"],"picked":"Cold Snap","floor":23},{"not_picked":["Gash","Leap+1"],"picked":"Chaos+1","floor":25},{"not_picked":["Redo+1","Gash"],"picked":"Hologram+1","floor":28},{"not_picked":["Go for the Eyes+1","White Noise+1","Gash+1"],"picked":"SKIP","floor":31},{"not_picked":["Buffer","Reboot+1"],"picked":"Fission+1","floor":33},{"not_picked":["Rebound","Beam Cell","Barrage"],"picked":"SKIP","floor":35},{"not_picked":["Reprogram+1","Turbo+1"],"picked":"Steam Power+1","floor":36},{"not_picked":["Steam Power+1","Chaos+1","Blizzard"],"picked":"SKIP","floor":37},{"not_picked":["White Noise+1","Cold Snap"],"picked":"Biased Cognition","floor":38},{"not_picked":["Beam Cell+1","Barrage","Cold Snap"],"picked":"SKIP","floor":40},{"not_picked":["Cold Snap+1","Turbo+1","Ball Lightning"],"picked":"SKIP","floor":44},{"not_picked":["Stack+1","Turbo+1","Aggregate+1"],"picked":"SKIP","floor":45},{"not_picked":["Sweeping Beam","Barrage+1","Gash"],"picked":"SKIP","floor":46},{"not_picked":["Leap+1","Streamline"],"picked":"Conserve Battery+1","floor":47},{"not_picked":["Streamline","Turbo+1"],"picked":"Compile Driver+1","floor":48},{"not_picked":["Leap+1","Barrage","Sunder+1"],"picked":"SKIP","floor":55}],"player_experience":1138523,"relics_obtained":[{"floor":7.0,"key":"Darkstone Periapt"},{"floor":9.0,"key":"InkBottle"},{"floor":12.0,"key":"Meat on the Bone"},{"floor":23,"key":"Incense Burner"},{"floor":25,"key":"CeramicFish"},{"floor":26,"key":"DataDisk"},{"floor":31,"key":"Bottled Flame"},{"floor":36,"key":"Torii"},{"floor":40,"key":"Lantern"},{"floor":44,"key":"The Courier"},{"floor":55,"key":"Cables"}],"event_choices":[{"damage_healed":0.0,"max_hp_gain":0.0,"max_hp_loss":0.0,"gold_gain":0.0,"event_name":"Scrap Ooze","player_choice":"Success","floor":4.0,"gold_loss":0.0,"damage_taken":18.0,"relics_obtained":["Toxic Egg 2"]},{"cards_removed":["Strike_B"],"damage_healed":0.0,"max_hp_gain":0.0,"max_hp_loss":0.0,"gold_gain":0.0,"event_name":"The Cleric","player_choice":"Card Removal","floor":11.0,"gold_loss":75.0,"damage_taken":0.0},{"cards_removed":["Strike_B"],"damage_healed":0.0,"max_hp_gain":0.0,"max_hp_loss":0.0,"gold_gain":0.0,"event_name":"Living Wall","player_choice":"Forget","floor":14.0,"gold_loss":0.0,"damage_taken":0.0},{"damage_healed":0.0,"max_hp_gain":0.0,"max_hp_loss":0.0,"gold_gain":0.0,"event_name":"Nest","player_choice":"Joined the Cult","floor":20.0,"gold_loss":0.0,"damage_taken":6.0,"cards_obtained":["RitualDagger"]},{"cards_removed":["Strike_B"],"damage_healed":0,"gold_gain":0,"player_choice":"Purged","damage_taken":0,"max_hp_gain":0,"max_hp_loss":0,"event_name":"Purifier","floor":27,"gold_loss":0},{"damage_healed":0,"gold_gain":0,"player_choice":"Ignored","damage_taken":0,"max_hp_gain":0,"max_hp_loss":0,"event_name":"Vampires","floor":29,"gold_loss":0},{"damage_healed":0,"gold_gain":0,"player_choice":"Fight","damage_taken":0,"max_hp_gain":0,"max_hp_loss":0,"event_name":"MindBloom","floor":36,"gold_loss":0},{"cards_removed":["Streamline"],"damage_healed":0,"gold_gain":0,"player_choice":"Removed Attack","damage_taken":0,"max_hp_gain":0,"max_hp_loss":0,"event_name":"Falling","floor":39,"gold_loss":0},{"damage_healed":15,"gold_gain":0,"player_choice":"Writhe","damage_taken":0,"max_hp_gain":0,"max_hp_loss":0,"event_name":"Winding Halls","floor":42,"gold_loss":0,"cards_obtained":["Writhe"]}],"is_beta":false,"boss_relics":[{"not_picked":["Coffee Dripper","Busted Crown"],"picked":"Runic Pyramid"},{"not_picked":["Nuclear Battery","Fusion Hammer"],"picked":"SlaversCollar"}],"items_purged_floors":[],"is_endless":false,"potions_floor_spawned":[3,5,7,18,22,23,45,46,47,48],"killed_by":"The Heart","ascension_level":20}}