{"host":"ygl58xydwgsz1tl0","time":1614259752,"event":{"mods":["BaseMod","Colored Map","Dio Mod","Dota2Spire","GifTheSpireLib","Googly Eyes","Minty Spire (QoL Compilation)","Morshu Shopkeeper","Morshu Shopkeeper - ENHANCED","Small Relic Pack","StSLib","Uncapped"],"gold_per_floor":[17,36,48,48,48,81,93,93,93,126,137,137,137,137,137,234,234,250,250,330,330,348,348,379,391,414,434,434,460,460,490,490,594,594,607,617,151,168,213,241,241,257,257,270,15,15,15,31,31,31],"floor_reached":51,"language":"RUS","playtime":1511,"items_purged":["Strike_G","Strike_G"],"score":820,"play_id":"f0dca2ab-94c2-4c5c-be53-86bae4a93ad3","local_time":"20210225162912","is_ascension_mode":false,"campfire_choices":[{"floor":8,"key":"REST"},{"data":"Cloak And Dagger","floor":13,"key":"SMITH"},{"data":"Glass Knife","floor":15,"key":"SMITH"},{"data":"Blade Dance","floor":23,"key":"SMITH"},{"data":"Doppelganger","floor":32,"key":"SMITH"},{"floor":41,"key":"REST"},{"data":"Blade Dance","floor":46,"key":"SMITH"},{"data":"Accuracy","floor":49,"key":"SMITH"}],"circlet_count":0,"master_deck":["Strike_G","Strike_G","Strike_G","Defend_G","Defend_G","Defend_G","Defend_G","Defend_G","Survivor","Neutralize","Glass Knife+1","Cloak And Dagger+1","Masterful Stab","Backstab","Cloak And Dagger+1","Regret","Doppelganger+1","Blade Dance+1","Writhe","Blade Dance+1","Blade Dance+1","Decay","Backstab+1","Backstab","Masterful Stab+1","Accuracy+1","Cloak And Dagger","Accuracy+1","Cloak And Dagger","Panache","Masterful Stab"],"relics":["Ring of the Snake","relicPack:DSword","Calipers","Du-Vu Doll","Dota2Spire:Satanic","Paper Crane","SlaversCollar","Dota2Spire:LinkenSphere","Ninja Scroll","Bottled Lightning","Pen Nib","relicPack:OneForAll","Ginger","Toy Ornithopter","Black Star","Prayer Wheel","CaptainsWheel","Dota2Spire:BladeMail","StoneCalendar","Dota2Spire:MaskOfMadness","Strawberry"],"acts_visited":["Exordium","TheCity","TheBeyond"],"potions_floor_usage":[6,29,33,40,50,50,50],"damage_taken":[{"damage":0,"enemies":"Small Slimes","floor":1,"turns":3},{"damage":0,"enemies":"2 Louse","floor":2,"turns":2},{"damage":0,"enemies":"Jaw Worm","floor":3,"turns":3},{"damage":6,"enemies":"3 Sentries","floor":6,"turns":6},{"damage":0,"enemies":"Looter","floor":7,"turns":2},{"damage":11,"enemies":"Lagavulin","floor":10,"turns":5},{"damage":0,"enemies":"Exordium Wildlife","floor":11,"turns":2},{"damage":25,"enemies":"The Guardian","floor":16,"turns":6},{"damage":7,"enemies":"3 Byrds","floor":18,"turns":4},{"damage":0,"enemies":"Spheric Guardian","floor":22,"turns":1},{"damage":2,"enemies":"Gremlin Leader","floor":24,"turns":3},{"damage":1,"enemies":"Centurion and Healer","floor":25,"turns":3},{"damage":0,"enemies":"Snake Plant","floor":27,"turns":2},{"damage":3,"enemies":"Slavers","floor":29,"turns":3},{"damage":0,"enemies":"Gremlin Leader","floor":31,"turns":3},{"damage":2,"enemies":"Champ","floor":33,"turns":5},{"damage":0,"enemies":"Orb Walker","floor":35,"turns":1},{"damage":0,"enemies":"3 Darklings","floor":36,"turns":1},{"damage":19,"enemies":"Maw","floor":38,"turns":4},{"damage":0,"enemies":"2 Orb Walkers","floor":39,"turns":1},{"damage":38,"enemies":"Nemesis","floor":40,"turns":3},{"damage":24,"enemies":"4 Shapes","floor":42,"turns":2},{"damage":2,"enemies":"Spire Growth","floor":44,"turns":2},{"damage":1,"enemies":"Transient","floor":48,"turns":5},{"damage":44,"enemies":"Donu and Deca","floor":50,"turns":5}],"seed_played":"-8364566331850089642","potions_obtained":[{"floor":3,"key":"Block Potion"},{"floor":18,"key":"BlessingOfTheForge"},{"floor":22,"key":"GamblersBrew"},{"floor":25,"key":"Dota2Spire:Clarity"},{"floor":27,"key":"Fire Potion"},{"floor":39,"key":"CunningPotion"},{"floor":44,"key":"Fire Potion"},{"floor":48,"key":"DuplicationPotion"}],"is_trial":false,"path_per_floor":["M","M","M","?","?","E","M","R","T","E","M","?","R","?","R","B",null,"M","?","T","?","M","R","E","M","T","M","?","E","?","E","R","B",null,"M","M","$","M","?","E","R","M","T","M","$","R","?","M","R","B",null],"character_chosen":"THE_SILENT","items_purchased":["Prayer Wheel","Backstab","Strawberry"],"campfire_rested":2,"item_purchase_floors":[37,37,45],"current_hp_per_floor":[70,70,70,70,35,29,29,50,50,39,39,39,39,39,39,21,70,63,63,63,63,63,63,61,68,68,68,68,70,70,70,70,68,70,70,70,70,70,70,32,53,52,52,68,75,75,75,74,74,38],"gold":31,"neow_bonus":"THREE_RARE_CARDS","is_daily":false,"chose_seed":false,"campfire_upgraded":6,"win_rate":0.0,"timestamp":1614259752,"path_taken":["M","M","M","?","?","E","M","R","T","E","M","?","R","?","R","BOSS","M","?","?","?","M","R","E","?","T","M","?","E","?","E","R","BOSS","M","?","$","M","?","E","R","M","T","M","$","R","?","?","R","BOSS"],"items_purchased_type":["Relic","Card","Relic"],"build_version":"2020-12-22","purchased_purges":2,"victory":true,"max_hp_per_floor":[70,70,70,70,70,70,70,70,70,70,70,70,70,70,70,70,70,70,70,70,70,70,70,70,70,70,70,70,70,70,70,70,70,70,70,70,70,70,70,70,70,70,70,70,77,77,77,77,77,77],"card_choices":[{"not_picked":["Tools of the Trade","Wraith Form v2"],"picked":"Glass Knife","floor":0},{"not_picked":["Quick Slash","Dodge and Roll","Acrobatics"],"picked":"SKIP","floor":1},{"not_picked":["Deflect","Skewer","Slice"],"picked":"SKIP","floor":2},{"not_picked":["Deflect","Flying Knee"],"picked":"Cloak And Dagger","floor":3},{"not_picked":["Prepared","Sucker Punch"],"picked":"Masterful Stab","floor":6},{"not_picked":["Tactician","PiercingWail"],"picked":"Backstab","floor":7},{"not_picked":["Dagger Spray","Dagger Throw"],"picked":"Cloak And Dagger","floor":10},{"not_picked":["Quick Slash","Deadly Poison","Outmaneuver"],"picked":"SKIP","floor":11},{"not_picked":["A Thousand Cuts","Corpse Explosion"],"picked":"Doppelganger","floor":16},{"not_picked":["Deadly Poison","Prepared"],"picked":"Blade Dance","floor":18},{"not_picked":["Acrobatics","Poisoned Stab+1","Underhanded Strike+1"],"picked":"SKIP","floor":22},{"not_picked":["Bouncing Flask","Leg Sweep","Poisoned Stab"],"picked":"SKIP","floor":24},{"not_picked":["Bouncing Flask","Leg Sweep","Poisoned Stab"],"picked":"SKIP","floor":24},{"not_picked":["Quick Slash+1","Outmaneuver"],"picked":"Blade Dance+1","floor":25},{"not_picked":["Acrobatics","Cloak And Dagger"],"picked":"Blade Dance","floor":27},{"not_picked":["Prepared","Skewer","Eviscerate"],"picked":"SKIP","floor":29},{"not_picked":["All Out Attack","Dagger Throw+1","Blur+1"],"picked":"SKIP","floor":31},{"not_picked":["Underhanded Strike+1","Riddle With Holes+1"],"picked":"Backstab+1","floor":35},{"not_picked":["Backflip","Crippling Poison+1","Deadly Poison+1"],"picked":"SKIP","floor":36},{"not_picked":["PiercingWail","Sucker Punch+1"],"picked":"Masterful Stab+1","floor":38},{"not_picked":["Bane","Dagger Spray","Quick Slash"],"picked":"SKIP","floor":38},{"not_picked":["Underhanded Strike+1","Dagger Throw"],"picked":"Accuracy","floor":39},{"not_picked":["Choke","PiercingWail","Bane"],"picked":"SKIP","floor":40},{"not_picked":["Infinite Blades","Poisoned Stab"],"picked":"Cloak And Dagger","floor":42},{"not_picked":["Acrobatics+1","Sucker Punch"],"picked":"Accuracy+1","floor":42},{"not_picked":["Wraith Form v2","Deflect"],"picked":"Cloak And Dagger","floor":44},{"not_picked":["Backflip","Deflect","Bane"],"picked":"SKIP","floor":44},{"not_picked":["Impatience","Metamorphosis"],"picked":"Panache","floor":47},{"not_picked":["Terror","Prepared"],"picked":"Masterful Stab","floor":48},{"not_picked":["Eviscerate+1","Endless Agony+1","Terror+1"],"picked":"SKIP","floor":48}],"player_experience":204800,"relics_obtained":[{"floor":6,"key":"Calipers"},{"floor":9,"key":"Du-Vu Doll"},{"floor":10,"key":"Dota2Spire:Satanic"},{"floor":20,"key":"Ninja Scroll"},{"floor":24,"key":"Bottled Lightning"},{"floor":26,"key":"Pen Nib"},{"floor":29,"key":"Ginger"},{"floor":31,"key":"Toy Ornithopter"},{"floor":39,"key":"CaptainsWheel"},{"floor":40,"key":"Dota2Spire:BladeMail"},{"floor":40,"key":"StoneCalendar"},{"floor":43,"key":"Dota2Spire:MaskOfMadness"}],"event_choices":[{"damage_healed":0,"gold_gain":0,"player_choice":"Leave","damage_taken":0,"max_hp_gain":0,"max_hp_loss":0,"event_name":"The Cleric","floor":4,"gold_loss":0},{"damage_healed":0,"gold_gain":0,"player_choice":"Grow","damage_taken":0,"max_hp_gain":0,"max_hp_loss":0,"event_name":"Living Wall","floor":12,"gold_loss":0,"cards_upgraded":["Cloak And Dagger"]},{"damage_healed":0,"gold_gain":0,"player_choice":"Box","damage_taken":0,"relics_obtained":["Paper Crane"],"max_hp_gain":0,"max_hp_loss":0,"event_name":"Big Fish","floor":14,"gold_loss":0,"cards_obtained":["Regret"]},{"damage_healed":0,"gold_gain":0,"player_choice":"Opened","damage_taken":0,"relics_obtained":["Dota2Spire:LinkenSphere"],"max_hp_gain":0,"max_hp_loss":0,"event_name":"The Mausoleum","floor":19,"gold_loss":0,"cards_obtained":["Writhe"]},{"damage_healed":0,"gold_gain":0,"player_choice":"Cursed","damage_taken":0,"max_hp_gain":0,"max_hp_loss":0,"event_name":"Wheel of Change","floor":30,"gold_loss":0,"cards_obtained":["Decay"]},{"damage_healed":0,"gold_gain":0,"player_choice":"Fight","damage_taken":0,"max_hp_gain":0,"max_hp_loss":0,"event_name":"Mysterious Sphere","floor":39,"gold_loss":0},{"damage_healed":0,"gold_gain":0,"player_choice":"Memory 1","damage_taken":0,"max_hp_gain":0,"max_hp_loss":0,"event_name":"SensoryStone","floor":47,"gold_loss":0}],"is_beta":false,"boss_relics":[{"not_picked":["Philosopher\u0027s Stone","Cursed Key"],"picked":"SlaversCollar"},{"not_picked":["Velvet Choker","Snecko Eye"],"picked":"Black Star"}],"items_purged_floors":[37,45],"is_endless":false,"potions_floor_spawned":[3,18,22,25,27,39,44,48],"ascension_level":0}}