{"host":"08xvxt5w1s7zc7e5","time":1614228183,"event":{"mods":["AchievementEnabler","BaseMod","DeckTracker","Minty Spire (QoL Compilation)","Quick Restart","StSLib","SuperFastMode"],"gold_per_floor":[109,184,198,217,92,118,118,151,151,326,326,326,342,39,39,39,39],"floor_reached":16,"language":"KOR","playtime":382,"items_purged":["Defend_G"],"score":167,"play_id":"8c326bd1-3e7d-441b-8a62-17e7effff7e3","local_time":"20210225134303","is_ascension_mode":true,"campfire_choices":[{"data":"Neutralize","floor":7.0,"key":"SMITH"},{"floor":11.0,"key":"REST"},{"data":"Blade Dance","floor":15.0,"key":"SMITH"}],"circlet_count":0,"master_deck":["AscendersBane","Strike_G","Strike_G","Strike_G","Strike_G","Defend_G","Defend_G","Defend_G","Defend_G","Survivor","Neutralize+1","Escape Plan","Blade Dance+1","PiercingWail","Finisher","Doubt","Adrenaline","Acrobatics+1"],"relics":["Ring of the Snake","PreservedInsect","White Beast Statue","Blue Candle","Golden Idol","Toxic Egg 2"],"acts_visited":["Exordium"],"potions_floor_usage":[16,16],"damage_taken":[{"damage":0.0,"enemies":"2 Louse","floor":1.0,"turns":4.0},{"damage":0.0,"enemies":"Small Slimes","floor":3.0,"turns":4.0},{"damage":2.0,"enemies":"Jaw Worm","floor":4.0,"turns":4.0},{"damage":13.0,"enemies":"3 Sentries","floor":6.0,"turns":7.0},{"damage":23.0,"enemies":"Lagavulin","floor":8.0,"turns":7.0},{"damage":5.0,"enemies":"3 Louse","floor":13.0,"turns":4.0},{"damage":30,"enemies":"The Guardian","floor":16,"turns":13}],"seed_played":"122461186952885835","potions_obtained":[{"floor":3.0,"key":"AttackPotion"},{"floor":8.0,"key":"DistilledChaos"},{"floor":13.0,"key":"CunningPotion"}],"is_trial":false,"path_per_floor":["M","?","M","M","$","E","R","E","T","?","R","?","M","$","R","B"],"character_chosen":"THE_SILENT","items_purchased":["PowerPotion","Toxic Egg 2","Acrobatics+1"],"campfire_rested":1,"item_purchase_floors":[5,14,14],"current_hp_per_floor":[63,52,52,50,50,37,37,14,14,14,35,35,30,30,30,0,0],"gold":39,"neow_bonus":"TRANSFORM_CARD","is_daily":false,"chose_seed":false,"campfire_upgraded":2,"win_rate":0.0,"timestamp":1614228183,"path_taken":["M","?","M","M","$","E","R","E","T","?","R","?","M","$","R","BOSS"],"items_purchased_type":["Potion","Relic","Card"],"build_version":"2020-12-22","purchased_purges":1,"victory":false,"max_hp_per_floor":[70,70,70,70,70,70,70,70,70,70,70,65,65,65,65,65,65],"card_choices":[{"not_picked":["Calculated Gamble","Backflip"],"picked":"Blade Dance","floor":1.0},{"not_picked":["Sucker Punch","Dodge and Roll"],"picked":"PiercingWail","floor":3.0},{"not_picked":["Bane","Slice","Outmaneuver"],"picked":"SKIP","floor":4.0},{"not_picked":["Deflect","Blade Dance","Distraction"],"picked":"SKIP","floor":6.0},{"not_picked":["Bouncing Flask","Crippling Poison"],"picked":"Finisher","floor":8.0},{"not_picked":["Flying Knee","Blur"],"picked":"Adrenaline","floor":13.0}],"player_experience":424874,"relics_obtained":[{"floor":6.0,"key":"PreservedInsect"},{"floor":8.0,"key":"White Beast Statue"},{"floor":9.0,"key":"Blue Candle"}],"event_choices":[{"damage_healed":0.0,"max_hp_gain":0.0,"max_hp_loss":0.0,"gold_gain":75.0,"event_name":"World of Goop","player_choice":"Gather Gold","floor":2.0,"gold_loss":0.0,"damage_taken":11.0},{"damage_healed":0.0,"max_hp_gain":0.0,"max_hp_loss":0.0,"gold_gain":175.0,"event_name":"Liars Game","player_choice":"AGREE","floor":10.0,"gold_loss":0.0,"damage_taken":0.0,"cards_obtained":["Doubt"]},{"damage_healed":0.0,"max_hp_gain":0.0,"max_hp_loss":5.0,"gold_gain":0.0,"event_name":"Golden Idol","player_choice":"Lose Max HP","floor":12.0,"gold_loss":0.0,"damage_taken":0.0,"relics_obtained":["Golden Idol"]}],"is_beta":false,"boss_relics":[],"items_purged_floors":[5],"is_endless":false,"potions_floor_spawned":[3,8,13],"killed_by":"The Guardian","ascension_level":11}}