{"host":"x1d9cj1vze2ie4yu","time":1614255973,"event":{"mods":["Act Like it!","Aspiration","BaseMod","Better Vampires","CapriCore","Conspire","Minty Spire (QoL Compilation)","Pale of the Ancients","Permanent Neow","Relic Stats","Reliquary","Replay The Spire","Spicy Shops","StSLib","[IsaacMod]以撒尖塔","【功能Mod】聪明的最终Boss"],"gold_per_floor":[118,118,118,4,4,38,113,113,137,137,137,170,180,192,192,192,192],"floor_reached":16,"language":"ZHS","playtime":285,"items_purged":[],"score":259,"play_id":"c34b1e0b-4042-4ca9-bcc0-b7ce762e5911","local_time":"20210225202613","is_ascension_mode":true,"campfire_choices":[{"data":"Shockwave","floor":8,"key":"SMITH"},{"data":"Shrug It Off","floor":10,"key":"SMITH"},{"data":"Perfected Strike","floor":15,"key":"SMITH"}],"circlet_count":0,"master_deck":["AscendersBane","conspire:GhostlyStrike","conspire:GhostlyStrike","conspire:GhostlyStrike","conspire:GhostlyStrike","conspire:GhostlyStrike","conspire:GhostlyDefend","conspire:GhostlyDefend","conspire:GhostlyDefend","Bash","Corruption+1","Shockwave+1","Shrug It Off+1","Regret","Perfected Strike+1"],"relics":["Burning Blood","HushsDoor","Damocles","NeowsBlessing","Blood Vial","aspiration:HatOfInfinitePower","aspiration:Lifesprig","aspiration:DSix","The Courier","DeadEye","reliquary:Crutches","conspire:Flyswatter"],"acts_visited":["Exordium"],"potions_floor_usage":[13],"damage_taken":[{"damage":0.0,"enemies":"Jaw Worm","floor":1.0,"turns":1.0},{"damage":0,"enemies":"3 Sentries","floor":6,"turns":2},{"damage":0,"enemies":"Replay:BlueRogue","floor":12,"turns":1},{"damage":0,"enemies":"2 Louse","floor":13,"turns":1},{"damage":3,"enemies":"conspire:RoseBush","floor":14,"turns":1},{"damage":20,"enemies":"Hexaghost","floor":16,"turns":2}],"seed_played":"-1496227038406437622","potions_obtained":[{"floor":6,"key":"Toxic Potion"},{"floor":13,"key":"ElixirPotion"}],"is_trial":false,"path_per_floor":["M","?","?","$","$","E","?","R","T","R","?","E","M","M","R","B"],"character_chosen":"IRONCLAD","items_purchased":["Shockwave"],"campfire_rested":0,"item_purchase_floors":[4],"current_hp_per_floor":[78,78,78,78,78,80,69,69,69,69,69,77,80,80,80,0,0],"gold":192,"neow_bonus":"THREE_ENEMY_KILL","is_daily":false,"chose_seed":false,"campfire_upgraded":3,"win_rate":0.0,"timestamp":1614255973,"path_taken":["M","?","?","?","$","E","?","R","T","R","?","E","M","M","R","BOSS"],"items_purchased_type":["Card"],"build_version":"2020-12-22","purchased_purges":0,"victory":false,"max_hp_per_floor":[80,80,80,80,80,80,80,80,80,80,80,80,80,80,80,80,80],"relic_stats":{"Blood Vial":6,"counters":[6,8],"obtain_stats":[{"KeepersGift":0,"Damocles":0,"aspiration:Lifesprig":6,"NeowsBlessing":0,"The Courier":12,"DeadEye":12,"Burning Blood":0,"Blood Vial":1,"reliquary:Crutches":13,"HushsDoor":0,"aspiration:HatOfInfinitePower":6,"aspiration:DSix":11,"conspire:Flyswatter":14},{"KeepersGift":0,"Damocles":0,"aspiration:Lifesprig":2,"NeowsBlessing":0,"The Courier":3,"DeadEye":3,"Burning Blood":0,"Blood Vial":1,"reliquary:Crutches":4,"HushsDoor":0,"aspiration:HatOfInfinitePower":2,"aspiration:DSix":2,"conspire:Flyswatter":5},{"KeepersGift":0,"Damocles":0,"aspiration:Lifesprig":3,"NeowsBlessing":0,"The Courier":4,"DeadEye":4,"Burning Blood":0,"Blood Vial":1,"reliquary:Crutches":5,"HushsDoor":0,"aspiration:HatOfInfinitePower":3,"aspiration:DSix":3,"conspire:Flyswatter":6}],"Burning Blood":16},"card_choices":[{"not_picked":[],"picked":"Bomb","floor":0.0},{"not_picked":["Heavy Blade","Flex","Run Through"],"picked":"SKIP","floor":1.0},{"not_picked":["Hemogenesis","Entrench"],"picked":"Shrug It Off","floor":6},{"not_picked":["Power Through","Sword Boomerang","Replay:Undeath\u0027s Touch"],"picked":"SKIP","floor":12},{"not_picked":["Run Through","Dual Wield"],"picked":"Perfected Strike","floor":13},{"not_picked":["Heavy Blade","ReplayTheSpireMod:Strike From Hell","Whirlwind"],"picked":"SKIP","floor":14}],"player_experience":86006,"relics_obtained":[{"floor":1.0,"key":"Blood Vial"},{"floor":6,"key":"aspiration:HatOfInfinitePower"},{"floor":6,"key":"aspiration:Lifesprig"},{"floor":12,"key":"The Courier"},{"floor":12,"key":"DeadEye"},{"floor":13,"key":"reliquary:Crutches"},{"floor":14,"key":"conspire:Flyswatter"}],"event_choices":[{"damage_healed":0,"gold_gain":0,"player_choice":"Agree","damage_taken":0,"max_hp_gain":0,"max_hp_loss":0,"event_name":"conspire:LoneGhost","floor":3,"gold_loss":0},{"damage_healed":0,"gold_gain":75,"player_choice":"Gather Gold","damage_taken":11,"max_hp_gain":0,"max_hp_loss":0,"event_name":"World of Goop","floor":7,"gold_loss":0},{"damage_healed":0,"gold_gain":0,"player_choice":"Box","damage_taken":0,"relics_obtained":["aspiration:DSix"],"max_hp_gain":0,"max_hp_loss":0,"event_name":"Big Fish","floor":11,"gold_loss":0,"cards_obtained":["Regret"]}],"is_beta":false,"boss_relics":[],"items_purged_floors":[],"is_endless":false,"potions_floor_spawned":[6,13],"killed_by":"Hexaghost","ascension_level":10}}