{"host":"w05x4i13f2m9joq1","time":1614218048,"event":{"mods":["100% Spire Juice","Act Like it!","BaseMod","Better Altar","Better Match","Better Note","Better Sensory Stone","Better Skull","Better Third Choice","BetterRewards","CapriCore","Colored Map","Colored Powertips","Defective Defect","Gensokyo","GifTheSpireLib","Googly Eyes","Infinite Spire","Ironclad Rager","Library of Ruina","Library of Ruina Extra","Lobotomy","LobotomyExtend","Marisa????????","Melee Mod","Minty Spire (QoL Compilation)","Morshu Shopkeeper - ENHANCED","MostiFishMod","Quick Restart","Rare Cards Sparkle","Reliquary","Replay The Spire","Shop Mod","Spicy Shops","Spire Birthday Party","StSLib","The Animator","The IronCluck","Uncapped","everything is the same but u backflip on backflip","slay the spire mod where everything is the same but ironclad has a cowboy hat"],"gold_per_floor":[120,140,151,167,179,214,214,244,244,27,52,66,80,155,155,254,254,269,284,296,153,153,188,188,188,188,188,203,203,238,253,253,355,355,374,384,-1316,-1266,-1266,-1266,-1234,-1234,-1207,-1207,-1179,-1165,-1140,-1105,-1105,-1105,-1105],"floor_reached":52,"language":"ENG","playtime":2675,"items_purged":["Gensokyo:AllTheWorldsEvil"],"score":918,"play_id":"0c83bbea-2eeb-4ff2-99ca-61746d8a1503","local_time":"20210224205408","is_ascension_mode":true,"campfire_choices":[{"floor":7,"key":"REST"},{"floor":15,"key":"REST"},{"data":"CleanUp","floor":24,"key":"SMITH"},{"floor":29,"key":"REST"},{"data":"Faith","floor":32,"key":"SMITH"},{"data":"VioletBlade","floor":40,"key":"SMITH"},{"data":"1","floor":42,"key":"LIFT"},{"data":"2","floor":44,"key":"LIFT"},{"data":"3","floor":49,"key":"LIFT"}],"circlet_count":0,"master_deck":["Disposal","Thrust+1","BlowItUp","LossOfSenses+1","IngredientHunt","InnerArdor+1","LossOfSenses+1","EnergyBeam+1","ProselytesBlade","TheRedNotes","ShrineToMusic+1","Rewind","Parry2+1","BurningFlash+1","BiteOff+1","IllEndYou+1","QuickAttack","TieShanKao+1","HighKick+1","FocusFire+1","VioletBlade+1","CleanUp+1","QuickAttack+1","GaleKick+1","NonstopAssault+1","FeelinGood+1","Faith+1","HighKick+1","StrikeDown+1","EmotionalTurbulence","CoordinatedAssault+1","Pride","Juggling","SomberProcuration+1","UnavoidableGaze+1","TrashDisposal","HighKick","SteelKnuckles+1"],"relics":["PageOfLibrarian","DaveBox","DSteel32","SynthV:TestCard","LetterFromLob","MostiFishMod:Haymaker","PageOfScarecrow","PageOfWrath","PageOfSingingMachine","ReplayTheSpireMod:CursedCoin","Sling","PageOfTheQueenOfHatred","FixedStarFall","MostiFishMod:AdaptiveDefenses","PageOfTheKnightOfDespair","PageOfGreed","PageOfNihil","ReplayTheSpireMod:TigerMarble","SlaversCollar","Replay:Wax Seal","PreservedInsect","reliquary:Vitrine","SynthV:MejaisSoulstealer","CatCart","Girya","PageOfSpiderBud","infinitespire:Magic Flask","Juzu Bracelet","PageOfGreed"],"acts_visited":["Exordium","TheCity","TheBeyond"],"potions_floor_usage":[8,28,28,28,35,45,45,46],"damage_taken":[{"damage":1,"enemies":"2 Louse","floor":1,"turns":3},{"damage":3,"enemies":"Jaw Worm","floor":2,"turns":3},{"damage":6,"enemies":"Cultist","floor":3,"turns":3},{"damage":3,"enemies":"Looter","floor":4,"turns":3},{"damage":6,"enemies":"Exordium Wildlife","floor":5,"turns":3},{"damage":16,"enemies":"Replay:BlueRogue","floor":6,"turns":4},{"damage":18,"enemies":"Lagavulin","floor":8,"turns":5},{"damage":0,"enemies":"Gremlin Nob","floor":11,"turns":2},{"damage":10,"enemies":"Blue Slaver","floor":12,"turns":2},{"damage":0,"enemies":"Large Slime","floor":13,"turns":2},{"damage":42,"enemies":"Hexaghost","floor":16,"turns":3},{"damage":0,"enemies":"Spheric Guardian","floor":18,"turns":3},{"damage":13,"enemies":"2 Thieves","floor":19,"turns":2},{"damage":16,"enemies":"Cultist and Chosen","floor":20,"turns":4},{"damage":6,"enemies":"Book of Stabbing","floor":23,"turns":2},{"damage":63,"enemies":"Centurion and Healer","floor":28,"turns":7},{"damage":12,"enemies":"Gremlin Leader","floor":30,"turns":3},{"damage":0,"enemies":"Snecko","floor":31,"turns":2},{"damage":8,"enemies":"Collector","floor":33,"turns":3},{"damage":5,"enemies":"3 Shapes","floor":35,"turns":3},{"damage":0,"enemies":"Orb Walker","floor":36,"turns":2},{"damage":0,"enemies":"Orin","floor":38,"turns":4},{"damage":0,"enemies":"Reptomancer","floor":41,"turns":1},{"damage":0,"enemies":"Giant Head","floor":45,"turns":1},{"damage":11,"enemies":"4 Shapes","floor":46,"turns":2},{"damage":2,"enemies":"Nemesis","floor":48,"turns":3},{"damage":0,"enemies":"Replay:Hell Engine","floor":50,"turns":2},{"damage":2,"enemies":"Replay:Hell Engine","floor":51,"turns":3}],"seed_played":"9049130520157121282","potions_obtained":[{"floor":2,"key":"Death Potion"},{"floor":5,"key":"Fire Potion"},{"floor":8,"key":"Adrenaline Potion"},{"floor":11,"key":"SkillPotion"},{"floor":12,"key":"Languid Potion"},{"floor":13,"key":"DuplicationPotion"},{"floor":30,"key":"SkillPotion"},{"floor":31,"key":"DuplicationPotion"},{"floor":35,"key":"Adrenaline Potion"},{"floor":41,"key":"GamblersBrew"},{"floor":45,"key":"AttackPotion"},{"floor":48,"key":"Milkshake"}],"is_trial":false,"path_per_floor":["M","M","M","M","M","E","R","E","T","$","E","M","M","?","R","B",null,"M","M","M","$","?","E","R","E","T","?","M","R","E","M","R","B",null,"M","M","$","?","?","R","E","R","T","R","E","M","T","E","R","B",null,null],"character_chosen":"Librarian","items_purchased":["PageOfSingingMachine","ReplayTheSpireMod:CursedCoin","Sling","MostiFishMod:AdaptiveDefenses","Replay:Wax Seal","PreservedInsect","reliquary:Vitrine","Juggling","SynthV:MejaisSoulstealer"],"campfire_rested":3,"item_purchase_floors":[10,10,10,21,37,37,37,37,37],"current_hp_per_floor":[59,62,56,47,41,25,47,40,40,40,44,35,36,25,47,18,75,75,62,50,50,58,61,61,61,61,61,46,71,63,66,66,70,70,65,67,67,65,65,65,69,69,69,69,78,67,67,69,69,77,77],"gold":-1105,"neow_bonus":"ONE_RANDOM_RARE_CARD","is_daily":false,"chose_seed":false,"campfire_upgraded":3,"win_rate":0.0,"timestamp":1614218048,"path_taken":["M","M","M","M","M","E","R","E","T","$","E","M","M","?","R","BOSS","M","M","M","$","?","E","R","E","T","?","?","R","E","M","R","BOSS","M","M","$","?","?","R","E","R","T","R","E","M","?","E","R","BOSS"],"items_purchased_type":["Relic","Relic","Relic","Relic","Relic","Relic","Relic","Card","Relic"],"build_version":"2020-12-22","purchased_purges":1,"victory":true,"max_hp_per_floor":[76,62,201,65,71,70,76,70,70,70,78,63,75,75,75,75,75,85,63,65,65,65,62,85,85,85,85,85,85,71,76,85,70,70,71,68,68,65,65,85,82,82,82,82,78,77,77,70,77,77,77],"card_choices":[{"not_picked":["ElectricShock","Tailoring","PuppetBlockade","Reload","FierceCharge","SnakesPrey","QuickAttack","DarkCloud"],"picked":"SharpSwipe","floor":1},{"not_picked":["WillOfThePrescript","AsThePrescriptOrders","MultiHit","Multislash","Standoff","ClassAndRespect","BindingChains","NightInTheBackstreets","SmokingPipe","EnergyConversion"],"picked":"GreatSerpentsImpact","floor":2},{"not_picked":["StructuralAnalysis","Brawl","SerpentSwordTechnique","HighKick","DarkCloud","SnakesPrey","Mutilate","MultiHit","JiaoTu","GrazeTheGrass"],"picked":"FlyingSword","floor":3},{"not_picked":["Parry","Overpower","Cruelty","Execute_lor","UnavoidableGaze","ForTheFamily","HandlingWork","SturdyDefense","GrazeTheGrass","ShockRound"],"picked":"SpearedSweep","floor":4},{"not_picked":["YouOnlyLiveOnce","Diversion","WaitUp","BlazingStrike","BattleCommand","TendonChords","LawAndOrder","PinpointShot","Pound","Reload"],"picked":"TraceOfFumes","floor":5},{"not_picked":["Endure","BiAn","ClassAndRespect","Thrust","FervidEmotions","Transpierce","Thirst","SetFire","EnergyShield","DarkCloud"],"picked":"TraceOfFumes","floor":6},{"not_picked":["TasteMyFlamingBat","SharpSwipe","TheArtOfRapidSteps","WillProduceFineSilk","UnavoidableGaze","Overpower","StrongStrike","FormingStorm","StrikeDown","SunsetBlade"],"picked":"InhaleSmoke","floor":8},{"not_picked":["EnergyStrike","Rewind","BlazingStrike","Laceration","PuppetBlockade","KeepItFresh","Juggling","Guardian_lor","Diversion","SetFire"],"picked":"QuickAttack","floor":11},{"not_picked":["DefenseOrder","FendThisOffIfYouCan","UnavoidableGaze","EmotionalTurbulence","MultiBlock","Rewind","FleetEdge","RatsGuideToSurvival","BindingArms","WrathOfTorment"],"picked":"Unlock1","floor":12},{"not_picked":["SearingSword","MultiBlock","SerpentSwordTechnique","UpbeatPerformance","MindCrush","MindPrepared","ToWhereThePrescriptPoints","Outburst","FierceCharge","CoordinatedAssault"],"picked":"GuidanceOfTheGears","floor":13},{"not_picked":["CrackOfDawn","SenseQuarry","SavageMode","BoundaryOfDeath"],"picked":"Transpierce","floor":16},{"not_picked":["AGoldenOpportunity","WillOfThePrescript","SharpSwipe+1","Faith","MultiBlock","Parry2","Preparation","AsThePrescriptOrders","Diversion+1","UnavoidableGaze"],"picked":"QuickAttack","floor":18},{"not_picked":["Thrust","EnergyCycle","FeatherShield","Creak+1","Rewind","Track","ClassAndRespect+1","Eject","Faith","SetFire"],"picked":"GaleKick","floor":19},{"not_picked":["FleetEdge","HiddenBlade+1","Parry+1","ExtremeEdge+1","ViolentFlame","WillBeTasty","StrikeDown","WillProduceFineSilk","Standoff+1","WillOfThePrescript+1"],"picked":"NonstopAssault","floor":20},{"not_picked":["WaitUp","SetFire","MindCrush","YouOnlyLiveOnce","IllEndYou","DesperateStruggle","FlowOfTheSword","ViolentFlame+1","QuickSuppression+1","EnergyCycle"],"picked":"FeelinGood","floor":23},{"not_picked":["ClassAndRespect","FlashOfSunup","HardRehearsal","EnergyStrike","Pound","FierceCharge","HighKick","Rewind","SuanNi","HandleRequest"],"picked":"Faith","floor":28},{"not_picked":["SinglePointStab","Rewind","Leap_lor","Pound","DirtyBlow","ChiWen","SmokingPipe+1","ShockingBlow","IronWall","FlowOfTheSword"],"picked":"HighKick","floor":30},{"not_picked":["Thrust+1","FleetFootsteps","SinglePointStab+1","CumulusWall","FierceCharge","PinpointShot","PreemptiveStrike","EndlessBattle","LawAndOrder","HighKick+1"],"picked":"StrikeDown+1","floor":31},{"not_picked":["ChargeUp","GutHarvesting","Suppress","FlamingDragonFist"],"picked":"EmotionalTurbulence","floor":33},{"not_picked":["BizarreAttack+1","SpearedSweep+1","Riposte","SuppressingShot","BoundaryOfDeath","Parry","SturdyDefense","QuickAttack+1","SweepTheBackstreets","StrikeDown+1"],"picked":"BurningFlash+1","floor":35},{"not_picked":["MultiHit+1","HighKick+1","CrackOfDawn","BiAn+1","YoureTooSlow","DesperateStruggle+1","YoureAHindrance","SpearedSweep+1","FleetFootsteps","BackstreetsDash"],"picked":"CoordinatedAssault+1","floor":36},{"not_picked":["Multislash+1","BackAttack","PinpointShot+1","EndlessBattle+1","DestructiveImpact+1","Retaliate+1","FlowOfTheSword+1","SharpenedBlade","TraceOfFumes+1","YoureTooSlow+1"],"picked":"SomberProcuration+1","floor":38},{"not_picked":["BoundaryOfDeath","ToWhereThePrescriptPoints","DesperateStruggle+1","QuickSuppression+1","AGoldenOpportunity","InnerArdor","Multislash","Outburst+1","GoinFirst","WillBeTasty"],"picked":"UnavoidableGaze+1","floor":41},{"not_picked":["BizarreAttack","IllEndYou","Leap_lor+1","Rewind+1","GuardingStance","Struggle+1","WildCard+1","FleetEdge+1","Transpierce","EnergyCycle"],"picked":"TrashDisposal","floor":45},{"not_picked":["FleshFillet","ChopItOff+1","GuardingStance","YouOnlyLiveOnce+1","TendonChords+1","Laceration+1","Wallop_lor","Bvapour","Standoff","GuidanceOfTheGears"],"picked":"HighKick","floor":46},{"not_picked":["Mutilate","StrongStrike","Diversion+1","Rewind","FieryDragonSlash","HiddenBlade+1","StructuralAnalysis","SuppressingShot+1","NonstopAssault+1","PinpointShot+1"],"picked":"SteelKnuckles+1","floor":48}],"player_experience":166381,"relics_obtained":[{"floor":1,"key":"SynthV:TestCard"},{"floor":1,"key":"LetterFromLob"},{"floor":6,"key":"MostiFishMod:Haymaker"},{"floor":8,"key":"PageOfScarecrow"},{"floor":9,"key":"PageOfWrath"},{"floor":11,"key":"PageOfTheQueenOfHatred"},{"floor":23,"key":"PageOfTheKnightOfDespair"},{"floor":26,"key":"PageOfGreed"},{"floor":28,"key":"PageOfNihil"},{"floor":30,"key":"ReplayTheSpireMod:TigerMarble"},{"floor":38,"key":"CatCart"},{"floor":41,"key":"Girya"},{"floor":43,"key":"PageOfSpiderBud"},{"floor":45,"key":"infinitespire:Magic Flask"},{"floor":47,"key":"Juzu Bracelet"},{"floor":48,"key":"PageOfGreed"}],"event_choices":[{"damage_healed":0,"gold_gain":75,"player_choice":"Gold","damage_taken":11,"max_hp_gain":0,"max_hp_loss":0,"event_name":"betterThird:BetterGoop","floor":14,"gold_loss":0},{"damage_healed":0,"gold_gain":0,"player_choice":"Forge","damage_taken":0,"max_hp_gain":0,"max_hp_loss":0,"event_name":"Accursed Blacksmith","floor":27,"gold_loss":0,"cards_upgraded":["TieShanKao"]},{"damage_healed":0,"gold_gain":0,"player_choice":"Fight","damage_taken":0,"max_hp_gain":0,"max_hp_loss":0,"event_name":"OrinTheCat","floor":38,"gold_loss":0}],"is_beta":false,"boss_relics":[{"not_picked":["reliquary:Ember","OneHitWonderSystem"],"picked":"FixedStarFall"},{"not_picked":["Astrolabe","Replay:Ancient Bell"],"picked":"SlaversCollar"}],"items_purged_floors":[10],"is_endless":false,"potions_floor_spawned":[2,5,8,11,12,13,18,19,30,31,35,41,45,48],"ascension_level":2}}