{"host":"xnjcin1g6gswdgtt","time":1614291742,"event":{"mods":["2.2 Compatiblity","Act Like it!","Arknights","Aspiration","Astrologer","BaseMod","Beaked The Cultist","Better Altar","Better Match","Better Note","Better Sensory Stone","Better Skull","Better Third Choice","Better Vampires","BetterRewards","Bossed Relics","Card Forge","CatGirl Mod","ChefMod","Colored Map","Colored Powertips","Conspire","Dota2Spire","Downfall","Duelist Mod","Elementarium","Energized Spire","Friendly Minions","Gold Saver","Gremlin Mod","GungeonMod","Hero for Fun","Highlight Path","Hubris","Jedi Mod","JesterMod","Marisa????????","Marked Mod","Menagerie","Minty Spire (QoL Compilation)","Pale of the Ancients","QueenMod","Quick Restart","Rare Cards Sparkle","Relic Stats","Reliquary","Replay The Spire","Robot Space Explorer","Ruina","Shade Mod","Shapeshifter Mod","Shop Mod","Small Relic Pack","Smile Girya","Spicy Shops","StSLib","The Alterego","The Animator","The Blue Laboratory","The Clintock","The Construct","The Cursed","The Death Knight","The Disciple","The Dragon Tamer","The Forsaken","The Hierophant","The Marked","The Mystic","The Necromancer","The Poker Player","The Runesmith","The Saiyan","The Servant 0.9.4","The Showman","The Wild Card","TheBandit","TheSwordswoman","TheVacant","Trackpad","Yuri Mod","??????REMEMod"],"gold_per_floor":[962,978,978,988,422,422,435,447,447,464,464,689,702,732,732,830,830,850,860,860,611,611,611,631,631,631,657,657,669,669,679,679,784,784,784,784],"floor_reached":35,"language":"ENG","playtime":4603,"items_purged":[],"score":379,"play_id":"57c297a2-3a75-4981-b74f-b45bb7320601","local_time":"20210225162222","is_ascension_mode":false,"campfire_choices":[{"floor":6,"key":"REST"},{"floor":11,"key":"RECALL"},{"floor":15,"key":"REST"},{"floor":23,"key":"REST"},{"floor":25,"key":"REST"},{"floor":28,"key":"REST"},{"floor":32,"key":"REST"}],"circlet_count":0,"master_deck":["ats:Strike S+1","ats:Armor Crushing Shot+1","ats:Emotion Absorption+1","ats:Rapid Magazine+1","ats:Shell Defense+1","ats:Poison Spread+1","ats:Shell Defense+1","ats:Red Shift+1","ats:Part Time Job+1","ats:Poison Spread+1","ats:Powerful Strike+1","ats:Explosion Area Strengthen+1","ats:Shadow Assault+1","ats:Overload+1","ats:Shell Defense+1","ats:Overload+1","ats:Support Order+1","ats:Song Of Battle+1","ats:Charging Defense+1","ats:Dogmatic Field+1"],"relics":["ats:Sanity","Hammer of Thor","Seething Fire","Anvil of the Gods","REME_ComplimentaryCards","ReplayTheSpireMod:TigerMarble","Replay:Baseball","ats:Snipe","reliquary:PartyBalloon","ats:Originium","Pen Nib","Dota2Spire:Bloodstone","theForsaken:PlagueMask","reliquary:Aerogel","aspiration:AnachronicSnailShell","relicPack:DSword","Elementarium:ElementariumTrophy","DemoMod:GlassGuonStoneRelic","Painkiller Herb"],"acts_visited":["Menagerie:Menagerie","Elementarium:Elementarium","TheBeyond"],"potions_floor_usage":[27,31,33,33],"damage_taken":[{"damage":0,"enemies":"Menagerie:StygianBoar","floor":1,"turns":2},{"damage":5,"enemies":"Menagerie:MonstrousExperiment","floor":2,"turns":3},{"damage":2,"enemies":"Menagerie:WhisperingWraith","floor":4,"turns":4},{"damage":0,"enemies":"Menagerie:BEAST_MAGE_AND_PROWLING_AMALGAM","floor":7,"turns":4},{"damage":0,"enemies":"Menagerie:KEEPER_AND_YOUNG_SUNEATER","floor":8,"turns":4},{"damage":0,"enemies":"Menagerie:3_RABBITS","floor":10,"turns":4},{"damage":0,"enemies":"Menagerie:RedMage","floor":13,"turns":3},{"damage":3,"enemies":"Menagerie:VoidReaper","floor":14,"turns":4},{"damage":1,"enemies":"Menagerie:Suneater","floor":16,"turns":5},{"damage":8,"enemies":"Elementarium:Cyclone","floor":18,"turns":3},{"damage":0,"enemies":"Elementarium:2_ELEMENTALS","floor":19,"turns":3},{"damage":14,"enemies":"Elementarium:Hydrostalker","floor":24,"turns":5},{"damage":20,"enemies":"Elementarium:WarGolem","floor":27,"turns":4},{"damage":11,"enemies":"Elementarium:RubyGolem","floor":29,"turns":3},{"damage":12,"enemies":"Elementarium:VoidBeast","floor":31,"turns":2},{"damage":20,"enemies":"Elementarium:GoldenDragon","floor":33,"turns":4},{"damage":0,"enemies":"Orb Walker","floor":35,"turns":1}],"seed_played":"-124656007024615209","potions_obtained":[{"floor":4,"key":"blueLaboratory:HummingbirdPotion"},{"floor":7,"key":"Strength Potion"},{"floor":10,"key":"blueLaboratory:BottleOfVodka"},{"floor":13,"key":"Fire Potion"},{"floor":31,"key":"Weak Potion"}],"is_trial":false,"path_per_floor":["M","M","?","M","$","R","M","M","T","M","R","?","M","E","R","B",null,"M","M","?","$","?","R","M","R","T","E","R","M","?","M","R","B",null,"?"],"character_chosen":"DOCTOR_CLASS","items_purchased":["ats:Shell Defense","ats:Red Shift","ats:Part Time Job","ats:Snipe","reliquary:PartyBalloon","ats:Shell Defense","ats:Overload+1","ats:Hammer On","ats:Support Order"],"campfire_rested":6,"item_purchase_floors":[5,5,5,5,5,21,21,21,21],"current_hp_per_floor":[79,74,41,39,39,62,73,79,79,79,79,79,79,79,79,79,79,79,79,79,79,79,79,79,79,79,70,79,71,36,26,49,42,79,79,79],"gold":784,"neow_bonus":"TEN_PERCENT_HP_BONUS","is_daily":false,"chose_seed":false,"campfire_upgraded":0,"win_rate":0.0,"timestamp":1614291742,"path_taken":["M","M","?","?","?","R","M","?","T","M","R","?","?","E","R","BOSS","M","M","?","?","?","R","M","R","T","E","R","?","?","M","R","BOSS","?"],"items_purchased_type":["Card","Card","Card","Relic","Relic","Card","Card","Card","Card"],"build_version":"2020-12-22","purchased_purges":0,"victory":false,"max_hp_per_floor":[79,79,79,79,79,79,79,79,79,79,79,79,79,79,79,79,79,79,79,79,79,79,79,79,79,79,79,79,79,79,79,79,79,79,79,79],"relic_stats":{"counters":[17,58],"Pen Nib":[6],"obtain_stats":[{"relicPack:DSword":30,"reliquary:PartyBalloon":5,"reliquary:Aerogel":26,"ats:Snipe":5,"Painkiller Herb":34,"Hammer of Thor":0,"DemoMod:GlassGuonStoneRelic":13,"Pen Nib":14,"Dota2Spire:Bloodstone":17,"Seething Fire":0,"theForsaken:PlagueMask":20,"Replay:Baseball":3,"ats:Originium":14,"Elementarium:ElementariumTrophy":33,"Anvil of the Gods":0,"aspiration:AnachronicSnailShell":27,"ReplayTheSpireMod:TigerMarble":3,"ats:Sanity":0,"REME_ComplimentaryCards":0},{"relicPack:DSword":14,"reliquary:PartyBalloon":3,"reliquary:Aerogel":12,"ats:Snipe":3,"Painkiller Herb":16,"Hammer of Thor":0,"DemoMod:GlassGuonStoneRelic":7,"Pen Nib":8,"Dota2Spire:Bloodstone":9,"Seething Fire":0,"theForsaken:PlagueMask":11,"Replay:Baseball":2,"ats:Originium":8,"Elementarium:ElementariumTrophy":16,"Anvil of the Gods":0,"aspiration:AnachronicSnailShell":13,"ReplayTheSpireMod:TigerMarble":2,"ats:Sanity":0,"REME_ComplimentaryCards":0},{"relicPack:DSword":51,"reliquary:PartyBalloon":9,"reliquary:Aerogel":44,"ats:Snipe":9,"Painkiller Herb":57,"Hammer of Thor":0,"DemoMod:GlassGuonStoneRelic":24,"Pen Nib":28,"Dota2Spire:Bloodstone":33,"Seething Fire":0,"theForsaken:PlagueMask":39,"Replay:Baseball":5,"ats:Originium":28,"Elementarium:ElementariumTrophy":57,"Anvil of the Gods":0,"aspiration:AnachronicSnailShell":48,"ReplayTheSpireMod:TigerMarble":5,"ats:Sanity":0,"REME_ComplimentaryCards":0}]},"card_choices":[{"not_picked":["ats:Steam Pump","ats:Composite Medical Shells"],"picked":"ats:Rapid Magazine","floor":1},{"not_picked":["ats:Flexible Camouflage","ats:Charging Defense"],"picked":"ats:Shell Defense","floor":2},{"not_picked":["ats:Consecutive Shot Auto","ats:Assault Order"],"picked":"ats:Poison Spread","floor":4},{"not_picked":["ats:Defend Order","ats:Flexible Camouflage"],"picked":"ats:Poison Spread","floor":7},{"not_picked":["ats:Blood Oath","ats:Guardian Obelisk"],"picked":"ats:Assault Order","floor":8},{"not_picked":["ats:Ambush","ats:Hammer On"],"picked":"ats:Powerful Strike","floor":10},{"not_picked":["ats:Blood Oath","ats:Apocalypse"],"picked":"ats:Explosion Area Strengthen","floor":13},{"not_picked":["ats:Explosion Area Strengthen","ats:Steam Pump"],"picked":"ats:Hook Shot","floor":14},{"not_picked":["ats:Roar Of Ursus","ats:Volcano"],"picked":"ats:Shadow Assault","floor":16},{"not_picked":["ats:Literary Storm","ats:Spore Proliferation"],"picked":"ats:Overload+1","floor":18},{"not_picked":["ats:Assault Order","ats:Explosion Area Strengthen","ats:Hook Shot"],"picked":"SKIP","floor":19},{"not_picked":["ats:Revitalization","ats:Consecutive Shot Auto","ats:Phantom"],"picked":"SKIP","floor":24},{"not_picked":["ats:Sashimi Platter","ats:Phantom"],"picked":"ats:Charging Defense","floor":27},{"not_picked":["ats:Ignite","ats:Shadow Raid","ats:Directed Diagnosis"],"picked":"SKIP","floor":29},{"not_picked":["ats:Cat Scratch+1","ats:Phantom","ats:Red Shift"],"picked":"SKIP","floor":31},{"not_picked":["ats:Soul Rend","ats:Shadow Assault"],"picked":"ats:Dogmatic Field","floor":33}],"player_experience":270238,"relics_obtained":[{"floor":14,"key":"ats:Originium"},{"floor":14,"key":"Pen Nib"},{"floor":26,"key":"reliquary:Aerogel"},{"floor":27,"key":"ats:Originium"},{"floor":27,"key":"aspiration:AnachronicSnailShell"}],"event_choices":[{"damage_healed":0,"gold_gain":0,"player_choice":"RE RE ","damage_taken":37,"relics_obtained":["ReplayTheSpireMod:TigerMarble","Replay:Baseball"],"max_hp_gain":0,"max_hp_loss":0,"event_name":"betterSkull:BetterSkull","floor":3,"gold_loss":0,"cards_upgraded":[]},{"damage_healed":0,"gold_gain":225,"player_choice":"Raid","damage_taken":0,"max_hp_gain":0,"max_hp_loss":0,"event_name":"Menagerie:SpiderNest","floor":12,"gold_loss":0,"cards_obtained":["Shame"]},{"damage_healed":0,"gold_gain":0,"player_choice":"Obtain Plague Curse","damage_taken":0,"max_hp_gain":0,"max_hp_loss":0,"event_name":"Plague Doctor","floor":20,"gold_loss":0,"cards_obtained":["theForsaken:PlagueCurse"]}],"is_beta":false,"boss_relics":[{"not_picked":["Kintsugi","jedi:hotpepper"],"picked":"Dota2Spire:Bloodstone"},{"not_picked":["ReplayTheSpireMod:Onyx Gauntlets","REME_ChargedStone"],"picked":"Painkiller Herb"}],"items_purged_floors":[],"is_endless":false,"potions_floor_spawned":[4,7,10,13,16,19,27,31],"killed_by":"Orb Walker","ascension_level":0}}