{"host":"ibonnlq6s1c814xj","time":1614235189,"event":{"mods":["BaseMod","BetterRewards","Minty Spire (QoL Compilation)","Quick Restart","Shop Mod","[功能]功能增强和修复MOD","【遗物卡牌】REMEMod"],"gold_per_floor":[109,109,109,109,178,222,235,266,266,310,310,364,364,364,364,685,685,704,679,694,694,694,725,725,766,766,810,810,851,766,766,766,1085,1085,1106,1076,1100,1100,1120,1156,1156,1156,1156,1156,1274,1375,1375,1375,1375,1429],"floor_reached":51,"language":"ZHS","playtime":2770,"items_purged":["Strike_G","Strike_G","Strike_G","Strike_G","Strike_G","Neutralize","Terror","Injury","Night Terror","Unload+1","Defend_G","Defend_G","Defend_G","Bouncing Flask+1","Skewer+1","Dagger Throw+1","Phantasmal Killer","Corpse Explosion","Bullet Time"],"score":1897,"play_id":"531fa73e-154b-4e94-b523-9e880b820200","local_time":"20210225143949","is_ascension_mode":true,"campfire_choices":[{"data":"REME_GreenPollution","floor":15,"key":"SMITH"},{"data":"Concentrate","floor":28,"key":"SMITH"},{"data":"Tools of the Trade","floor":32,"key":"SMITH"},{"data":"Thinking Ahead","floor":42,"key":"SMITH"},{"floor":44,"key":"DIG"},{"floor":49,"key":"DIG"}],"circlet_count":0,"master_deck":["Defend_G","Defend_G","Survivor","Prepared+1","REME_GreenPollution+1","Prepared","Thinking Ahead+1","REME_GreenPollution+1","REME_SpectralBlade+1","Prepared+1","Reflex","Well Laid Plans","REME_ShadowStrike+1","Concentrate+1","Corpse Explosion","REME_SpectralBlade+1","Tools of the Trade+1","Acrobatics","REME_GreenPollution","Setup+1","Reflex+1","REME_GreenPollution","Quick Slash+1","Acrobatics","Reflex+1","Acrobatics","REME_SpectralBlade+1","Footwork"],"relics":["Ring of the Serpent","REME_ComplimentaryCards","PreservedInsect","MerchantsRug","Tough Bandages","Calipers","Bag of Preparation","Bird Faced Urn","Matryoshka","Ice Cream","Shovel","Unceasing Top","Ginger","Incense Burner","REME_IWantAll","Tingsha","Prayer Wheel","Question Card","OrangePellets","Potion Belt","Golden Idol","Boot","Centennial Puzzle","Sling","Molten Egg 2","Art of War","Whetstone","Blue Candle","Meat on the Bone","MealTicket","Juzu Bracelet","Toy Ornithopter","Orichalcum","SlaversCollar","Singing Bowl","TheAbacus","Bag of Marbles","Bottled Tornado","Toolbox","TungstenRod","Bottled Lightning","Pear","HornCleat","Bronze Scales","Vajra","FaceOfCleric","Regal Pillow","Dead Branch","Darkstone Periapt","Lee\u0027s Waffle","Lantern","Medical Kit","Omamori","Oddly Smooth Stone","REME_ArchaeologicalTools","Gambling Chip","Ancient Tea Set","War Paint","Mercury Hourglass","CaptainsWheel"],"acts_visited":["Exordium","TheCity","TheBeyond"],"potions_floor_usage":[1,7,16,16,16,16,18,45,50,50,50,50],"damage_taken":[{"damage":0,"enemies":"Cultist","floor":1,"turns":2},{"damage":0,"enemies":"Lagavulin","floor":6,"turns":3},{"damage":0,"enemies":"Small Slimes","floor":7,"turns":2},{"damage":0,"enemies":"3 Sentries","floor":8,"turns":1},{"damage":0,"enemies":"Lagavulin","floor":10,"turns":2},{"damage":0,"enemies":"Hexaghost","floor":16,"turns":2},{"damage":0,"enemies":"Shell Parasite","floor":18,"turns":1},{"damage":0,"enemies":"Spheric Guardian","floor":20,"turns":2},{"damage":0,"enemies":"REME_1_Revenger","floor":23,"turns":2},{"damage":0,"enemies":"Gremlin Leader","floor":25,"turns":2},{"damage":0,"enemies":"Book of Stabbing","floor":27,"turns":1},{"damage":0,"enemies":"REME_1_Revenger","floor":29,"turns":2},{"damage":0,"enemies":"Automaton","floor":33,"turns":2},{"damage":0,"enemies":"3 Darklings","floor":35,"turns":2},{"damage":0,"enemies":"3 Shapes","floor":39,"turns":2},{"damage":0,"enemies":"Nemesis","floor":40,"turns":1},{"damage":0,"enemies":"Writhing Mass","floor":45,"turns":1},{"damage":0,"enemies":"Giant Head","floor":46,"turns":2},{"damage":0,"enemies":"Donu and Deca","floor":50,"turns":2}],"seed_played":"-5710462354823121059","potions_obtained":[{"floor":1,"key":"REME_GoldPotion"},{"floor":6,"key":"Weak Potion"},{"floor":7,"key":"Fruit Juice"},{"floor":8,"key":"AttackPotion"},{"floor":8,"key":"SteroidPotion"},{"floor":8,"key":"DistilledChaos"},{"floor":8,"key":"DistilledChaos"},{"floor":10,"key":"Energy Potion"},{"floor":16,"key":"GamblersBrew"},{"floor":18,"key":"Poison Potion"},{"floor":20,"key":"Poison Potion"},{"floor":20,"key":"PowerPotion"},{"floor":20,"key":"Fire Potion"},{"floor":23,"key":"PowerPotion"},{"floor":23,"key":"EssenceOfSteel"},{"floor":45,"key":"Fruit Juice"},{"floor":45,"key":"Poison Potion"},{"floor":46,"key":"SteroidPotion"}],"is_trial":false,"path_per_floor":["M","?","$","?","$","E","M","E","T","E","?","T","?","?","R","B",null,"M","$","M","$","?","E","?","E","T","E","R","E","?","?","R","B",null,"M","$","T","$","M","E","?","R","T","R","M","E","?","T","R","B",null],"character_chosen":"THE_SILENT","items_purchased":["PreservedInsect","HandDrill","Prepared","MerchantsRug","Calipers","Bag of Preparation","Orrery","REME_GreenPollution","Matryoshka","Prepared","REME_GreenPollution","REME_SpectralBlade","Question Card","OrangePellets","Potion Belt","Well Laid Plans","Boot","Centennial Puzzle","Sling","REME_ShadowStrike","Singing Bowl","TheAbacus","Bag of Marbles","Tools of the Trade","Bottled Tornado","Toolbox","TungstenRod","Acrobatics","Dead Branch","Darkstone Periapt","Lee\u0027s Waffle","Medical Kit","Omamori","Oddly Smooth Stone","Footwork"],"campfire_rested":0,"item_purchase_floors":[0,0,0,0,0,0,0,0,0,0,0,0,3,3,3,3,5,5,5,5,19,19,19,19,21,21,21,21,36,36,36,38,38,38,38],"current_hp_per_floor":[84,84,84,84,84,84,89,89,89,89,89,89,89,89,89,93,93,93,93,97,97,97,101,101,103,113,113,113,117,117,117,117,124,124,133,140,140,140,145,148,148,148,148,148,158,161,153,153,153,154],"gold":1429,"neow_bonus":"","is_daily":false,"chose_seed":false,"campfire_upgraded":4,"win_rate":0.0,"timestamp":1614235189,"path_taken":["M","?","$","?","?","E","?","E","T","E","?","?","?","?","R","BOSS","M","$","M","$","?","E","?","E","T","E","R","E","?","?","R","BOSS","M","$","?","$","M","E","?","R","T","R","M","E","?","?","R","BOSS"],"items_purchased_type":["Relic","Relic","Card","Relic","Relic","Relic","Relic","Card","Relic","Card","Card","Card","Relic","Relic","Relic","Card","Relic","Relic","Relic","Card","Relic","Relic","Relic","Card","Relic","Relic","Relic","Card","Relic","Relic","Relic","Relic","Relic","Relic","Card"],"build_version":"2020-12-22","purchased_purges":19,"victory":true,"max_hp_per_floor":[84,84,84,84,84,84,89,89,89,89,89,89,89,89,89,93,93,93,93,97,97,97,101,101,103,113,113,113,117,117,117,117,124,124,133,140,140,140,145,148,148,148,148,148,158,161,153,153,153,154],"card_choices":[{"not_picked":["Bane","Deadly Poison"],"picked":"Prepared","floor":1},{"not_picked":["Well Laid Plans","PiercingWail"],"picked":"Reflex","floor":1},{"not_picked":["Dodge and Roll","Unload+1","Poisoned Stab+1","Setup"],"picked":"SKIP","floor":6},{"not_picked":["Masterful Stab+1","Noxious Fumes","Cloak And Dagger"],"picked":"Concentrate","floor":7},{"not_picked":["Flying Knee+1","REME_ShadowStrike+1","Dagger Throw+1","Prepared"],"picked":"SKIP","floor":7},{"not_picked":["REME_GreenPollution","Flying Knee+1","Dagger Spray+1","Escape Plan"],"picked":"SKIP","floor":8},{"not_picked":["Outmaneuver","Slice+1","PiercingWail","Dodge and Roll"],"picked":"SKIP","floor":10},{"not_picked":["Corpse Explosion","REME_SpectralBlade+1","Night Terror","Unload+1"],"picked":"Singing Bowl","floor":16},{"not_picked":["Flying Knee+1","Outmaneuver","Deadly Poison+1","Sucker Punch+1"],"picked":"SKIP","floor":18},{"not_picked":["Choke+1","Flying Knee+1","Dash+1","Dagger Spray+1"],"picked":"SKIP","floor":18},{"not_picked":["Dodge and Roll","Predator+1","Distraction","Deadly Poison"],"picked":"Singing Bowl","floor":20},{"not_picked":["Skewer+1","Bouncing Flask+1","Dagger Throw+1","REME_GreenPollution"],"picked":"Singing Bowl","floor":20},{"not_picked":["Enlightenment","REME_AllRoundStrike","HandOfGreedExtend"],"picked":"Singing Bowl","floor":23},{"not_picked":["Footwork+1","Dagger Spray+1","Choke+1"],"picked":"Setup+1","floor":23},{"not_picked":["Backstab+1","PiercingWail","Accuracy","Distraction"],"picked":"Singing Bowl","floor":25},{"not_picked":["REME_GreenPollution","Quick Slash+1","Acrobatics"],"picked":"Reflex+1","floor":27},{"not_picked":["Jack Of All Trades","Violence","Blind"],"picked":"Singing Bowl","floor":29},{"not_picked":["Flechettes+1","Deflect","Bouncing Flask"],"picked":"Acrobatics","floor":29},{"not_picked":["Corpse Explosion","Tools of the Trade","Grand Finale+1","Bullet Time"],"picked":"Singing Bowl","floor":33},{"not_picked":["REME_ShadowForm","Die Die Die+1","REME_CopyPotion","Wraith Form v2"],"picked":"Singing Bowl","floor":33},{"not_picked":["REME_SpectralBlade+1","Bullet Time","Corpse Explosion","Phantasmal Killer"],"picked":"Singing Bowl","floor":33},{"not_picked":["Jack Of All Trades","Panache","Blind"],"picked":"Singing Bowl","floor":35},{"not_picked":["Dagger Throw+1","Underhanded Strike+1","PiercingWail","Acrobatics+1"],"picked":"Singing Bowl","floor":35},{"not_picked":["Finisher+1","Dagger Throw+1","Distraction","Bane+1"],"picked":"Singing Bowl","floor":35},{"not_picked":["Dash+1","Cloak And Dagger+1","Prepared+1","Leg Sweep"],"picked":"Singing Bowl","floor":39},{"not_picked":["Flying Knee+1","Underhanded Strike+1","REME_ShadowForm","Deflect+1"],"picked":"Singing Bowl","floor":39},{"not_picked":["Backflip","Quick Slash+1","Reflex+1","Die Die Die+1"],"picked":"Singing Bowl","floor":40},{"not_picked":["Poisoned Stab+1","Skewer+1","Heel Hook+1","Underhanded Strike+1"],"picked":"Singing Bowl","floor":45},{"not_picked":["Sucker Punch+1","Distraction","Flechettes+1","Bane+1"],"picked":"Singing Bowl","floor":45},{"not_picked":["Outmaneuver+1","Choke+1","PiercingWail","Distraction+1"],"picked":"Singing Bowl","floor":46}],"player_experience":208365,"relics_obtained":[{"floor":6,"key":"Molten Egg 2"},{"floor":8,"key":"Art of War"},{"floor":9,"key":"Whetstone"},{"floor":9,"key":"Blue Candle"},{"floor":10,"key":"Meat on the Bone"},{"floor":12,"key":"Juzu Bracelet"},{"floor":16,"key":"Orichalcum"},{"floor":25,"key":"Bottled Lightning"},{"floor":26,"key":"Pear"},{"floor":27,"key":"HornCleat"},{"floor":29,"key":"Bronze Scales"},{"floor":33,"key":"Regal Pillow"},{"floor":37,"key":"Lantern"},{"floor":40,"key":"REME_ArchaeologicalTools"},{"floor":43,"key":"Gambling Chip"},{"floor":44,"key":"Ancient Tea Set"},{"floor":46,"key":"War Paint"},{"floor":48,"key":"Mercury Hourglass"},{"floor":49,"key":"CaptainsWheel"}],"event_choices":[{"damage_healed":0,"gold_gain":0,"player_choice":"Grow","damage_taken":0,"max_hp_gain":0,"max_hp_loss":0,"event_name":"Living Wall","floor":2,"gold_loss":0,"cards_upgraded":["REME_GreenPollution"]},{"damage_healed":0,"gold_gain":0,"player_choice":"Take Wound","damage_taken":0,"relics_obtained":["Golden Idol"],"max_hp_gain":0,"max_hp_loss":0,"event_name":"Golden Idol","floor":4,"gold_loss":0,"cards_obtained":["Injury"]},{"damage_healed":0,"gold_gain":0,"player_choice":"Box","damage_taken":0,"relics_obtained":["MealTicket"],"max_hp_gain":0,"max_hp_loss":0,"event_name":"Big Fish","floor":11,"gold_loss":0,"cards_obtained":["Regret"]},{"cards_removed":["Regret"],"damage_healed":0,"gold_gain":0,"player_choice":"Removed Curses","damage_taken":0,"max_hp_gain":0,"max_hp_loss":0,"event_name":"Fountain of Cleansing","floor":13,"gold_loss":0},{"damage_healed":0,"gold_gain":0,"player_choice":"Gave Potion","damage_taken":0,"relics_obtained":["Toy Ornithopter"],"max_hp_gain":0,"max_hp_loss":0,"event_name":"WeMeetAgain","floor":14,"gold_loss":0},{"damage_healed":0,"gold_gain":0,"player_choice":"Ignored","damage_taken":0,"max_hp_gain":0,"max_hp_loss":0,"event_name":"Vampires","floor":22,"gold_loss":0},{"damage_healed":0,"gold_gain":0,"player_choice":"Ignored","damage_taken":0,"max_hp_gain":0,"max_hp_loss":0,"event_name":"Beggar","floor":24,"gold_loss":0},{"damage_healed":0,"gold_gain":0,"player_choice":"Obtained Relic","damage_taken":0,"relics_obtained":["Vajra"],"max_hp_gain":0,"max_hp_loss":0,"event_name":"Addict","floor":30,"gold_loss":85},{"damage_healed":0,"gold_gain":0,"player_choice":"Trade","damage_taken":0,"relics_obtained":["FaceOfCleric"],"max_hp_gain":0,"max_hp_loss":0,"event_name":"FaceTrader","floor":31,"gold_loss":0},{"damage_healed":0,"gold_gain":0,"player_choice":"Ignored","damage_taken":0,"max_hp_gain":0,"max_hp_loss":0,"event_name":"The Moai Head","floor":41,"gold_loss":0},{"damage_healed":0,"gold_gain":0,"player_choice":"Max HP","damage_taken":0,"max_hp_gain":0,"max_hp_loss":8,"event_name":"Winding Halls","floor":47,"gold_loss":0}],"is_beta":false,"boss_relics":[{"not_picked":["Pandora\u0027s Box","SacredBark"],"picked":"SlaversCollar"},{"not_picked":["Sozu","REME_DemonsWealth"],"picked":"Ring of the Serpent"}],"items_purged_floors":[0,0,0,0,0,0,0,5,19,19,19,19,19,36,36,36,36,36,36],"is_endless":false,"potions_floor_spawned":[1,6,7,8,8,8,8,10,10,16,18,20,20,20,23,23,27,27,29,33,33,35,39,40,45,45,46],"ascension_level":4}}