{"host":"z37g2hkgkh2zjyzk","time":1614223685,"event":{"mods":["2.2 Compatiblity","AchievementEnabler","BaseMod","Bestiary","Colored Map","Colored Powertips","Curses Come First","Highlight Path","Keyboard Shortcuts","Minty Spire (QoL Compilation)","Relic Stats","StSLib","SuperFastMode"],"gold_per_floor":[118,118,131,131,131,150,188,188,235,235,259,284,284,319,319,439,439,460,480,69,90,109,109,142,142,142,185,185,185,210,160,160,290,290,305,328,328,351,351,351],"floor_reached":39,"language":"ENG","playtime":2222,"items_purged":["Strike_B"],"score":603,"play_id":"09b31d27-00b1-4b7f-8453-1488576fd375","local_time":"20210225042805","is_ascension_mode":true,"campfire_choices":[{"floor":8,"key":"REST"},{"data":"Sweeping Beam","floor":10,"key":"SMITH"},{"floor":13,"key":"REST"},{"data":"Static Discharge","floor":15,"key":"SMITH"},{"floor":23,"key":"REST"},{"floor":25,"key":"REST"},{"floor":28,"key":"REST"},{"floor":32,"key":"REST"}],"circlet_count":0,"master_deck":["Strike_B","Strike_B","Strike_B","Defend_B","Defend_B+1","Defend_B","Defend_B","Zap+1","Dualcast","Conserve Battery","Static Discharge+1","Sweeping Beam+1","Steam Power","Glacier","Streamline","Turbo","Hyperbeam","Biased Cognition","Hologram","Coolheaded","Electrodynamics","Seek","Panacea","Self Repair+1"],"relics":["Cracked Core","Oddly Smooth Stone","Golden Idol","Smiling Mask","Boot","MealTicket","Inserter","Pocketwatch","Bronze Scales","Eternal Feather","Calipers","Snecko Eye"],"acts_visited":["Exordium","TheCity","TheBeyond"],"potions_floor_usage":[16,18,18,21,27,33,38],"damage_taken":[{"damage":7,"enemies":"Jaw Worm","floor":1,"turns":3},{"damage":0,"enemies":"Small Slimes","floor":3,"turns":3},{"damage":0,"enemies":"2 Louse","floor":6,"turns":3},{"damage":17,"enemies":"3 Sentries","floor":7,"turns":7},{"damage":17,"enemies":"Exordium Thugs","floor":11,"turns":4},{"damage":8,"enemies":"Red Slaver","floor":12,"turns":3},{"damage":13,"enemies":"Lagavulin","floor":14,"turns":6},{"damage":8,"enemies":"The Guardian","floor":16,"turns":12},{"damage":6,"enemies":"Chosen","floor":18,"turns":6},{"damage":5,"enemies":"Shell Parasite","floor":19,"turns":6},{"damage":13,"enemies":"Centurion and Healer","floor":21,"turns":7},{"damage":28,"enemies":"Snake Plant","floor":22,"turns":4},{"damage":34,"enemies":"Slavers","floor":24,"turns":6},{"damage":31,"enemies":"Gremlin Leader","floor":27,"turns":7},{"damage":10,"enemies":"3 Cultists","floor":30,"turns":4},{"damage":11,"enemies":"Collector","floor":33,"turns":9},{"damage":18,"enemies":"3 Shapes","floor":35,"turns":4},{"damage":15,"enemies":"Orb Walker","floor":36,"turns":3},{"damage":3,"enemies":"Jaw Worm Horde","floor":38,"turns":3},{"damage":74,"enemies":"Writhing Mass","floor":39,"turns":3}],"seed_played":"-3949151544347216993","potions_obtained":[{"floor":6,"key":"Weak Potion"},{"floor":14,"key":"Swift Potion"},{"floor":16,"key":"Weak Potion"},{"floor":19,"key":"FocusPotion"},{"floor":24,"key":"DistilledChaos"},{"floor":27,"key":"SpeedPotion"},{"floor":30,"key":"PowerPotion"},{"floor":33,"key":"BlessingOfTheForge"},{"floor":35,"key":"EssenceOfSteel"},{"floor":36,"key":"Explosive Potion"}],"is_trial":false,"path_per_floor":["M","?","M","?","?","M","E","R","T","R","M","M","R","E","R","B",null,"M","M","$","M","M","R","E","R","T","E","R","?","M","?","R","B",null,"M","M","?","M","M"],"character_chosen":"DEFECT","items_purchased":["Biased Cognition","Pocketwatch"],"campfire_rested":6,"item_purchase_floors":[20,20],"current_hp_per_floor":[61,66,66,50,50,50,33,55,55,55,38,30,52,39,39,31,63,57,52,67,54,26,48,14,36,36,5,39,39,29,29,63,52,69,51,36,36,33,0,0],"gold":351,"neow_bonus":"RANDOM_COMMON_RELIC","is_daily":false,"chose_seed":false,"campfire_upgraded":2,"win_rate":0.0,"timestamp":1614223685,"path_taken":["M","?","M","?","?","M","E","R","T","R","M","?","R","E","R","BOSS","M","M","$","M","M","R","E","R","T","E","R","?","M","?","R","BOSS","M","M","?","M","M"],"items_purchased_type":["Card","Relic"],"build_version":"2020-12-22","purchased_purges":1,"victory":false,"max_hp_per_floor":[75,80,80,80,74,74,74,74,74,74,74,74,74,74,74,74,74,74,74,74,74,74,74,74,74,74,74,74,74,74,74,74,74,74,74,74,74,74,74,74],"relic_stats":{"Inserter":[31],"counters":[20,103],"Golden Idol":129,"Bronze Scales":[94],"Snecko Eye":[18,22,32,32],"MealTicket":15,"Eternal Feather":24,"Smiling Mask":25,"Boot":[29],"obtain_stats":[{"Inserter":17,"Calipers":27,"Golden Idol":5,"Bronze Scales":24,"Oddly Smooth Stone":0,"Snecko Eye":34,"MealTicket":14,"Eternal Feather":26,"Cracked Core":0,"Smiling Mask":7,"Boot":9,"Pocketwatch":20},{"Inserter":8,"Calipers":14,"Golden Idol":2,"Bronze Scales":13,"Oddly Smooth Stone":0,"Snecko Eye":16,"MealTicket":7,"Eternal Feather":13,"Cracked Core":0,"Smiling Mask":4,"Boot":4,"Pocketwatch":10},{"Inserter":41,"Calipers":77,"Golden Idol":6,"Bronze Scales":70,"Oddly Smooth Stone":0,"Snecko Eye":90,"MealTicket":29,"Eternal Feather":70,"Cracked Core":0,"Smiling Mask":16,"Boot":16,"Pocketwatch":53}],"Pocketwatch":[60]},"card_choices":[{"not_picked":["Hologram","Darkness"],"picked":"Conserve Battery","floor":1},{"not_picked":["Hologram","Leap"],"picked":"Static Discharge","floor":3},{"not_picked":["Auto Shields","Doom and Gloom"],"picked":"Sweeping Beam","floor":6},{"not_picked":["Compile Driver","Gash"],"picked":"Steam Power","floor":7},{"not_picked":["Coolheaded","Go for the Eyes"],"picked":"Glacier","floor":11},{"not_picked":["Leap","Buffer"],"picked":"Streamline","floor":12},{"not_picked":["Double Energy","Hello World"],"picked":"Turbo","floor":14},{"not_picked":["Rainbow","Buffer"],"picked":"Hyperbeam","floor":16},{"not_picked":["Compile Driver+1","Cold Snap","Hello World"],"picked":"SKIP","floor":18},{"not_picked":["Beam Cell","Sweeping Beam","Leap"],"picked":"SKIP","floor":19},{"not_picked":["Go for the Eyes+1","Chaos"],"picked":"Hologram","floor":21},{"not_picked":["Genetic Algorithm","Steam Power"],"picked":"Coolheaded","floor":22},{"not_picked":["Fission","Chaos","Heatsinks"],"picked":"SKIP","floor":24},{"not_picked":["Turbo","Hologram"],"picked":"Electrodynamics","floor":27},{"not_picked":["Turbo","Hologram","Cold Snap"],"picked":"SKIP","floor":30},{"not_picked":["Meteor Strike","Creative AI"],"picked":"Seek","floor":33},{"not_picked":["Hologram+1","Leap","Barrage"],"picked":"SKIP","floor":35},{"not_picked":["Skim","Sweeping Beam+1","Auto Shields"],"picked":"SKIP","floor":36},{"not_picked":["Swift Strike","Sadistic Nature"],"picked":"Panacea","floor":37},{"not_picked":["Leap","Barrage+1"],"picked":"Self Repair+1","floor":38}],"player_experience":270462,"relics_obtained":[{"floor":7,"key":"Smiling Mask"},{"floor":9,"key":"Boot"},{"floor":14,"key":"MealTicket"},{"floor":24,"key":"Bronze Scales"},{"floor":26,"key":"Eternal Feather"},{"floor":27,"key":"Calipers"}],"event_choices":[{"damage_healed":0,"gold_gain":0,"player_choice":"Donut","damage_taken":0,"max_hp_gain":5,"max_hp_loss":0,"event_name":"Big Fish","floor":2,"gold_loss":0},{"damage_healed":0,"gold_gain":0,"player_choice":"Entered Light","damage_taken":16,"max_hp_gain":0,"max_hp_loss":0,"event_name":"Shining Light","floor":4,"gold_loss":0,"cards_upgraded":["Zap","Defend_B"]},{"damage_healed":0,"gold_gain":0,"player_choice":"Lose Max HP","damage_taken":0,"relics_obtained":["Golden Idol"],"max_hp_gain":0,"max_hp_loss":6,"event_name":"Golden Idol","floor":5,"gold_loss":0},{"damage_healed":0,"gold_gain":0,"player_choice":"Ignored","damage_taken":0,"max_hp_gain":0,"max_hp_loss":0,"event_name":"Ghosts","floor":29,"gold_loss":0},{"damage_healed":0,"gold_gain":0,"player_choice":"Bet on Murderer","damage_taken":0,"max_hp_gain":0,"max_hp_loss":0,"event_name":"The Joust","floor":31,"gold_loss":50},{"damage_healed":0,"gold_gain":0,"player_choice":"Memory 1","damage_taken":0,"max_hp_gain":0,"max_hp_loss":0,"event_name":"SensoryStone","floor":37,"gold_loss":0}],"is_beta":false,"boss_relics":[{"not_picked":["Coffee Dripper","Runic Dome"],"picked":"Inserter"},{"not_picked":["Calling Bell","Busted Crown"],"picked":"Snecko Eye"}],"items_purged_floors":[20],"is_endless":false,"potions_floor_spawned":[6,14,16,19,24,27,30,33,35,36],"killed_by":"Writhing Mass","ascension_level":8}}