{"host":"z37g2hkgkh2zjyzk","time":1614262886,"event":{"mods":["2.2 Compatiblity","AchievementEnabler","BaseMod","Bestiary","Colored Map","Colored Powertips","Curses Come First","Highlight Path","Keyboard Shortcuts","Minty Spire (QoL Compilation)","Relic Stats","StSLib","SuperFastMode"],"gold_per_floor":[15,30,43,8,26,57,57,71,71,71,97,124,194,221,221,325,325,337,116,316,19,35,35,49,64,64,64,76,92,92,92],"floor_reached":30,"language":"ENG","playtime":1604,"items_purged":["Defend_B"],"score":353,"play_id":"22ad04bb-49ff-4dbb-b407-190bd0c7af3d","local_time":"20210225152126","is_ascension_mode":true,"campfire_choices":[{"data":"Recycle","floor":7,"key":"SMITH"},{"data":"Beam Cell","floor":10,"key":"SMITH"},{"floor":15,"key":"REST"},{"floor":23,"key":"REST"},{"floor":27,"key":"REST"}],"circlet_count":0,"master_deck":["Strike_B","Strike_B+1","Strike_B+1","Defend_B","Defend_B","Zap","Dualcast","Ball Lightning","Ball Lightning","Beam Cell+1","Recycle+1","Heatsinks+1","Conserve Battery","All For One","Auto Shields","Defragment+1","Go for the Eyes","FTL","Gash","Capacitor+1","Conserve Battery","Loop+1","Self Repair+1","Turbo","Sweeping Beam","Conserve Battery+1","Capacitor+1","Consume"],"relics":["Cracked Core","Whetstone","Frozen Egg 2","Symbiotic Virus","Toy Ornithopter","Shuriken","Pear","Nuclear Battery","Orrery","Dream Catcher","Pen Nib"],"acts_visited":["Exordium","TheCity"],"potions_floor_usage":[5,6,16,18,25,30],"damage_taken":[{"damage":2,"enemies":"Jaw Worm","floor":1,"turns":3},{"damage":1,"enemies":"Cultist","floor":2,"turns":3},{"damage":1,"enemies":"2 Louse","floor":3,"turns":2},{"damage":0,"enemies":"Lots of Slimes","floor":5,"turns":2},{"damage":30,"enemies":"3 Sentries","floor":6,"turns":6},{"damage":3,"enemies":"Blue Slaver","floor":8,"turns":2},{"damage":8,"enemies":"Gremlin Nob","floor":11,"turns":3},{"damage":25,"enemies":"3 Sentries","floor":14,"turns":5},{"damage":22,"enemies":"Hexaghost","floor":16,"turns":7},{"damage":22,"enemies":"2 Thieves","floor":18,"turns":2},{"damage":0,"enemies":"3 Byrds","floor":22,"turns":4},{"damage":25,"enemies":"Snake Plant","floor":24,"turns":4},{"damage":67,"enemies":"3 Cultists","floor":25,"turns":6},{"damage":0,"enemies":"Snecko","floor":28,"turns":3},{"damage":34,"enemies":"Cultist and Chosen","floor":29,"turns":5},{"damage":18,"enemies":"Centurion and Healer","floor":30,"turns":3}],"seed_played":"8820722620794834165","potions_obtained":[{"floor":3,"key":"Explosive Potion"},{"floor":5,"key":"Swift Potion"},{"floor":8,"key":"BlessingOfTheForge"},{"floor":14,"key":"Explosive Potion"},{"floor":24,"key":"SkillPotion"},{"floor":25,"key":"SteroidPotion"}],"is_trial":false,"path_per_floor":["M","M","M","?","M","E","R","M","T","R","E","T","T","E","R","B",null,"M","$","?","$","M","R","M","M","T","R","M","M","M"],"character_chosen":"DEFECT","items_purchased":["Defragment+1","Orrery","Dream Catcher","Loop+1"],"campfire_rested":3,"item_purchase_floors":[19,19,21,21],"current_hp_per_floor":[66,65,64,75,75,45,45,42,42,42,34,34,34,19,44,27,71,54,54,54,54,54,79,64,12,12,37,37,13,0,0],"gold":92,"neow_bonus":"REMOVE_TWO","is_daily":false,"chose_seed":false,"campfire_upgraded":2,"win_rate":0.0,"timestamp":1614262886,"path_taken":["M","M","M","?","M","E","R","M","T","R","E","?","?","E","R","BOSS","M","$","?","$","M","R","M","M","T","R","M","M","M"],"items_purchased_type":["Card","Relic","Relic","Card"],"build_version":"2020-12-22","purchased_purges":1,"victory":false,"max_hp_per_floor":[75,75,75,75,75,75,75,75,75,75,75,75,75,85,85,85,85,85,85,85,85,85,85,85,85,85,85,85,85,85,85],"relic_stats":{"Dream Catcher":2,"counters":[16,59],"Shuriken":[15],"Pen Nib":[2],"Whetstone":["Strike_B","Strike_B"],"obtain_stats":[{"Dream Catcher":21,"Pear":14,"Shuriken":13,"Orrery":19,"Pen Nib":26,"Whetstone":6,"Frozen Egg 2":9,"Cracked Core":0,"Symbiotic Virus":11,"Toy Ornithopter":12,"Nuclear Battery":17},{"Dream Catcher":10,"Pear":8,"Shuriken":7,"Orrery":10,"Pen Nib":13,"Whetstone":5,"Frozen Egg 2":6,"Cracked Core":0,"Symbiotic Virus":7,"Toy Ornithopter":7,"Nuclear Battery":9},{"Dream Catcher":35,"Pear":26,"Shuriken":21,"Orrery":35,"Pen Nib":48,"Whetstone":16,"Frozen Egg 2":18,"Cracked Core":0,"Symbiotic Virus":21,"Toy Ornithopter":21,"Nuclear Battery":33}],"Toy Ornithopter":20},"card_choices":[{"not_picked":["Go for the Eyes","Hologram"],"picked":"Ball Lightning","floor":1},{"not_picked":["Consume","Coolheaded","Compile Driver"],"picked":"SKIP","floor":2},{"not_picked":["Seek","Reprogram"],"picked":"Ball Lightning","floor":3},{"not_picked":["Redo","Coolheaded"],"picked":"Beam Cell","floor":5},{"not_picked":["Melter","Coolheaded"],"picked":"Recycle","floor":6},{"not_picked":["Compile Driver","Chaos","Streamline"],"picked":"SKIP","floor":8},{"not_picked":["Barrage","Cold Snap"],"picked":"Heatsinks+1","floor":11},{"not_picked":["Skim","Redo"],"picked":"Conserve Battery","floor":14},{"not_picked":["Meteor Strike","Multi-Cast"],"picked":"All For One","floor":16},{"not_picked":["Stack","Cold Snap"],"picked":"Auto Shields","floor":18},{"not_picked":["Hyperbeam","Tempest"],"picked":"Go for the Eyes","floor":19},{"not_picked":["Hologram","Tempest"],"picked":"FTL","floor":19},{"not_picked":["Biased Cognition+1","Rebound"],"picked":"Gash","floor":19},{"not_picked":["Loop+1","Beam Cell"],"picked":"Capacitor+1","floor":19},{"not_picked":["Doom and Gloom","Cold Snap+1"],"picked":"Conserve Battery","floor":19},{"not_picked":["Recycle","Turbo+1"],"picked":"Self Repair+1","floor":22},{"not_picked":["Beam Cell","Coolheaded+1"],"picked":"Turbo","floor":23},{"not_picked":["Steam","Rebound"],"picked":"Sweeping Beam","floor":24},{"not_picked":["Reinforced Body","Rebound+1"],"picked":"Conserve Battery+1","floor":25},{"not_picked":["Leap+1","Loop+1"],"picked":"Capacitor+1","floor":27},{"not_picked":["Beam Cell","Lockon+1"],"picked":"Consume","floor":28},{"not_picked":["Stack","Auto Shields","Beam Cell"],"picked":"SKIP","floor":29}],"player_experience":274175,"relics_obtained":[{"floor":6,"key":"Whetstone"},{"floor":9,"key":"Frozen Egg 2"},{"floor":11,"key":"Symbiotic Virus"},{"floor":12,"key":"Toy Ornithopter"},{"floor":13,"key":"Shuriken"},{"floor":14,"key":"Pear"},{"floor":26,"key":"Pen Nib"}],"event_choices":[{"damage_healed":18,"gold_gain":0,"player_choice":"Healed","damage_taken":0,"max_hp_gain":0,"max_hp_loss":0,"event_name":"The Cleric","floor":4,"gold_loss":35},{"damage_healed":0,"gold_gain":250,"player_choice":"Bet on Owner","damage_taken":0,"max_hp_gain":0,"max_hp_loss":0,"event_name":"The Joust","floor":20,"gold_loss":50}],"is_beta":false,"boss_relics":[{"not_picked":["Black Star","Snecko Eye"],"picked":"Nuclear Battery"}],"items_purged_floors":[21],"is_endless":false,"potions_floor_spawned":[3,5,8,14,24,25],"killed_by":"Centurion and Healer","ascension_level":8}}