{"host":"qgrlfjrqk9z96gfi","time":1614214798,"event":{"mods":["BaseMod","Block Reminder","Colored Map","Custom Start","DeckTracker","Minty Spire (QoL Compilation)"],"gold_per_floor":[119,2,2,2,12,47,47,47,70,84,117,117,117,148,148,220,220,238,238,16,29,29,29,54,54,77,107,107,125,141,161,161,240,240,251,268,268,268,48,48,61,61,61,92,107,107,107,107],"floor_reached":47,"language":"ENG","playtime":1496,"items_purged":["Bullet Time","Dagger Throw"],"score":1193,"play_id":"d30d0c54-9df9-4079-8392-8a5f4d67fb27","local_time":"20210224145958","is_ascension_mode":true,"campfire_choices":[{"data":"Crippling Poison","floor":8.0,"key":"SMITH"},{"data":"Corpse Explosion","floor":13.0,"key":"SMITH"},{"data":"Leg Sweep","floor":15.0,"key":"SMITH"},{"data":"Bullet Time","floor":23.0,"key":"SMITH"},{"floor":28.0,"key":"REST"},{"floor":32.0,"key":"REST"},{"data":"Burst","floor":40.0,"key":"SMITH"},{"floor":46,"key":"RECALL"}],"circlet_count":0,"master_deck":["AscendersBane","Survivor","Neutralize","Crippling Poison+1","Leg Sweep+1","Riddle With Holes+1","Heel Hook+1","Masterful Stab+1","Corpse Explosion+1","Bullet Time+1","Quick Slash+1","Quick Slash+1","Deadly Poison","Burst+1","Malaise","Terror","Die Die Die+1","Unload+1","Phantasmal Killer","Outmaneuver","Dagger Throw+1","Backflip","Leg Sweep","Underhanded Strike+1","Cloak And Dagger","Deflect","Backstab+1","Concentrate","Adrenaline","PiercingWail+1","Distraction+1","Master of Strategy","Footwork","Good Instincts","Escape Plan"],"relics":["Ring of the Snake","NeowsBlessing","Singing Bowl","Molten Egg 2","Darkstone Periapt","The Courier","Bag of Marbles","Strawberry","Happy Flower","Pandora\u0027s Box","Sling","Prayer Wheel","Blood Vial","White Beast Statue","Velvet Choker","Vajra"],"acts_visited":["Exordium","TheCity","TheBeyond"],"potions_floor_usage":[47,47,47],"damage_taken":[{"damage":0.0,"enemies":"Cultist","floor":1.0,"turns":1.0},{"damage":0.0,"enemies":"Jaw Worm","floor":5.0,"turns":1.0},{"damage":0.0,"enemies":"Gremlin Nob","floor":6.0,"turns":1.0},{"damage":0.0,"enemies":"2 Louse","floor":10.0,"turns":2.0},{"damage":0.0,"enemies":"3 Sentries","floor":11.0,"turns":4.0},{"damage":5.0,"enemies":"Lagavulin","floor":14.0,"turns":5.0},{"damage":32.0,"enemies":"Slime Boss","floor":16.0,"turns":8.0},{"damage":3.0,"enemies":"3 Byrds","floor":18.0,"turns":3.0},{"damage":16.0,"enemies":"Spheric Guardian","floor":21.0,"turns":4.0},{"damage":28.0,"enemies":"Slavers","floor":24.0,"turns":3.0},{"damage":12.0,"enemies":"Book of Stabbing","floor":27.0,"turns":3.0},{"damage":5.0,"enemies":"Centurion and Healer","floor":29.0,"turns":6.0},{"damage":0.0,"enemies":"3 Cultists","floor":30.0,"turns":2.0},{"damage":0.0,"enemies":"Snecko","floor":31.0,"turns":3.0},{"damage":53.0,"enemies":"Collector","floor":33.0,"turns":8.0},{"damage":4.0,"enemies":"Orb Walker","floor":35.0,"turns":2.0},{"damage":0.0,"enemies":"3 Darklings","floor":36.0,"turns":2.0},{"damage":43,"enemies":"Spire Growth","floor":41,"turns":4},{"damage":37,"enemies":"Nemesis","floor":44,"turns":11},{"damage":8,"enemies":"Sphere and 2 Shapes","floor":45,"turns":5},{"damage":49,"enemies":"Giant Head","floor":47,"turns":5}],"seed_played":"2010132750811217214","potions_obtained":[{"floor":1.0,"key":"GamblersBrew"},{"floor":10.0,"key":"BlessingOfTheForge"},{"floor":33.0,"key":"Fire Potion"},{"floor":35.0,"key":"EntropicBrew"},{"floor":41,"key":"LiquidMemories"}],"is_trial":false,"path_per_floor":["M","$","?","T","M","E","T","R","T","M","E","?","R","E","R","B",null,"M","?","$","M","?","R","E","?","T","E","R","M","M","M","R","B",null,"M","M","?","?","$","R","M","?","T","E","M","R","E"],"character_chosen":"THE_SILENT","items_purchased":["Crippling Poison","Leg Sweep","Dagger Throw+1","Sling","Footwork","Good Instincts"],"campfire_rested":2,"item_purchase_floors":[2,2,20,20,39,39],"current_hp_per_floor":[59,59,48,48,48,48,48,48,48,48,55,55,55,52,52,20,61,58,58,58,44,44,44,16,16,16,8,31,28,32,34,58,7,63,63,67,67,67,67,67,28,71,71,36,34,34,0,0],"gold":107,"neow_bonus":"THREE_ENEMY_KILL","is_daily":false,"chose_seed":false,"campfire_upgraded":5,"win_rate":0.0,"timestamp":1614214798,"path_taken":["M","$","?","?","?","E","?","R","T","M","E","?","R","E","R","BOSS","M","?","$","M","?","R","E","?","T","E","R","?","M","?","R","BOSS","M","M","?","?","$","R","M","?","T","E","M","R","E"],"items_purchased_type":["Card","Card","Card","Relic","Card","Card"],"build_version":"2020-12-22","purchased_purges":2,"victory":false,"max_hp_per_floor":[66,66,66,66,66,66,66,66,66,66,73,73,73,75,75,75,75,75,75,75,77,77,77,77,77,77,79,79,79,81,81,81,81,81,83,85,85,85,85,85,87,71,71,73,77,77,77,77],"card_choices":[{"not_picked":["Reflex","Prepared"],"picked":"Dagger Throw","floor":1.0},{"not_picked":["Deadly Poison","Masterful Stab+1"],"picked":"Riddle With Holes+1","floor":5.0},{"not_picked":["Bullet Time","Outmaneuver"],"picked":"Heel Hook+1","floor":6.0},{"not_picked":["Choke+1","Accuracy"],"picked":"Masterful Stab+1","floor":10.0},{"not_picked":["Bouncing Flask","Acrobatics"],"picked":"Corpse Explosion","floor":11.0},{"not_picked":["Dagger Spray+1","Endless Agony+1","Outmaneuver"],"picked":"Singing Bowl","floor":14.0},{"not_picked":["Doppelganger","Phantasmal Killer"],"picked":"Bullet Time","floor":16.0},{"not_picked":["Quick Slash+1","Tactician"],"picked":"Outmaneuver","floor":18.0},{"not_picked":["Flying Knee+1","Outmaneuver","Infinite Blades"],"picked":"Singing Bowl","floor":21.0},{"not_picked":["Catalyst","Deflect"],"picked":"Leg Sweep","floor":24.0},{"not_picked":["Corpse Explosion","Slice+1","Underhanded Strike+1"],"picked":"Singing Bowl","floor":27.0},{"not_picked":["Endless Agony+1","Acrobatics"],"picked":"Underhanded Strike+1","floor":29.0},{"not_picked":["Poisoned Stab+1","Corpse Explosion"],"picked":"Cloak And Dagger","floor":29.0},{"not_picked":["Finisher+1","Underhanded Strike+1"],"picked":"Deflect","floor":30.0},{"not_picked":["Dagger Spray+1","Underhanded Strike+1","Bane+1"],"picked":"Singing Bowl","floor":30.0},{"not_picked":["Bane+1","Deadly Poison"],"picked":"Backstab+1","floor":31.0},{"not_picked":["Prepared","Dagger Spray+1"],"picked":"Concentrate","floor":31.0},{"not_picked":["Doppelganger","Burst"],"picked":"Adrenaline","floor":33.0},{"not_picked":["Outmaneuver","Bane+1"],"picked":"PiercingWail+1","floor":35.0},{"not_picked":["All Out Attack+1","Underhanded Strike+1","Deadly Poison"],"picked":"Singing Bowl","floor":35.0},{"not_picked":["Tactician","Dodge and Roll"],"picked":"Distraction+1","floor":36.0},{"not_picked":["Infinite Blades","Caltrops","Outmaneuver"],"picked":"Singing Bowl","floor":36.0},{"not_picked":["Secret Technique","Panacea"],"picked":"Master of Strategy","floor":38.0},{"not_picked":["Dagger Throw+1","Underhanded Strike+1"],"picked":"Escape Plan","floor":41},{"not_picked":["Caltrops+1","Quick Slash+1","Finisher+1"],"picked":"Singing Bowl","floor":41},{"not_picked":["PiercingWail","Night Terror","Cloak And Dagger"],"picked":"Singing Bowl","floor":44},{"not_picked":["Dodge and Roll","Blade Dance","Dagger Throw+1"],"picked":"Singing Bowl","floor":45},{"not_picked":["Flechettes+1","Quick Slash+1","Backstab+1"],"picked":"Singing Bowl","floor":45}],"player_experience":1189101,"relics_obtained":[{"floor":4.0,"key":"Molten Egg 2"},{"floor":6.0,"key":"Darkstone Periapt"},{"floor":7.0,"key":"The Courier"},{"floor":9.0,"key":"Bag of Marbles"},{"floor":11.0,"key":"Strawberry"},{"floor":14.0,"key":"Happy Flower"},{"floor":24.0,"key":"Prayer Wheel"},{"floor":26.0,"key":"Blood Vial"},{"floor":27.0,"key":"White Beast Statue"},{"floor":44,"key":"Vajra"}],"event_choices":[{"damage_healed":0.0,"max_hp_gain":0.0,"max_hp_loss":0.0,"gold_gain":0.0,"event_name":"Scrap Ooze","player_choice":"Success","floor":3.0,"gold_loss":0.0,"damage_taken":11.0,"relics_obtained":["Singing Bowl"]},{"damage_healed":0.0,"max_hp_gain":0.0,"max_hp_loss":0.0,"gold_gain":0.0,"event_name":"The Cleric","player_choice":"Leave","floor":12.0,"gold_loss":0.0,"damage_taken":0.0},{"damage_healed":0.0,"max_hp_gain":0.0,"max_hp_loss":0.0,"gold_gain":0.0,"event_name":"The Library","player_choice":"Read","floor":22.0,"gold_loss":0.0,"damage_taken":0.0,"cards_obtained":["Backflip"]},{"damage_healed":0.0,"max_hp_gain":0.0,"max_hp_loss":0.0,"gold_gain":0.0,"event_name":"FaceTrader","player_choice":"Leave","floor":25.0,"gold_loss":0.0,"damage_taken":0.0},{"damage_healed":0.0,"max_hp_gain":0.0,"max_hp_loss":0.0,"gold_gain":0.0,"event_name":"Tomb of Lord Red Mask","player_choice":"Ignored","floor":37.0,"gold_loss":0.0,"damage_taken":0.0},{"damage_healed":0.0,"max_hp_gain":0.0,"max_hp_loss":0.0,"gold_gain":0.0,"event_name":"SensoryStone","player_choice":"Memory 1","floor":38.0,"gold_loss":0.0,"damage_taken":0.0},{"damage_healed":71,"gold_gain":0,"player_choice":"Heal","damage_taken":0,"max_hp_gain":0,"max_hp_loss":16,"event_name":"The Moai Head","floor":42,"gold_loss":0}],"is_beta":false,"boss_relics":[{"not_picked":["Tiny House","Runic Pyramid"],"picked":"Pandora\u0027s Box"},{"not_picked":["Black Star","WristBlade"],"picked":"Velvet Choker"}],"items_purged_floors":[20,39],"is_endless":false,"potions_floor_spawned":[1,10,11,14,18,24,29,30,31,33,35,36,41,44,45],"killed_by":"Giant Head","ascension_level":20}}