{"host":"d4hjo1dp8g06u19c","time":1614274128,"event":{"mods":["Act Like it!","Arknights","BaseMod","Better Match","BetterRewards","Colored Map","Colored Powertips","Downfall","LagranYue(拉格朗・月)","Marisa（F雨　魔理沙）","Minty Spire (QoL Compilation)","Quick Restart","Remove Card Discount Mod","Shop Mod","Spicy Shops","StSLib","The Animator","The Servant 0.9.4","TheSwordswoman","UnlockEverythingMod","Youmu（魂魄妖梦）","noobMod","篝火指南"],"gold_per_floor":[115,131,151,168,243,243,243],"floor_reached":6,"language":"ZHS","playtime":105,"items_purged":[],"score":38,"play_id":"3df9cc02-a93a-412f-b00c-54dcf066f9cd","local_time":"20210226012848","is_ascension_mode":false,"campfire_choices":[],"circlet_count":0,"master_deck":["Strike_B","Strike_B","Strike_B","Strike_B","Defend_B","Defend_B","Defend_B","Defend_B","Zap","Dualcast","Heatsinks","Storm","Self Repair","Coolheaded"],"relics":["Cracked Core","ice","LagranYue:RandomDrawCardRelic","NeowsBlessing"],"acts_visited":["Exordium"],"potions_floor_usage":[],"damage_taken":[{"damage":0,"enemies":"Cultist","floor":1,"turns":1},{"damage":0,"enemies":"2 Louse","floor":2,"turns":1},{"damage":0,"enemies":"Jaw Worm","floor":3,"turns":1},{"damage":10,"enemies":"Looter","floor":4,"turns":4},{"damage":0,"enemies":"3 Sentries","floor":6,"turns":1}],"seed_played":"6740688833195419255","potions_obtained":[{"floor":1,"key":"EntropicBrew"},{"floor":2,"key":"GamblersBrew"}],"is_trial":false,"path_per_floor":["M","M","M","M","?","E"],"character_chosen":"DEFECT","items_purchased":[],"campfire_rested":0,"item_purchase_floors":[],"current_hp_per_floor":[75,75,75,72,61,61,61],"gold":243,"neow_bonus":"THREE_ENEMY_KILL","is_daily":false,"chose_seed":false,"campfire_upgraded":0,"win_rate":0.0,"timestamp":1614274128,"path_taken":["M","M","?","?","?","E"],"items_purchased_type":[],"build_version":"2020-12-22","purchased_purges":0,"victory":false,"max_hp_per_floor":[75,75,75,75,75,75,75],"card_choices":[{"not_picked":["Leap","Go for the Eyes"],"picked":"Heatsinks","floor":1},{"not_picked":["Skim","Blizzard"],"picked":"Storm","floor":2},{"not_picked":["Conserve Battery","Sweeping Beam"],"picked":"Self Repair","floor":3},{"not_picked":["Doom and Gloom","Go for the Eyes"],"picked":"Coolheaded","floor":4}],"player_experience":146257,"relics_obtained":[],"event_choices":[{"damage_healed":0,"gold_gain":75,"player_choice":"Gather Gold","damage_taken":11,"max_hp_gain":0,"max_hp_loss":0,"event_name":"World of Goop","floor":5,"gold_loss":0}],"is_beta":false,"boss_relics":[],"items_purged_floors":[],"is_endless":false,"potions_floor_spawned":[1,2],"killed_by":"3 Sentries","ascension_level":0}}