{"host":"df48i9djcn92c5sx","time":1614223305,"event":{"mods":["Act Like it!","Arknights","BaseMod","Decade(王小明)","Downfall","Gensokyo","Marisa（F雨　魔理沙）","Minty Spire (QoL Compilation)","READ ME - Guardian Mod","READ ME - Snecko Mod","Reimu（博丽灵梦）","Remilia（蕾米莉亚）","Shop Mod","StSLib","The Jungle","The Servant 0.9.4"],"gold_per_floor":[111,111,131,144,159,159,174,202,202,202,213,213,226,226,226,300,300,300],"floor_reached":17,"language":"ZHS","playtime":600,"items_purged":[],"score":263,"play_id":"7f952e1c-644f-4486-849d-976ec8cc19fe","local_time":"20210225112145","is_ascension_mode":true,"campfire_choices":[{"data":"MasterSpark","floor":6.0,"key":"SMITH"},{"data":"CasketOfStar","floor":10.0,"key":"SMITH"},{"data":"GrandCross","floor":12.0,"key":"SMITH"},{"data":"UnstableBomb","floor":15.0,"key":"SMITH"}],"circlet_count":0,"master_deck":["AscendersBane","Strike_MRS","Strike_MRS","Strike_MRS","Defend_MRS","Defend_MRS","Defend_MRS","Defend_MRS","MasterSpark+1","UpSweep","EarthLightRay","AbsoluteMagnitude","GrandCross+1","CasketOfStar+1","UnstableBomb+1","CollectingQuirk","FinalSpark"],"relics":["MiniHakkero","NeowsBlessing","Bag of Marbles","Meat on the Bone","TungstenRod","Philosopher\u0027s Stone"],"acts_visited":["Exordium","TheCity"],"potions_floor_usage":[16],"damage_taken":[{"damage":0.0,"enemies":"Gensokyo:3_Fairies","floor":1.0,"turns":1.0},{"damage":0.0,"enemies":"Gensokyo:2_Kodama","floor":3.0,"turns":1.0},{"damage":0.0,"enemies":"Gensokyo:Python","floor":4.0,"turns":1.0},{"damage":11.0,"enemies":"Gensokyo:2_Rabbits","floor":5.0,"turns":5.0},{"damage":9.0,"enemies":"Gensokyo:VengefulSpirit","floor":7.0,"turns":4.0},{"damage":38.0,"enemies":"Gensokyo:Cirno","floor":8.0,"turns":5.0},{"damage":9.0,"enemies":"Gensokyo:CorruptedTreant","floor":11.0,"turns":3.0},{"damage":15.0,"enemies":"Gensokyo:2_Rabbits","floor":13.0,"turns":5.0},{"damage":21,"enemies":"Gensokyo:Reimu","floor":16,"turns":13}],"seed_played":"-6151304601334906524","potions_obtained":[{"floor":3.0,"key":"GamblersBrew"},{"floor":7.0,"key":"BottledSpark"},{"floor":8.0,"key":"bronze:BurnAndBuffPotion"},{"floor":11.0,"key":"ShroomBrew"},{"floor":13.0,"key":"Guardian:BlockOnCardUsePotion"}],"is_trial":false,"path_per_floor":["M","T","M","M","M","R","M","E","T","R","M","R","M","?","R","B",null],"character_chosen":"MARISA","items_purchased":[],"campfire_rested":0,"item_purchase_floors":[],"current_hp_per_floor":[63,63,63,63,56,56,51,17,17,17,24,24,25,25,25,20,58,58],"gold":300,"neow_bonus":"THREE_ENEMY_KILL","is_daily":false,"chose_seed":false,"campfire_upgraded":4,"win_rate":0.0,"timestamp":1614223305,"path_taken":["M","?","M","M","M","R","M","E","T","R","M","R","M","?","R","BOSS"],"items_purchased_type":[],"build_version":"2020-12-22","purchased_purges":0,"victory":false,"max_hp_per_floor":[70,70,70,70,70,70,70,70,70,70,70,70,70,70,70,70,70,70],"card_choices":[{"not_picked":["MysteriousBeam","ShootingEcho","StarlightTyphoon"],"picked":"SKIP","floor":1.0},{"not_picked":["MysteriousBeam","6A","GalacticHalo"],"picked":"SKIP","floor":3.0},{"not_picked":["PowerUp","DoubleSpark"],"picked":"EarthLightRay","floor":4.0},{"not_picked":["NonDirectionalLaser","DoubleSpark"],"picked":"AbsoluteMagnitude","floor":5.0},{"not_picked":["WitchLeyline","Acceleration"],"picked":"GrandCross","floor":7.0},{"not_picked":["WitchOfGreed","GrandCross"],"picked":"CasketOfStar","floor":8.0},{"not_picked":["MysteriousBeam","ShootingEcho","NonDirectionalLaser"],"picked":"SKIP","floor":11.0},{"not_picked":["NonDirectionalLaser","CasketOfStar"],"picked":"UnstableBomb","floor":13.0},{"not_picked":["StarDustReverie","BigCrunch"],"picked":"FinalSpark","floor":16}],"player_experience":1625767,"relics_obtained":[{"floor":2.0,"key":"Bag of Marbles"},{"floor":8.0,"key":"Meat on the Bone"},{"floor":9.0,"key":"TungstenRod"}],"event_choices":[],"is_beta":false,"boss_relics":[{"not_picked":["ExperimentalFamiliar","expansioncontent:StudyCardRelic"],"picked":"Philosopher\u0027s Stone"}],"items_purged_floors":[],"is_endless":false,"potions_floor_spawned":[3,7,8,11,13],"ascension_level":14}}