{"host":"aukiz5jlacd3g5yc","time":1614271145,"event":{"mods":["2.2 Compatiblity","Bard","BaseMod","Bestiary","Colored Map","Colored Powertips","Downfall","GifTheSpireLib","Hubris","Minty Spire (QoL Compilation)","Permanent Neow","Quick Restart","Random Character Button","Rare Cards Sparkle","Relic Sorter","Relic Stats","StSLib","everything is the same but u backflip on backflip","slay the spire mod where everything is the same but ironclad has a cowboy hat"],"gold_per_floor":[360,360,380,309,384,411,411,411,411,411,430,19,19,19],"floor_reached":13,"language":"ENG","playtime":488,"items_purged":["bard:Strike"],"score":81,"play_id":"d05649f5-1cbd-4f27-b965-83ec4c04c1e6","local_time":"20210225103905","is_ascension_mode":false,"campfire_choices":[{"data":"bard:ReverseGravity","floor":7,"key":"SMITH"},{"data":"bard:EnGarde","floor":10,"key":"SMITH"}],"circlet_count":0,"master_deck":["bard:Strike","bard:Strike","bard:Strike","bard:Defend","bard:Defend","bard:Defend","bard:Defend","bard:Riposte","bard:Inspire+1","bard:MantleOfInspiration","bard:LingeringPerformance","bard:EnGarde+1","bard:ReverseGravity+1","bard:Heroism","bard:LingeringPerformance","bard:InspiringSong","bard:MantleOfInspiration"],"relics":["bard:PitchPipe","hubris:Icosahedron","hubris:Potato","bard:BagPipes","Omamori","Bag of Marbles"],"acts_visited":["Exordium"],"potions_floor_usage":[13,13],"damage_taken":[{"damage":0,"enemies":"Small Slimes","floor":1,"turns":4},{"damage":5,"enemies":"Jaw Worm","floor":3,"turns":5},{"damage":44,"enemies":"Lagavulin","floor":6,"turns":11},{"damage":0,"enemies":"Cultist","floor":11,"turns":3},{"damage":9,"enemies":"3 Sentries","floor":13,"turns":4}],"seed_played":"8312240410947855432","potions_obtained":[{"floor":1,"key":"EssenceOfSteel"},{"floor":6,"key":"ColorlessPotion"}],"is_trial":false,"path_per_floor":["M","?","M","$","?","E","R","?","T","R","M","$","E"],"character_chosen":"BARD","items_purchased":["bard:EnGarde","bard:LingeringPerformance","bard:InspiringSong","bard:MantleOfInspiration","Bag of Marbles"],"campfire_rested":0,"item_purchase_floors":[4,12,12,12,12],"current_hp_per_floor":[63,63,58,58,47,3,3,3,3,3,3,3,0,0],"gold":19,"neow_bonus":"TWO_FIFTY_GOLD","is_daily":false,"chose_seed":false,"campfire_upgraded":2,"win_rate":0.0,"timestamp":1614271145,"path_taken":["M","?","M","$","?","E","R","?","T","R","M","$","E"],"items_purchased_type":["Card","Card","Card","Card","Relic"],"build_version":"2020-12-22","purchased_purges":1,"victory":false,"max_hp_per_floor":[63,63,63,63,63,63,63,63,63,63,63,63,63,63],"relic_stats":{"counters":[5,27],"obtain_stats":[{"bard:BagPipes":0,"hubris:Icosahedron":8,"bard:PitchPipe":0,"Omamori":6,"Bag of Marbles":12,"hubris:Potato":9},{"bard:BagPipes":0,"hubris:Icosahedron":3,"bard:PitchPipe":0,"Omamori":3,"Bag of Marbles":4,"hubris:Potato":3},{"bard:BagPipes":0,"hubris:Icosahedron":20,"bard:PitchPipe":0,"Omamori":20,"Bag of Marbles":23,"hubris:Potato":20}]},"card_choices":[{"not_picked":["bard:LocateObject","bard:PhantasmalForce"],"picked":"bard:MantleOfInspiration","floor":1},{"not_picked":["bard:Blink","bard:Doot"],"picked":"bard:LingeringPerformance","floor":3},{"not_picked":["bard:Sift","bard:Shout"],"picked":"bard:ReverseGravity","floor":6},{"not_picked":["bard:Doot","bard:TinyHut"],"picked":"bard:Heroism","floor":11}],"player_experience":407450,"relics_obtained":[{"floor":6,"key":"Omamori"},{"floor":9,"key":"hubris:Potato"}],"event_choices":[{"damage_healed":0,"gold_gain":0,"player_choice":"Grow","damage_taken":0,"max_hp_gain":0,"max_hp_loss":0,"event_name":"Living Wall","floor":2,"gold_loss":0,"cards_upgraded":["bard:Inspire"]},{"damage_healed":0,"gold_gain":75,"player_choice":"Gather Gold","damage_taken":11,"max_hp_gain":0,"max_hp_loss":0,"event_name":"World of Goop","floor":5,"gold_loss":0}],"is_beta":false,"boss_relics":[],"items_purged_floors":[12],"is_endless":false,"potions_floor_spawned":[1,6],"killed_by":"3 Sentries","ascension_level":0}}