{"host":"yq9lr8gtbjek4ze8","time":1614231526,"event":{"mods":["Act Like it!","Arknights","BaseMod","CapriCore","Conspire","Friendly Minions","Gensokyo","GifTheSpireLib","Koishi","Mimic Mod","Minty Spire (QoL Compilation)","MostiFishMod","Pale of the Ancients","Quick Restart","Replay The Spire","StSLib","WarShipGirlsR/战舰少女R mod","【功能Mod】聪明的最终Boss"],"gold_per_floor":[111,11,29,42,57,82,101,101,101,101,101,26,39,72,72,177,177,188,213,313,193,193,193,228,261,261,294,305,330,356,376,376,475,475,495,505,505,505,505,539,553,584,584,613,631,631,697,715,715,715],"floor_reached":51,"language":"ZHS","playtime":2048,"items_purged":["rmod:defend"],"score":1074,"play_id":"1f3e7c4a-2801-4ba3-ad67-d6a724ccb35a","local_time":"20210225133846","is_ascension_mode":true,"campfire_choices":[{"data":"rmod:bulid","floor":8,"key":"SMITH"},{"data":"rmod:basicallowance","floor":11,"key":"SMITH"},{"data":"rmod:secretscript","floor":15,"key":"SMITH"},{"data":"rmod:seals","floor":23,"key":"SMITH"},{"floor":32,"key":"REST"},{"floor":49,"key":"REST"}],"circlet_count":0,"master_deck":["rmod:strick","rmod:strick","rmod:strick","rmod:defend","rmod:defend","rmod:defend","rmod:basicallowance+1","rmod:maingunfire","rmod:luckystar","rmod:bulid+1","rmod:fletcherpendant","rmod:overbreakdown","rmod:fletcherpendant","rmod:fletcherpendant","rmod:secretscript+1","rmod:supportaircraftcarrier","rmod:fletcherpendant","rmod:expedition","rmod:salvage+1","rmod:fletcher+1","rmod:expeditionaryescort","rmod:fletcherpendant+1","rmod:fletcherpendant+1","rmod:fletcher","rmod:openingtorpedo+1","rmod:salvage+1"],"relics":["rmod:firstchargereward","DaveBox","RhineSuit","Tiny Chest","SynthV:TestCard","Mercury Hourglass","Pantograph","Onion Ring","Regal Pillow","SlaversCollar","Juzu Bracelet","Replay:Towering Pillar of Hats","Bird Faced Urn","Gensokyo:SpiderMask","Pet Ghost","CombinedTypeHook","Bag of Marbles","Divine Protection","Dream Catcher","Ring of Fangs","Toxic Egg 2","White Beast Statue","Peace Pipe","PreservedInsect","Replay:WaspNest","MealTicket"],"acts_visited":["Gensokyo:Gensokyo","Gensokyo:Gensokyoer","Gensokyo:Gensokyoest"],"potions_floor_usage":[20,33,50,50],"damage_taken":[{"damage":0,"enemies":"Gensokyo:2_Kodama","floor":1,"turns":2},{"damage":0,"enemies":"Gensokyo:Python","floor":3,"turns":2},{"damage":5,"enemies":"Gensokyo:Gryphon","floor":4,"turns":4},{"damage":0,"enemies":"Gensokyo:Python_and_Kodama","floor":5,"turns":3},{"damage":14,"enemies":"Gensokyo:Aya","floor":6,"turns":5},{"damage":0,"enemies":"Gensokyo:Kitsune","floor":7,"turns":2},{"damage":0,"enemies":"Gensokyo:LivingMonolith","floor":13,"turns":1},{"damage":0,"enemies":"Gensokyo:Mamizou","floor":14,"turns":3},{"damage":3,"enemies":"Gensokyo:Reimu","floor":16,"turns":5},{"damage":26,"enemies":"Gensokyo:CosmicMonolith","floor":18,"turns":3},{"damage":0,"enemies":"Gensokyo:CosmicMonolith","floor":20,"turns":3},{"damage":11,"enemies":"Gensokyo:Koishi","floor":24,"turns":3},{"damage":0,"enemies":"Gensokyo:Chomper","floor":25,"turns":3},{"damage":18,"enemies":"Gensokyo:Tenshi","floor":27,"turns":3},{"damage":0,"enemies":"Gensokyo:Chomper","floor":28,"turns":2},{"damage":11,"enemies":"Gensokyo:Koishi","floor":29,"turns":3},{"damage":4,"enemies":"conspire:MimicChest","floor":30,"turns":5},{"damage":13,"enemies":"Gensokyo:Slime_Group","floor":31,"turns":3},{"damage":0,"enemies":"Gensokyo:Eternal_Rivals","floor":33,"turns":4},{"damage":0,"enemies":"Gensokyo:AncientGuardian","floor":35,"turns":3},{"damage":0,"enemies":"Gensokyo:3_Boulders","floor":36,"turns":2},{"damage":0,"enemies":"Gensokyo:Kasen","floor":40,"turns":3},{"damage":0,"enemies":"Gensokyo:AtlasGolem","floor":41,"turns":4},{"damage":0,"enemies":"Gensokyo:Doremy","floor":42,"turns":3},{"damage":33,"enemies":"Gensokyo:Marisa","floor":44,"turns":2},{"damage":0,"enemies":"Gensokyo:SeedOfUnknown","floor":45,"turns":2},{"damage":2,"enemies":"Gensokyo:4_Bats","floor":48,"turns":2},{"damage":5,"enemies":"Gensokyo:Yuyuko","floor":50,"turns":4}],"seed_played":"-4409250458460474090","potions_obtained":[{"floor":3,"key":"Explosive Potion"},{"floor":6,"key":"Ancient Potion"},{"floor":7,"key":"Regen Potion"},{"floor":27,"key":"BlessingOfTheForge"},{"floor":40,"key":"Reflective Coating"},{"floor":44,"key":"Swift Potion"},{"floor":47,"key":"EntropicBrew"}],"is_trial":false,"path_per_floor":["M","?","M","M","M","E","M","R","T","?","R","$","M","E","R","B",null,"M","T","?","?","?","R","E","MIM","T","E","M","E","?","M","R","B",null,"M","M","?","?","T","E","M","E","T","E","M","?","?","M","R","B",null],"character_chosen":"PRAEFECT","items_purchased":[],"campfire_rested":2,"item_purchase_floors":[],"current_hp_per_floor":[75,75,75,70,70,56,56,56,56,56,56,56,56,56,56,72,75,49,49,74,74,74,74,64,66,66,52,56,51,55,48,75,75,75,75,75,75,75,75,75,75,75,75,42,44,44,14,12,49,49],"gold":715,"neow_bonus":"RANDOM_COMMON_RELIC","is_daily":false,"chose_seed":false,"campfire_upgraded":4,"win_rate":0.0,"timestamp":1614231526,"path_taken":["M","?","M","M","M","E","M","R","T","?","R","?","M","E","R","BOSS","M","?","?","?","?","R","E","?","T","E","M","E","?","M","R","BOSS","M","M","?","?","?","E","M","E","T","E","M","?","?","M","R","BOSS"],"items_purchased_type":[],"build_version":"2020-12-22","purchased_purges":1,"victory":true,"max_hp_per_floor":[75,75,75,75,75,75,75,75,75,75,75,75,75,75,75,75,75,75,75,75,75,75,75,75,75,75,75,75,75,75,75,75,75,75,75,75,75,75,75,75,75,75,75,75,75,75,75,75,75,75],"card_choices":[{"not_picked":["rmod:chargemoney","rmod:victimresponsibility"],"picked":"rmod:luckystar","floor":1},{"not_picked":["rmod:highspeedshooting","rmod:goodsister","rmod:circuitoustactics","rmod:lonelyqueen"],"picked":"rmod:bulid","floor":3},{"not_picked":["rmod:aviationdawn","rmod:highspeedshooting","rmod:aluminumsupply","rmod:intelligenceanalysis"],"picked":"rmod:overbreakdown","floor":4},{"not_picked":["rmod:wife","rmod:intelligenceanalysis","rmod:concentratefire","rmod:luckystar"],"picked":"rmod:fletcherpendant","floor":5},{"not_picked":["rmod:unsinkable","rmod:aluminumsupply","rmod:ammunitionsupply","rmod:aviationdawn","rmod:concentratefire"],"picked":"SKIP","floor":6},{"not_picked":["rmod:shuttlebombing","rmod:lonelyqueen","rmod:launchingtorpedo","rmod:firesupport","rmod:intelligenceanalysis"],"picked":"SKIP","floor":7},{"not_picked":["rmod:goodsister","rmod:slowdown","rmod:tearstotiara","rmod:fuelsupply"],"picked":"rmod:fletcherpendant","floor":13},{"not_picked":["rmod:ammunitionsupply","rmod:steelsupply","rmod:selfconfidence","rmod:supportescort"],"picked":"rmod:secretscript","floor":14},{"not_picked":["rmod:desperatesituation","rmod:stealaluminum","rmod:abidefaith","rmod:secretscript"],"picked":"rmod:seals","floor":16},{"not_picked":["rmod:royalracing","rmod:capitalist","rmod:overbreakdown","rmod:victimresponsibility+1"],"picked":"rmod:supportaircraftcarrier","floor":18},{"not_picked":["rmod:steelsupply","rmod:diamondstrike+1","rmod:aviationdawn","rmod:guardianhero","rmod:slowdown"],"picked":"SKIP","floor":24},{"not_picked":["rmod:diaomin","rmod:combined","rmod:goodsister","rmod:ammunitionsupply"],"picked":"rmod:fletcherpendant","floor":27},{"not_picked":["rmod:tearstotiara+1","rmod:robin+1","rmod:firesupport+1","rmod:victimresponsibility+1"],"picked":"rmod:expedition","floor":28},{"not_picked":["rmod:fletcherpendant","rmod:advancebysurprise","rmod:windflower","rmod:openingtorpedo"],"picked":"rmod:salvage+1","floor":29},{"not_picked":["rmod:combined","rmod:steelsupply","rmod:aluminumsupply+1","rmod:supportescort","rmod:shuttlebombing"],"picked":"SKIP","floor":31},{"not_picked":["rmod:secretscript","rmod:windflower","rmod:seals","rmod:fletcher"],"picked":"rmod:expeditionaryescort","floor":33},{"not_picked":["rmod:unsinkable+1","rmod:diaomin","rmod:advancebysurprise+1","rmod:bulid","rmod:intelligenceanalysis+1"],"picked":"SKIP","floor":35},{"not_picked":["rmod:overbreakdown","rmod:luckystar+1","rmod:highspeedshooting","rmod:victimresponsibility+1","rmod:stealaluminum"],"picked":"SKIP","floor":36},{"not_picked":["rmod:combined+1","rmod:stealaluminum","rmod:tearstotiara+1","rmod:firesupport+1","rmod:unsinkable+1"],"picked":"SKIP","floor":40},{"not_picked":["rmod:tearstotiara+1","rmod:aluminumsupply+1","rmod:punchline+1","rmod:rockthrower+1"],"picked":"rmod:fletcher","floor":41},{"not_picked":["rmod:expedition","rmod:capitalist+1","rmod:fuelsupply+1","rmod:timeschanged"],"picked":"rmod:openingtorpedo+1","floor":42},{"not_picked":["rmod:steelsupply+1","rmod:guardianhero+1","rmod:tearstotiara+1","rmod:firesupport","rmod:highspeedshooting+1"],"picked":"SKIP","floor":44},{"not_picked":["rmod:fuelsupply+1","rmod:diamondstrike","rmod:aluminumsupply+1","rmod:supportescort+1","rmod:luckystar+1"],"picked":"SKIP","floor":45},{"not_picked":["rmod:firesupport","rmod:diamondstrike+1","rmod:intelligenceanalysis+1","rmod:fuelsupply+1","rmod:highspeedshooting"],"picked":"SKIP","floor":48},{"not_picked":["rmod:supportaircraftcarrier+1","rmod:advancebysurprise+1","rmod:ring+1","rmod:aviationdawn+1"],"picked":"rmod:salvage+1","floor":49}],"player_experience":135364,"relics_obtained":[{"floor":1,"key":"SynthV:TestCard"},{"floor":6,"key":"Pantograph"},{"floor":9,"key":"Onion Ring"},{"floor":14,"key":"Regal Pillow"},{"floor":19,"key":"Juzu Bracelet"},{"floor":20,"key":"Replay:Towering Pillar of Hats"},{"floor":20,"key":"Bird Faced Urn"},{"floor":24,"key":"Pet Ghost"},{"floor":26,"key":"CombinedTypeHook"},{"floor":27,"key":"Bag of Marbles"},{"floor":29,"key":"Divine Protection"},{"floor":30,"key":"Dream Catcher"},{"floor":38,"key":"Ring of Fangs"},{"floor":39,"key":"Toxic Egg 2"},{"floor":40,"key":"White Beast Statue"},{"floor":42,"key":"Peace Pipe"},{"floor":43,"key":"PreservedInsect"},{"floor":44,"key":"Replay:WaspNest"},{"floor":47,"key":"MealTicket"}],"event_choices":[{"damage_healed":0,"gold_gain":0,"player_choice":"Leave","damage_taken":0,"max_hp_gain":0,"max_hp_loss":0,"event_name":"conspire:Investor","floor":37,"gold_loss":0}],"is_beta":false,"boss_relics":[{"not_picked":["Busted Crown","MoonlightInvasionPlan"],"picked":"SlaversCollar"},{"not_picked":["Sozu","Honey Jar","Velvet Choker"]}],"items_purged_floors":[12],"is_endless":false,"potions_floor_spawned":[3,6,7,14,27,28,29,31,40,41,42,44,45,48],"ascension_level":2}}