{"host":"k6u7q08ihsmpx7o5","time":1614283233,"event":{"mods":["BaseMod","Bestiary","Filter the Spire","Minty Spire (QoL Compilation)","Permanent Neow","Relic Stats","StSLib"],"gold_per_floor":[112,128,146,146,165,165,185,212,212,212,212],"floor_reached":10,"language":"ENG","playtime":366,"items_purged":[],"score":140,"play_id":"5ac9c235-1c99-4ba4-b5b2-e00224c944d5","local_time":"20210225210033","is_ascension_mode":true,"campfire_choices":[{"data":"Armaments","floor":6,"key":"SMITH"}],"circlet_count":0,"master_deck":["AscendersBane","Strike_R","Strike_R","Strike_R","Strike_R","Strike_R","Defend_R","Defend_R","Defend_R","Defend_R","Bash","The Bomb","Armaments+1","Uppercut","Pommel Strike","Headbutt","Whirlwind","Fire Breathing"],"relics":["Burning Blood","Peace Pipe","Gremlin Horn"],"acts_visited":["Exordium"],"potions_floor_usage":[7,10],"damage_taken":[{"damage":7,"enemies":"Cultist","floor":1,"turns":4},{"damage":0,"enemies":"2 Louse","floor":2,"turns":3},{"damage":10,"enemies":"Small Slimes","floor":3,"turns":4},{"damage":19,"enemies":"Exordium Thugs","floor":5,"turns":4},{"damage":3,"enemies":"Blue Slaver","floor":7,"turns":5},{"damage":26,"enemies":"Gremlin Nob","floor":8,"turns":4},{"damage":53,"enemies":"Lagavulin","floor":10,"turns":8}],"seed_played":"8220749089749298607","potions_obtained":[{"floor":1,"key":"Swift Potion"},{"floor":5,"key":"Fruit Juice"},{"floor":8,"key":"Explosive Potion"}],"is_trial":false,"path_per_floor":["M","M","M","?","M","R","M","E","T","E"],"character_chosen":"IRONCLAD","items_purchased":[],"campfire_rested":0,"item_purchase_floors":[],"current_hp_per_floor":[49,55,51,75,62,62,65,45,45,0,0],"gold":212,"neow_bonus":"RANDOM_COLORLESS_2","is_daily":false,"chose_seed":false,"campfire_upgraded":1,"win_rate":0.0,"timestamp":1614283233,"path_taken":["M","?","M","?","M","R","M","E","T","E"],"items_purchased_type":[],"build_version":"2020-12-22","purchased_purges":0,"victory":false,"max_hp_per_floor":[75,75,75,75,75,75,75,75,75,80,80],"relic_stats":{"Peace Pipe":0,"Gremlin Horn":[0,0],"counters":[7,32],"obtain_stats":[{"Peace Pipe":8,"Gremlin Horn":9,"Burning Blood":0},{"Peace Pipe":6,"Gremlin Horn":6,"Burning Blood":0},{"Peace Pipe":24,"Gremlin Horn":24,"Burning Blood":0}],"Burning Blood":36},"card_choices":[{"not_picked":["Metamorphosis","Panache"],"picked":"The Bomb","floor":0},{"not_picked":["Disarm","Thunderclap"],"picked":"Armaments","floor":1},{"not_picked":["True Grit","Thunderclap"],"picked":"Uppercut","floor":2},{"not_picked":["Armaments","Rupture"],"picked":"Pommel Strike","floor":3},{"not_picked":["Sword Boomerang","Flex"],"picked":"Headbutt","floor":5},{"not_picked":["Twin Strike","Wild Strike"],"picked":"Whirlwind","floor":7},{"not_picked":["Burning Pact","Flex"],"picked":"Fire Breathing","floor":8}],"player_experience":1990250,"relics_obtained":[{"floor":8,"key":"Peace Pipe"},{"floor":9,"key":"Gremlin Horn"}],"event_choices":[{"damage_healed":25,"gold_gain":0,"player_choice":"Banana","damage_taken":0,"max_hp_gain":0,"max_hp_loss":0,"event_name":"Big Fish","floor":4,"gold_loss":0}],"is_beta":false,"boss_relics":[],"items_purged_floors":[],"is_endless":false,"potions_floor_spawned":[1,5,8],"killed_by":"Lagavulin","ascension_level":20}}