{"host":"ayh4nqhr0ddw4ozv","time":1614229261,"event":{"mods":["BaseMod","Minty Spire (QoL Compilation)","Relic Stats","Replay The Spire","Robot Space Explorer","StSLib"],"gold_per_floor":[115,133,145,145,162,162,72,98,98,98,123,123,68,95,95,95,95],"floor_reached":16,"language":"ENG","playtime":838,"items_purged":[],"score":224,"play_id":"ac5ee342-b3d4-4fc7-8807-c83fb1caabb1","local_time":"20210224210101","is_ascension_mode":true,"campfire_choices":[{"data":"Replay:BasicMightCard","floor":6,"key":"SMITH"},{"data":"Bash","floor":10,"key":"SMITH"},{"data":"ReplayTheSpireMod:Muscle Training","floor":12,"key":"SMITH"},{"floor":15,"key":"REST"}],"circlet_count":0,"master_deck":["AscendersBane","Strike_R","Strike_R","Strike_R","Strike_R","Strike_R","Defend_R","Defend_R","Defend_R","Defend_R","Bash+1","Replay:BasicMightCard+1","Burning Pact","Armaments","Clothesline","Voices","Sword Boomerang","ReplayTheSpireMod:Muscle Training+1","Blood for Blood","Replay:Undeath\u0027s Touch","Fiend Fire"],"relics":["Burning Blood","Ring of Fury","MealTicket","Replay:Bottled Snecko","Bottled Lightning"],"acts_visited":["Exordium"],"potions_floor_usage":[8,11,11,11,14],"damage_taken":[{"damage":14,"enemies":"Jaw Worm","floor":1,"turns":4},{"damage":4,"enemies":"Small Slimes","floor":2,"turns":4},{"damage":12,"enemies":"Cultist","floor":3,"turns":4},{"damage":21,"enemies":"Exordium Wildlife","floor":5,"turns":7},{"damage":23,"enemies":"Lagavulin","floor":8,"turns":6},{"damage":27,"enemies":"3 Sentries","floor":11,"turns":8},{"damage":37,"enemies":"Lagavulin","floor":14,"turns":4},{"damage":39,"enemies":"The Guardian","floor":16,"turns":8}],"seed_played":"-3874184583132424601","potions_obtained":[{"floor":2,"key":"ColorlessPotion"},{"floor":3,"key":"PowerPotion"},{"floor":8,"key":"LiquidMemories"}],"is_trial":false,"path_per_floor":["M","M","M","?","M","R","$","E","T","R","E","R","?","E","R","B"],"character_chosen":"IRONCLAD","items_purchased":["ReplayTheSpireMod:Muscle Training"],"campfire_rested":1,"item_purchase_floors":[7],"current_hp_per_floor":[60,62,56,56,41,41,41,24,24,24,12,12,12,11,33,0,0],"gold":95,"neow_bonus":"RANDOM_COLORLESS","is_daily":false,"chose_seed":false,"campfire_upgraded":3,"win_rate":0.0,"timestamp":1614229261,"path_taken":["M","M","M","?","M","R","$","E","T","R","E","R","?","E","R","BOSS"],"items_purchased_type":["Card"],"build_version":"2020-12-22","purchased_purges":0,"victory":false,"max_hp_per_floor":[75,75,75,75,75,75,75,75,75,75,75,75,75,75,75,75,75],"relic_stats":{"counters":[8,45],"MealTicket":0,"obtain_stats":[{"Ring of Fury":4,"MealTicket":8,"Replay:Bottled Snecko":11,"Bottled Lightning":14,"Burning Blood":0},{"Ring of Fury":3,"MealTicket":5,"Replay:Bottled Snecko":6,"Bottled Lightning":7,"Burning Blood":0},{"Ring of Fury":12,"MealTicket":25,"Replay:Bottled Snecko":33,"Bottled Lightning":37,"Burning Blood":0}],"Burning Blood":42},"card_choices":[{"not_picked":["Trip","Purity"],"picked":"Replay:BasicMightCard","floor":0.0},{"not_picked":["Seeing Red","Havoc"],"picked":"Burning Pact","floor":1},{"not_picked":["ReplayReversal","Clash"],"picked":"Armaments","floor":2},{"not_picked":["Combust","Iron Wave"],"picked":"Clothesline","floor":3},{"not_picked":["Life Link","Replay:Undeath\u0027s Touch"],"picked":"Sword Boomerang","floor":5},{"not_picked":["Abandon","Life Link"],"picked":"Blood for Blood","floor":8},{"not_picked":["Flex","ReplayTheSpireMod:Strike From Hell"],"picked":"Replay:Undeath\u0027s Touch","floor":11},{"not_picked":["Replay:Undeath\u0027s Touch","Iron Wave"],"picked":"Fiend Fire","floor":14}],"player_experience":452118,"relics_obtained":[{"floor":4,"key":"Ring of Fury"},{"floor":8,"key":"MealTicket"},{"floor":11,"key":"Replay:Bottled Snecko"},{"floor":14,"key":"Bottled Lightning"}],"event_choices":[{"damage_healed":0,"gold_gain":0,"player_choice":"Left Gold","damage_taken":0,"max_hp_gain":0,"max_hp_loss":0,"event_name":"World of Goop","floor":13,"gold_loss":55}],"is_beta":false,"boss_relics":[],"items_purged_floors":[],"is_endless":false,"potions_floor_spawned":[2,3,8,11],"killed_by":"The Guardian","ascension_level":18}}