{"host":"jt67skv49snb75sm","time":1614275396,"event":{"mods":["BaseMod","Bestiary","Minty Spire (QoL Compilation)","Relic Stats"],"gold_per_floor":[111,111,111,122,122,122,151,163,163,175,175,191,30,49,49,49,49],"floor_reached":16,"language":"ENG","playtime":566,"items_purged":[],"score":254,"play_id":"2ceedd5d-80f7-483d-8a03-a771ba79031b","local_time":"20210225184956","is_ascension_mode":true,"campfire_choices":[{"data":"Armaments","floor":6,"key":"SMITH"},{"data":"Bash","floor":15,"key":"SMITH"}],"circlet_count":0,"master_deck":["AscendersBane","Strike_R+1","Strike_R","Strike_R+1","Strike_R","Strike_R","Defend_R","Defend_R","Defend_R","Defend_R","Bash+1","Armaments+1","Ghostly Armor","Clothesline","Metallicize","Evolve"],"relics":["Burning Blood","NeowsBlessing","Singing Bowl","Pen Nib","Sundial","Toxic Egg 2","Frozen Eye"],"acts_visited":["Exordium"],"potions_floor_usage":[16],"damage_taken":[{"damage":0,"enemies":"Jaw Worm","floor":1,"turns":1},{"damage":0,"enemies":"Small Slimes","floor":4,"turns":1},{"damage":0,"enemies":"Gremlin Nob","floor":7,"turns":1},{"damage":0,"enemies":"Cultist","floor":8,"turns":4},{"damage":1,"enemies":"Looter","floor":10,"turns":3},{"damage":28,"enemies":"Exordium Thugs","floor":12,"turns":8},{"damage":10,"enemies":"2 Fungi Beasts","floor":14,"turns":4},{"damage":32,"enemies":"Hexaghost","floor":16,"turns":11}],"seed_played":"6828914610033530371","potions_obtained":[{"floor":4,"key":"ElixirPotion"},{"floor":10,"key":"Explosive Potion"},{"floor":14,"key":"Block Potion"}],"is_trial":false,"path_per_floor":["M","?","T","M","?","R","E","M","T","M","?","M","$","M","R","B"],"character_chosen":"IRONCLAD","items_purchased":["Frozen Eye"],"campfire_rested":0,"item_purchase_floors":[13],"current_hp_per_floor":[74,48,48,54,31,31,37,45,45,50,50,28,28,26,26,0,0],"gold":49,"neow_bonus":"THREE_ENEMY_KILL","is_daily":false,"chose_seed":false,"campfire_upgraded":2,"win_rate":0.0,"timestamp":1614275396,"path_taken":["M","?","?","M","?","R","E","M","T","M","?","M","$","?","R","BOSS"],"items_purchased_type":["Relic"],"build_version":"2020-12-22","purchased_purges":0,"victory":false,"max_hp_per_floor":[75,75,75,75,75,75,75,77,77,77,77,77,77,79,79,79,79],"relic_stats":{"Singing Bowl":4,"counters":[8,33],"Sundial":[6],"Pen Nib":[3],"obtain_stats":[{"Frozen Eye":13,"NeowsBlessing":0,"Singing Bowl":2,"Sundial":7,"Pen Nib":3,"Toxic Egg 2":9,"Burning Blood":0},{"Frozen Eye":6,"NeowsBlessing":0,"Singing Bowl":1,"Sundial":3,"Pen Nib":1,"Toxic Egg 2":4,"Burning Blood":0},{"Frozen Eye":18,"NeowsBlessing":0,"Singing Bowl":1,"Sundial":3,"Pen Nib":1,"Toxic Egg 2":7,"Burning Blood":0}],"Burning Blood":42},"card_choices":[{"not_picked":["Clash","Cleave"],"picked":"Armaments","floor":1},{"not_picked":["Spot Weakness","Twin Strike"],"picked":"Ghostly Armor","floor":4},{"not_picked":["Twin Strike","Wild Strike"],"picked":"Clothesline","floor":7},{"not_picked":["Wild Strike","Iron Wave","Havoc"],"picked":"Singing Bowl","floor":8},{"not_picked":["Iron Wave","Flex+1"],"picked":"Metallicize","floor":10},{"not_picked":["Sword Boomerang","Perfected Strike"],"picked":"Evolve","floor":12},{"not_picked":["Rupture","Dual Wield+1","Clash"],"picked":"Singing Bowl","floor":14}],"player_experience":900630,"relics_obtained":[{"floor":3,"key":"Pen Nib"},{"floor":7,"key":"Sundial"},{"floor":9,"key":"Toxic Egg 2"}],"event_choices":[{"damage_healed":0,"gold_gain":0,"player_choice":"Success","damage_taken":26,"relics_obtained":["Singing Bowl"],"max_hp_gain":0,"max_hp_loss":0,"event_name":"Scrap Ooze","floor":2,"gold_loss":0},{"damage_healed":0,"gold_gain":0,"player_choice":"Entered Light","damage_taken":23,"max_hp_gain":0,"max_hp_loss":0,"event_name":"Shining Light","floor":5,"gold_loss":0,"cards_upgraded":["Strike_R","Strike_R"]},{"damage_healed":0,"gold_gain":0,"player_choice":"Got Potions","damage_taken":0,"max_hp_gain":0,"max_hp_loss":0,"event_name":"Lab","floor":11,"gold_loss":0}],"is_beta":false,"boss_relics":[],"items_purged_floors":[],"is_endless":false,"potions_floor_spawned":[4,10,12,14],"killed_by":"Hexaghost","ascension_level":20}}