{"host":"fsg47ymlpluwpv6o","time":1614289040,"event":{"mods":["BaseMod","Minty Spire (QoL Compilation)"],"gold_per_floor":[118,134,55,5,18,45,57,86,123,135,147,177,204,216,228,342,354,385,414,438,16,16,45,45,55,104,104,115,133,133,145,145],"floor_reached":31,"language":"ENG","playtime":2218,"items_purged":["Perfected Strike+1"],"score":352,"play_id":"32cd71a2-49b3-46c2-8115-c6b3793757b2","local_time":"20210225213720","is_ascension_mode":true,"campfire_choices":[{"data":"Perfected Strike","floor":7,"key":"SMITH"},{"floor":11,"key":"REST"},{"data":"Bash","floor":15,"key":"SMITH"},{"data":"Pommel Strike","floor":24,"key":"SMITH"},{"floor":27,"key":"REST"},{"floor":30,"key":"REST"}],"circlet_count":0,"master_deck":["Bash+1","Headbutt","Rage","Blood for Blood+1","Flex","Pommel Strike+1","Warcry","Hemokinesis","Impervious","Second Wind+1","Wild Strike","Infernal Blade+1","Shrug It Off","Thunderclap","Ghostly Armor+1","Shrug It Off+1"],"relics":["Burning Blood","NeowsBlessing","MawBank","Nunchaku","Vajra","Pandora\u0027s Box","Sling","Toy Ornithopter","Akabeko"],"acts_visited":["Exordium","TheCity"],"potions_floor_usage":[13,16,18,20,23,23,23,31],"damage_taken":[{"damage":0,"enemies":"Jaw Worm","floor":1,"turns":1},{"damage":0,"enemies":"Small Slimes","floor":2,"turns":1},{"damage":0,"enemies":"Cultist","floor":5,"turns":1},{"damage":46,"enemies":"3 Sentries","floor":6,"turns":8},{"damage":14,"enemies":"Looter","floor":8,"turns":3},{"damage":8,"enemies":"Blue Slaver","floor":12,"turns":3},{"damage":1,"enemies":"Lots of Slimes","floor":13,"turns":3},{"damage":58,"enemies":"Hexaghost","floor":16,"turns":6},{"damage":5,"enemies":"Chosen","floor":18,"turns":3},{"damage":16,"enemies":"Shell Parasite","floor":19,"turns":2},{"damage":28,"enemies":"Cultist and Chosen","floor":20,"turns":5},{"damage":6,"enemies":"Gremlin Leader","floor":23,"turns":4},{"damage":36,"enemies":"Shelled Parasite and Fungi","floor":25,"turns":5},{"damage":17,"enemies":"Centurion and Healer","floor":28,"turns":5},{"damage":12,"enemies":"Chosen and Byrds","floor":29,"turns":4},{"damage":26,"enemies":"Snecko","floor":31,"turns":6}],"seed_played":"402889462139709149","potions_obtained":[{"floor":8,"key":"AttackPotion"},{"floor":12,"key":"BloodPotion"},{"floor":16,"key":"EssenceOfSteel"},{"floor":19,"key":"DistilledChaos"},{"floor":20,"key":"DistilledChaos"},{"floor":28,"key":"DistilledChaos"}],"is_trial":false,"path_per_floor":["M","M","$","?","M","E","R","M","T","?","R","M","M","?","R","B",null,"M","M","M","$","?","E","R","M","T","R","M","M","R","M"],"character_chosen":"IRONCLAD","items_purchased":["Blood for Blood","Sling","Regen Potion","Infernal Blade","SkillPotion"],"campfire_rested":3,"item_purchase_floors":[3,21,21,21,21],"current_hp_per_floor":[78,80,80,80,80,40,40,32,32,32,56,54,59,56,56,20,65,66,56,34,34,34,46,46,16,16,40,29,23,47,32,32],"gold":145,"neow_bonus":"THREE_ENEMY_KILL","is_daily":false,"chose_seed":false,"campfire_upgraded":3,"win_rate":0.0,"timestamp":1614289040,"path_taken":["M","M","$","?","M","E","R","M","T","?","R","M","?","?","R","BOSS","M","M","M","$","?","E","R","M","T","R","?","M","R","M"],"items_purchased_type":["Card","Relic","Potion","Card","Potion"],"build_version":"2020-12-22","purchased_purges":1,"victory":false,"max_hp_per_floor":[80,80,80,80,80,80,80,80,80,80,80,80,80,80,80,80,80,80,80,80,80,80,80,80,80,80,80,80,80,80,80,80],"card_choices":[{"not_picked":["Hemokinesis","Pummel"],"picked":"Headbutt","floor":1},{"not_picked":["Sword Boomerang","Bloodletting"],"picked":"Rage","floor":2},{"not_picked":["Feel No Pain","True Grit"],"picked":"Flex","floor":5},{"not_picked":["Inflame","Thunderclap"],"picked":"Perfected Strike","floor":6},{"not_picked":["Armaments","Berserk"],"picked":"Pommel Strike","floor":8},{"not_picked":["Second Wind","True Grit"],"picked":"Warcry","floor":12},{"not_picked":["Havoc","Anger"],"picked":"Hemokinesis","floor":13},{"not_picked":["Corruption","Barricade"],"picked":"Impervious","floor":16},{"not_picked":["Metallicize","Clash"],"picked":"Second Wind+1","floor":18},{"not_picked":["Entrench","Headbutt","Sentinel"],"picked":"SKIP","floor":19},{"not_picked":["Clash","Clothesline"],"picked":"Wild Strike","floor":20},{"not_picked":["Power Through","Limit Break"],"picked":"Shrug It Off","floor":23},{"not_picked":["Combust","Searing Blow","Havoc"],"picked":"SKIP","floor":25},{"not_picked":["Flex","Armaments"],"picked":"Thunderclap","floor":28},{"not_picked":["Clothesline","Headbutt"],"picked":"Ghostly Armor+1","floor":29},{"not_picked":["Impervious","Hemokinesis"],"picked":"Shrug It Off+1","floor":31}],"player_experience":300379,"relics_obtained":[{"floor":6,"key":"MawBank"},{"floor":9,"key":"Nunchaku"},{"floor":23,"key":"Toy Ornithopter"},{"floor":26,"key":"Akabeko"}],"event_choices":[{"cards_removed":["Defend_R"],"damage_healed":0,"gold_gain":0,"player_choice":"Card Removal","damage_taken":0,"max_hp_gain":0,"max_hp_loss":0,"event_name":"The Cleric","floor":4,"gold_loss":50},{"damage_healed":0,"gold_gain":0,"player_choice":"Forge","damage_taken":0,"max_hp_gain":0,"max_hp_loss":0,"event_name":"Accursed Blacksmith","floor":10,"gold_loss":0,"cards_upgraded":["Blood for Blood"]},{"damage_healed":0,"gold_gain":0,"player_choice":"Success","damage_taken":3,"relics_obtained":["Vajra"],"max_hp_gain":0,"max_hp_loss":0,"event_name":"Scrap Ooze","floor":14,"gold_loss":0},{"damage_healed":0,"gold_gain":0,"player_choice":"Upgraded","damage_taken":0,"max_hp_gain":0,"max_hp_loss":0,"event_name":"Upgrade Shrine","floor":22,"gold_loss":0,"cards_upgraded":["Infernal Blade"]}],"is_beta":false,"boss_relics":[{"not_picked":["Sozu","Runic Cube"],"picked":"Pandora\u0027s Box"}],"items_purged_floors":[21],"is_endless":false,"potions_floor_spawned":[8,12,16,19,20,28],"killed_by":"Snecko","ascension_level":7}}