{"host":"rfvxwqmjnimh09wr","time":1614267607,"event":{"mods":["BaseMod","Colored Map","Minty Spire (QoL Compilation)","StSLib"],"gold_per_floor":[109,119,119,27,39,70,83,99,124,144,162,162,162,2,2,125,125,148,148,98,118,118,151,250,119,119,137,157,21,0,0,0],"floor_reached":31,"language":"ENG","playtime":1320,"items_purged":["Defend_P","Pain","Defend_P","Defend_P"],"score":282,"play_id":"a736ec25-7043-413b-b2e4-b671cdfab230","local_time":"20210225104007","is_ascension_mode":false,"campfire_choices":[{"floor":13,"key":"REST"},{"floor":15,"key":"REST"}],"circlet_count":0,"master_deck":["Defend_P","Eruption","Vigilance","Prostrate","Crescendo","Dramatic Entrance","PathToVictory","Protect","Pray","Conclude","Worship","SandsOfTime","Ragnarok","SashWhip+1","Bite","Bite","Bite","Bite","Bite","PathToVictory","Halt","PanicButton","Clumsy","PathToVictory","Prostrate","WheelKick"],"relics":["Cursed Key","Smiling Mask","Golden Idol","Sozu","MutagenicStrength","Toy Ornithopter"],"acts_visited":["Exordium","TheCity"],"potions_floor_usage":[2,6,16],"damage_taken":[{"damage":3,"enemies":"Jaw Worm","floor":1,"turns":2},{"damage":0,"enemies":"Cultist","floor":2,"turns":3},{"damage":0,"enemies":"2 Louse","floor":5,"turns":1},{"damage":24,"enemies":"Lagavulin","floor":6,"turns":6},{"damage":3,"enemies":"Exordium Wildlife","floor":7,"turns":2},{"damage":0,"enemies":"3 Louse","floor":8,"turns":1},{"damage":7,"enemies":"Large Slime","floor":10,"turns":4},{"damage":6,"enemies":"Blue Slaver","floor":11,"turns":3},{"damage":57,"enemies":"The Guardian","floor":16,"turns":9},{"damage":0,"enemies":"Spheric Guardian","floor":18,"turns":1},{"damage":28,"enemies":"2 Thieves","floor":21,"turns":3},{"damage":26,"enemies":"Book of Stabbing","floor":23,"turns":4},{"damage":12,"enemies":"Snecko","floor":27,"turns":4},{"damage":28,"enemies":"Chosen and Byrds","floor":28,"turns":5},{"damage":20,"enemies":"Slavers","floor":31,"turns":2}],"seed_played":"4396131884962167547","potions_obtained":[{"floor":1,"key":"Explosive Potion"},{"floor":2,"key":"ColorlessPotion"},{"floor":6,"key":"FearPotion"}],"is_trial":false,"path_per_floor":["M","M","?","$","M","E","M","M","T","M","M","?","R","$","R","B",null,"M","?","$","M","?","E","?","$","T","M","M","$","?","E"],"character_chosen":"WATCHER","items_purchased":["Dramatic Entrance","Worship","SandsOfTime","PanicButton","Prostrate","WheelKick"],"campfire_rested":2,"item_purchase_floors":[4,14,14,25,29,29],"current_hp_per_floor":[69,69,69,69,69,45,44,46,46,41,37,19,40,40,61,6,72,72,72,72,50,50,32,32,32,32,28,10,10,10,0,0],"gold":0,"neow_bonus":"BOSS_RELIC","is_daily":false,"chose_seed":false,"campfire_upgraded":0,"win_rate":0.0,"timestamp":1614267607,"path_taken":["M","M","?","$","M","E","M","M","T","?","M","?","R","$","R","BOSS","M","?","$","M","?","E","?","$","T","M","M","?","?","E"],"items_purchased_type":["Card","Card","Card","Card","Card","Card"],"build_version":"2020-12-22","purchased_purges":4,"victory":false,"max_hp_per_floor":[72,72,72,72,72,72,72,72,72,72,72,72,72,72,72,72,72,72,72,72,72,72,72,72,72,72,72,72,72,72,72,72],"card_choices":[{"not_picked":["FlurryOfBlows","CarveReality"],"picked":"Prostrate","floor":1},{"not_picked":["CutThroughFate","SashWhip"],"picked":"Crescendo","floor":2},{"not_picked":["WreathOfFlame","FlurryOfBlows","ForeignInfluence"],"picked":"SKIP","floor":5},{"not_picked":["DeusExMachina","Sanctity"],"picked":"PathToVictory","floor":6},{"not_picked":["LikeWater","WaveOfTheHand"],"picked":"Protect","floor":7},{"not_picked":["EmptyBody","FearNoEvil"],"picked":"Pray","floor":8},{"not_picked":["CrushJoints","FlurryOfBlows"],"picked":"Conclude","floor":10},{"not_picked":["Conclude","FearNoEvil","BowlingBash"],"picked":"SKIP","floor":11},{"not_picked":["Omniscience","MasterReality"],"picked":"Ragnarok","floor":16},{"not_picked":["FollowUp","BowlingBash"],"picked":"SashWhip+1","floor":18},{"not_picked":["Protect","JustLucky+1"],"picked":"PathToVictory","floor":21},{"not_picked":["Establishment","InnerPeace"],"picked":"Halt","floor":23},{"not_picked":["Halt","WaveOfTheHand","ThirdEye"],"picked":"SKIP","floor":27},{"not_picked":["ClearTheMind","CutThroughFate"],"picked":"PathToVictory","floor":28}],"player_experience":225160,"relics_obtained":[{"floor":6,"key":"Blood Vial"},{"floor":9,"key":"Smiling Mask"},{"floor":23,"key":"Toy Ornithopter"}],"event_choices":[{"damage_healed":0,"gold_gain":0,"player_choice":"Ignored","damage_taken":0,"max_hp_gain":0,"max_hp_loss":0,"event_name":"NoteForYourself","floor":3,"gold_loss":0},{"damage_healed":0,"gold_gain":0,"player_choice":"Take Damage","damage_taken":18,"relics_obtained":["Golden Idol"],"max_hp_gain":0,"max_hp_loss":0,"event_name":"Golden Idol","floor":12,"gold_loss":0},{"damage_healed":0,"gold_gain":0,"player_choice":"Became a vampire (Vial)","damage_taken":0,"max_hp_gain":0,"max_hp_loss":0,"event_name":"Vampires","floor":19,"relics_lost":["Blood Vial"],"gold_loss":0,"cards_obtained":["Bite","Bite","Bite","Bite","Bite"]},{"damage_healed":0,"gold_gain":0,"player_choice":"Inject Mutagens","damage_taken":0,"relics_obtained":["MutagenicStrength"],"max_hp_gain":0,"max_hp_loss":0,"event_name":"Drug Dealer","floor":22,"gold_loss":0},{"damage_healed":0,"gold_gain":99,"player_choice":"Stole From Cult","damage_taken":0,"max_hp_gain":0,"max_hp_loss":0,"event_name":"Nest","floor":24,"gold_loss":0},{"damage_healed":0,"gold_gain":0,"player_choice":"Paid Fearfully","damage_taken":0,"max_hp_gain":0,"max_hp_loss":0,"event_name":"Masked Bandits","floor":30,"gold_loss":21}],"is_beta":false,"boss_relics":[{"not_picked":["Snecko Eye","Pandora\u0027s Box"],"picked":"Sozu"}],"items_purged_floors":[14,20,25,29],"is_endless":false,"potions_floor_spawned":[1,2,6,18],"killed_by":"Slavers","ascension_level":0}}