{"host":"mithrandi","time":1614266090,"event":{"mods":["BaseMod","Colored Map","Highlight Path","Minty Spire (QoL Compilation)","SuperFastMode"],"gold_per_floor":[115,40,57,73,85,119,131,131],"floor_reached":7,"language":"ENG","playtime":420,"items_purged":[],"score":106,"play_id":"0a13b6d2-af69-4576-badc-996072a3f57c","local_time":"20210225171450","is_ascension_mode":true,"campfire_choices":[],"circlet_count":0,"master_deck":["AscendersBane","Strike_B","Strike_B","Strike_B","Defend_B","Defend_B","Defend_B","Defend_B","Zap","Dualcast","Ball Lightning","Reinforced Body","Leap","Cold Snap"],"relics":["Black Star","WingedGreaves","MawBank"],"acts_visited":["Exordium"],"potions_floor_usage":[6,7],"damage_taken":[{"damage":11,"enemies":"Small Slimes","floor":1,"turns":4},{"damage":6,"enemies":"2 Louse","floor":3,"turns":4},{"damage":2,"enemies":"Cultist","floor":4,"turns":5},{"damage":3,"enemies":"Blue Slaver","floor":5,"turns":4},{"damage":20,"enemies":"Lagavulin","floor":6,"turns":9},{"damage":23,"enemies":"Gremlin Nob","floor":7,"turns":3}],"seed_played":"-6455333179382584478","potions_obtained":[{"floor":3,"key":"SkillPotion"},{"floor":4,"key":"SneckoOil"},{"floor":5,"key":"Swift Potion"}],"is_trial":false,"path_per_floor":["M","?","M","M","M","E","E"],"character_chosen":"DEFECT","items_purchased":[],"campfire_rested":0,"item_purchase_floors":[],"current_hp_per_floor":[53,53,47,45,42,22,0,0],"gold":131,"neow_bonus":"BOSS_RELIC","is_daily":false,"chose_seed":false,"campfire_upgraded":0,"win_rate":0.0,"timestamp":1614266090,"path_taken":["M","?","M","M","M","E","E"],"items_purchased_type":[],"build_version":"2020-12-18","purchased_purges":0,"victory":false,"max_hp_per_floor":[71,71,71,71,71,71,71,71],"card_choices":[{"not_picked":["Go for the Eyes","Undo"],"picked":"Ball Lightning","floor":1},{"not_picked":["Reprogram","Redo"],"picked":"Reinforced Body","floor":3},{"not_picked":["Turbo","Stack"],"picked":"Leap","floor":4},{"not_picked":["Auto Shields","Steam"],"picked":"Cold Snap","floor":5},{"not_picked":["Barrage","Reinforced Body","Redo"],"picked":"SKIP","floor":6}],"player_experience":3125280,"relics_obtained":[{"floor":6,"key":"WingedGreaves"},{"floor":6,"key":"MawBank"}],"event_choices":[{"cards_removed":["Strike_B"],"damage_healed":0,"gold_gain":0,"player_choice":"Card Removal","damage_taken":0,"max_hp_gain":0,"max_hp_loss":0,"event_name":"The Cleric","floor":2,"gold_loss":75}],"is_beta":true,"boss_relics":[],"items_purged_floors":[],"is_endless":false,"potions_floor_spawned":[3,4,5],"killed_by":"Gremlin Nob","ascension_level":20}}