{"host":"fhwr1fuluf6086fh","time":1614231140,"event":{"mods":["2.2 Compatiblity","Act Like it!","BaseMod","Colored Map","Elementarium","Minty Spire (QoL Compilation)","StSLib"],"gold_per_floor":[109,9,21,35,51,51,78,94,149,149,149],"floor_reached":10,"language":"ENG","playtime":935,"items_purged":[],"score":105,"play_id":"8fac4094-3f52-4c32-8330-28f731ad2a7e","local_time":"20210225003220","is_ascension_mode":true,"campfire_choices":[{"data":"Bouncing Flask","floor":6,"key":"SMITH"}],"circlet_count":0,"master_deck":["AscendersBane","Strike_G","Strike_G","Strike_G","Strike_G","Strike_G","Defend_G","Defend_G","Defend_G","Defend_G","Defend_G","Survivor","Neutralize","Caltrops","Noxious Fumes","Cloak And Dagger","Quick Slash","Skewer","Bouncing Flask+1","Outmaneuver"],"relics":["Snecko Eye","Oddly Smooth Stone","Pen Nib"],"acts_visited":["Exordium"],"potions_floor_usage":[7,10],"damage_taken":[{"damage":3,"enemies":"2 Louse","floor":1,"turns":3},{"damage":4,"enemies":"Cultist","floor":3,"turns":4},{"damage":0,"enemies":"Jaw Worm","floor":4,"turns":3},{"damage":2,"enemies":"3 Louse","floor":5,"turns":3},{"damage":41,"enemies":"3 Sentries","floor":7,"turns":8},{"damage":2,"enemies":"Large Slime","floor":8,"turns":4},{"damage":16,"enemies":"Gremlin Nob","floor":10,"turns":3}],"seed_played":"-2051630680993540666","potions_obtained":[{"floor":5,"key":"Fire Potion"},{"floor":8,"key":"DuplicationPotion"}],"is_trial":false,"path_per_floor":["M","$","M","M","M","R","E","M","T","E"],"character_chosen":"THE_SILENT","items_purchased":["Noxious Fumes","Cloak And Dagger"],"campfire_rested":0,"item_purchase_floors":[2,2],"current_hp_per_floor":[60,60,56,56,54,54,13,11,11,0,0],"gold":149,"neow_bonus":"BOSS_RELIC","is_daily":false,"chose_seed":false,"campfire_upgraded":1,"win_rate":0.0,"timestamp":1614231140,"path_taken":["M","$","M","M","M","R","E","M","T","E"],"items_purchased_type":["Card","Card"],"build_version":"2020-12-22","purchased_purges":0,"victory":false,"max_hp_per_floor":[70,70,70,70,70,70,70,70,70,70,70],"card_choices":[{"not_picked":["Deflect","Outmaneuver"],"picked":"Caltrops","floor":1},{"not_picked":["Flying Knee","Reflex"],"picked":"Quick Slash","floor":3},{"not_picked":["Slice","Sucker Punch"],"picked":"Skewer","floor":4},{"not_picked":["After Image","Dagger Spray"],"picked":"Bouncing Flask","floor":5},{"not_picked":["Prepared","Tactician","Deflect"],"picked":"SKIP","floor":7},{"not_picked":["Reflex","PiercingWail"],"picked":"Outmaneuver","floor":8}],"player_experience":883107,"relics_obtained":[{"floor":7,"key":"Oddly Smooth Stone"},{"floor":9,"key":"Pen Nib"}],"event_choices":[],"is_beta":false,"boss_relics":[],"items_purged_floors":[],"is_endless":false,"potions_floor_spawned":[5,8],"killed_by":"Gremlin Nob","ascension_level":10}}