{"host":"anox4050deqdcqoh","time":1614284621,"event":{"mods":["BaseMod","Colored Map","Displayed Cursed Tome","Highlight Path","Minty Spire (QoL Compilation)","Quick Restart","Rare Cards Sparkle","everything is the same but u backflip on backflip"],"gold_per_floor":[111,61,75,95,109,109,152,179,232,232,232,252,276,303,303,407,407,432,125,115,30,39,39,39,74,74,173,19,19,55,75,75,75,75],"floor_reached":33,"language":"ENG","playtime":2615,"items_purged":["Strike_B"],"score":354,"play_id":"4fd91308-b426-49ec-b6fc-78c87a136508","local_time":"20210225152341","is_ascension_mode":true,"campfire_choices":[{"data":"Streamline","floor":6,"key":"SMITH"},{"floor":11,"key":"REST"},{"floor":15,"key":"REST"},{"data":"Barrage","floor":23,"key":"SMITH"},{"floor":29,"key":"REST"},{"floor":32,"key":"REST"}],"circlet_count":0,"master_deck":["Strike_B","Strike_B","Defend_B+1","Defend_B","Defend_B","Defend_B","Zap+1","Dualcast","Barrage+1","Go for the Eyes","Streamline+1","Steam","Gash","Undo","Gash","Defragment","Machine Learning","Rebound","Trip+1","Cold Snap","Writhe","Sweeping Beam+1","Barrage","Skim"],"relics":["FrozenCore","CeramicFish","Tiny Chest","Cables","Art of War","Centennial Puzzle","War Paint","PreservedInsect","InkBottle","Runic Capacitor","Shuriken"],"acts_visited":["Exordium","TheCity"],"potions_floor_usage":[16,20,25,25],"damage_taken":[{"damage":9,"enemies":"Small Slimes","floor":1,"turns":3},{"damage":4,"enemies":"Jaw Worm","floor":3,"turns":3},{"damage":8,"enemies":"2 Louse","floor":4,"turns":2},{"damage":0,"enemies":"Large Slime","floor":5,"turns":4},{"damage":24,"enemies":"3 Sentries","floor":7,"turns":8},{"damage":6,"enemies":"Looter","floor":8,"turns":3},{"damage":4,"enemies":"Blue Slaver","floor":12,"turns":3},{"damage":0,"enemies":"2 Fungi Beasts","floor":13,"turns":3},{"damage":16,"enemies":"Gremlin Nob","floor":14,"turns":4},{"damage":35,"enemies":"Hexaghost","floor":16,"turns":10},{"damage":0,"enemies":"Shell Parasite","floor":18,"turns":7},{"damage":1,"enemies":"2 Thieves","floor":20,"turns":4},{"damage":51,"enemies":"Gremlin Leader","floor":25,"turns":10},{"damage":37,"enemies":"Slavers","floor":30,"turns":4},{"damage":6,"enemies":"Sentry and Sphere","floor":31,"turns":6},{"damage":40,"enemies":"Champ","floor":33,"turns":8}],"seed_played":"9017452997475083622","potions_obtained":[{"floor":4,"key":"Regen Potion"},{"floor":7,"key":"SkillPotion"},{"floor":8,"key":"Block Potion"},{"floor":14,"key":"AttackPotion"},{"floor":18,"key":"PowerPotion"}],"is_trial":false,"path_per_floor":["M","?","M","M","M","R","E","M","T","?","R","M","M","E","R","B",null,"M","$","M","?","?","R","T","E","T","?","$","R","E","M","R","B"],"character_chosen":"DEFECT","items_purchased":["Trip","Art of War","Runic Capacitor"],"campfire_rested":4,"item_purchase_floors":[19,19,28],"current_hp_per_floor":[66,66,62,54,54,54,30,24,24,24,46,42,42,26,48,13,75,75,75,74,74,74,74,74,23,23,23,23,45,8,2,24,0,0],"gold":75,"neow_bonus":"UPGRADE_CARD","is_daily":false,"chose_seed":false,"campfire_upgraded":2,"win_rate":0.0,"timestamp":1614284621,"path_taken":["M","?","M","M","M","R","E","M","T","?","R","M","M","E","R","BOSS","M","$","M","?","?","R","?","E","T","?","$","R","E","?","R","BOSS"],"items_purchased_type":["Card","Relic","Relic"],"build_version":"2020-12-22","purchased_purges":1,"victory":false,"max_hp_per_floor":[75,75,75,75,75,75,75,75,75,75,75,75,75,75,75,75,75,75,75,75,75,75,75,75,75,75,75,75,75,75,75,75,75,75],"card_choices":[{"not_picked":["Steam","Turbo"],"picked":"Barrage","floor":1},{"not_picked":["Redo","Turbo"],"picked":"Go for the Eyes","floor":3},{"not_picked":["Redo","Multi-Cast"],"picked":"Streamline","floor":4},{"not_picked":["Streamline","Scrape"],"picked":"Steam","floor":5},{"not_picked":["Double Energy","Recycle"],"picked":"Gash","floor":7},{"not_picked":["Go for the Eyes","Doom and Gloom"],"picked":"Undo","floor":8},{"not_picked":["Conserve Battery","Lockon"],"picked":"Gash","floor":12},{"not_picked":["Undo","Stack"],"picked":"Defragment","floor":13},{"not_picked":["Scrape","Darkness","Heatsinks"],"picked":"SKIP","floor":14},{"not_picked":["Rainbow","Meteor Strike"],"picked":"Machine Learning","floor":16},{"not_picked":["Static Discharge","Force Field"],"picked":"Rebound","floor":18},{"not_picked":["Go for the Eyes+1","Ball Lightning"],"picked":"Cold Snap","floor":20},{"not_picked":["Compile Driver","Scrape"],"picked":"Sweeping Beam+1","floor":25},{"not_picked":["Sweeping Beam","Coolheaded"],"picked":"Barrage","floor":30},{"not_picked":["Stack+1","Sweeping Beam"],"picked":"Skim","floor":31}],"player_experience":516206,"relics_obtained":[{"floor":7,"key":"CeramicFish"},{"floor":9,"key":"Tiny Chest"},{"floor":14,"key":"Cables"},{"floor":25,"key":"PreservedInsect"},{"floor":26,"key":"InkBottle"},{"floor":30,"key":"Shuriken"}],"event_choices":[{"cards_removed":["Strike_B"],"damage_healed":0,"gold_gain":0,"player_choice":"Card Removal","damage_taken":0,"max_hp_gain":0,"max_hp_loss":0,"event_name":"The Cleric","floor":2,"gold_loss":50},{"damage_healed":0,"gold_gain":0,"player_choice":"Ignored","damage_taken":0,"max_hp_gain":0,"max_hp_loss":0,"event_name":"Liars Game","floor":10,"gold_loss":0},{"damage_healed":0,"gold_gain":0,"player_choice":"Obtained Relic","damage_taken":0,"relics_obtained":["Centennial Puzzle"],"max_hp_gain":0,"max_hp_loss":0,"event_name":"Addict","floor":21,"gold_loss":85},{"damage_healed":0,"gold_gain":0,"player_choice":"Opened","damage_taken":0,"relics_obtained":["War Paint"],"max_hp_gain":0,"max_hp_loss":0,"event_name":"The Mausoleum","floor":22,"gold_loss":0,"cards_obtained":["Writhe"]},{"damage_healed":0,"gold_gain":99,"player_choice":"Stole From Cult","damage_taken":0,"max_hp_gain":0,"max_hp_loss":0,"event_name":"Nest","floor":27,"gold_loss":0}],"is_beta":false,"boss_relics":[{"not_picked":["Pandora\u0027s Box","Busted Crown"],"picked":"FrozenCore"}],"items_purged_floors":[19],"is_endless":false,"potions_floor_spawned":[4,7,8,14,18],"killed_by":"Champ","ascension_level":4}}