{"host":"Stephanie","time":1614218203,"event":{"mods":["BaseMod","Colored Powertips","Minty Spire (QoL Compilation)","Rare Cards Sparkle","Relic Stats","StSLib","The Marked"],"gold_per_floor":[119,132,17,36,53,53,86,114,162,162,162,162,162],"floor_reached":12,"language":"ENG","playtime":652,"items_purged":["Pain"],"score":136,"play_id":"10dfd975-cc74-4579-aca5-ea400fd36a18","local_time":"20210224205643","is_ascension_mode":true,"campfire_choices":[{"data":"Footwork","floor":6,"key":"SMITH"}],"circlet_count":0,"master_deck":["AscendersBane","Strike_G","Strike_G","Strike_G","Strike_G","Strike_G","Defend_G","Defend_G","Defend_G","Defend_G","Defend_G+1","Survivor+1","Neutralize","Flying Knee","Dash","Footwork+1","Cloak And Dagger","Envenom","Infinite Blades"],"relics":["Ring of the Snake","WingedGreaves","Ornamental Fan","Snake Skull","Strawberry"],"acts_visited":["Exordium"],"potions_floor_usage":[11,12],"damage_taken":[{"damage":1,"enemies":"2 Louse","floor":1,"turns":3},{"damage":11,"enemies":"Jaw Worm","floor":2,"turns":4},{"damage":0,"enemies":"Small Slimes","floor":4,"turns":3},{"damage":3,"enemies":"2 Fungi Beasts","floor":5,"turns":4},{"damage":22,"enemies":"Gremlin Nob","floor":7,"turns":5},{"damage":7,"enemies":"Lagavulin","floor":8,"turns":9},{"damage":4,"enemies":"3 Sentries","floor":12,"turns":6}],"seed_played":"9155867488623013965","potions_obtained":[{"floor":1,"key":"Fire Potion"},{"floor":4,"key":"BlessingOfTheForge"},{"floor":7,"key":"Fruit Juice"}],"is_trial":false,"path_per_floor":["M","M","$","M","M","R","E","E","T","?","?","E"],"character_chosen":"THE_SILENT","items_purchased":["Footwork"],"campfire_rested":0,"item_purchase_floors":[3],"current_hp_per_floor":[62,51,51,51,48,48,26,19,19,14,4,0,0],"gold":162,"neow_bonus":"ONE_RARE_RELIC","is_daily":false,"chose_seed":false,"campfire_upgraded":1,"win_rate":0.0,"timestamp":1614218203,"path_taken":["M","M","$","M","M","R","E","E","T","?","?","E"],"items_purchased_type":["Card"],"build_version":"2020-12-18","purchased_purges":1,"victory":false,"max_hp_per_floor":[70,70,70,70,70,70,70,70,70,77,82,82,82],"relic_stats":{"counters":[7,34],"Ornamental Fan":[0],"Snake Skull":[5],"obtain_stats":[{"Ornamental Fan":8,"Strawberry":10,"WingedGreaves":0,"Snake Skull":9,"Ring of the Snake":0},{"Ornamental Fan":6,"Strawberry":6,"WingedGreaves":0,"Snake Skull":6,"Ring of the Snake":0},{"Ornamental Fan":28,"Strawberry":28,"WingedGreaves":0,"Snake Skull":28,"Ring of the Snake":0}],"Ring of the Snake":[14]},"card_choices":[{"not_picked":["Flechettes","Acrobatics"],"picked":"Flying Knee","floor":1},{"not_picked":["Choke","Predator"],"picked":"Dash","floor":2},{"not_picked":["Dagger Throw","Riddle With Holes","Tactician"],"picked":"SKIP","floor":4},{"not_picked":["Well Laid Plans","Deflect"],"picked":"Cloak And Dagger","floor":5},{"not_picked":["Quick Slash","Cloak And Dagger"],"picked":"Envenom","floor":7},{"not_picked":["Flechettes","Dagger Spray"],"picked":"Infinite Blades","floor":8}],"player_experience":906465,"relics_obtained":[{"floor":8,"key":"Ornamental Fan"},{"floor":9,"key":"Snake Skull"}],"event_choices":[{"damage_healed":0,"gold_gain":0,"player_choice":"Success","damage_taken":12,"relics_obtained":["Strawberry"],"max_hp_gain":0,"max_hp_loss":0,"event_name":"Scrap Ooze","floor":10,"gold_loss":0},{"damage_healed":0,"gold_gain":0,"player_choice":"Entered Light","damage_taken":15,"max_hp_gain":0,"max_hp_loss":0,"event_name":"Shining Light","floor":11,"gold_loss":0,"cards_upgraded":["Defend_G","Survivor"]}],"is_beta":true,"boss_relics":[],"items_purged_floors":[3],"is_endless":false,"potions_floor_spawned":[1,4,7],"killed_by":"3 Sentries","ascension_level":11}}