{"host":"tubmkv2g6v9d0kjw","time":1614296185,"event":{"mods":["2.2 Compatiblity","BaseMod","Conspire","Downfall","Hubris","Minty Spire (QoL Compilation)","Relic Stats","Spire Arcade","StSLib"],"gold_per_floor":[99,99,199,199,199,13,36,63,90,139,39,73,73,108,141,261,261,261,295,295,295,295],"floor_reached":20,"language":"ENG","playtime":780,"items_purged":["Pain"],"score":399,"play_id":"8da1c132-1feb-47fc-8c71-117b779b0a83","local_time":"20210225173625","is_ascension_mode":true,"campfire_choices":[{"data":"Slimebound:Split","floor":1,"key":"SMITH"},{"data":"Slimebound:LevelUp","floor":11,"key":"SMITH"},{"data":"Slimebound:WasteNot","floor":13,"key":"SMITH"},{"data":"Slimebound:SlimeSlap","floor":18,"key":"SMITH"}],"circlet_count":0,"master_deck":["Slimebound:Tackle","Slimebound:Split+1","Slimebound:CorrosiveSpit","Slimebound:SplitAcid","downfall:Haunted","downfall:Haunted","hubris:Greed","Slimebound:WasteNot+1","hubris:Compulsion","Parasite","Slimebound:Equalize","Slimebound:ItLooksTasty","Slimebound:RejuvenatingLick","Slimebound:TongueLash","hubris:Greed","Slimebound:LevelUp+1","Slimebound:PressTheAttack","hubris:Greed","Slimebound:RejuvenatingLick","hubris:Greed","Slimebound:SamplingLick","Slimebound:HauntingLick","Slimebound:OozeBath","Slimebound:OozeBath","Slimebound:Grow","Slimebound:MegaLick","Slimebound:Replication","Slimebound:ProtectTheBoss","Slimebound:PressTheAttack","Slimebound:SlimeSlap+1","Slimebound:Nibble"],"relics":["Slimebound:AbsorbEndCombat","downfall:HeartsMalice","Darkstone Periapt","WarpedTongs","Boot","downfall:HeartBlessingBlue","Pandora\u0027s Box"],"acts_visited":["Exordium","TheCity"],"potions_floor_usage":[16],"damage_taken":[{"damage":0,"enemies":"2 Louse","floor":2,"turns":1},{"damage":0,"enemies":"Jaw Worm","floor":5,"turns":1},{"damage":0,"enemies":"downfall:FleeingMerchant","floor":6,"turns":1},{"damage":10,"enemies":"Cultist","floor":8,"turns":4},{"damage":20,"enemies":"downfall:LooterAlt","floor":9,"turns":5},{"damage":29,"enemies":"3 Sentries","floor":10,"turns":6},{"damage":5,"enemies":"Gremlin Gang","floor":12,"turns":2},{"damage":6,"enemies":"Large Slime","floor":14,"turns":4},{"damage":13,"enemies":"Blue Slaver","floor":15,"turns":3},{"damage":59,"enemies":"DF_ARCHETYPE_STREAMLINE","floor":16,"turns":8},{"damage":75,"enemies":"downfall:LooterAlt2","floor":19,"turns":5},{"damage":70,"enemies":"Chosen","floor":20,"turns":6}],"seed_played":"1544607946250075755","potions_obtained":[{"floor":8,"key":"SkillPotion"},{"floor":10,"key":"Dexterity Potion"},{"floor":14,"key":"sneckomod:MuddlingPotion"},{"floor":16,"key":"FearPotion"}],"is_trial":false,"path_per_floor":["R","M","?","?","M","$","T","M","M","E","R","M","R","M","M","B",null,"R","M","M"],"character_chosen":"SLIMEBOUND","items_purchased":["Slimebound:RejuvenatingLick","Slimebound:TongueLash"],"campfire_rested":0,"item_purchase_floors":[6,6],"current_hp_per_floor":[59,59,94,100,100,100,100,102,84,65,75,70,70,78,77,34,109,109,48,0,0,0],"gold":295,"neow_bonus":"THREE_ENEMY_KILL","is_daily":false,"chose_seed":false,"campfire_upgraded":4,"win_rate":0.0,"timestamp":1614296185,"path_taken":["R","M","?","?","?","$","T","M","M","E","R","M","R","M","M","BOSS","R","M","M"],"items_purchased_type":["Card","Card"],"build_version":"2020-12-22","purchased_purges":1,"victory":false,"max_hp_per_floor":[65,65,100,106,106,106,106,112,112,118,128,128,128,134,134,134,134,134,134,134,134,134],"relic_stats":{"Darkstone Periapt":54,"counters":[12,41],"Pandora\u0027s Box":["Slimebound:OozeBath","Slimebound:Grow","Slimebound:MegaLick","Slimebound:Replication","Slimebound:ProtectTheBoss","Slimebound:PressTheAttack","Slimebound:SlimeSlap"],"Boot":[2],"obtain_stats":[{"Darkstone Periapt":3,"downfall:HeartBlessingBlue":11,"downfall:HeartsMalice":0,"Pandora\u0027s Box":17,"Slimebound:AbsorbEndCombat":0,"Boot":10,"WarpedTongs":4},{"Darkstone Periapt":1,"downfall:HeartBlessingBlue":6,"downfall:HeartsMalice":0,"Pandora\u0027s Box":10,"Slimebound:AbsorbEndCombat":0,"Boot":6,"WarpedTongs":1},{"Darkstone Periapt":0,"downfall:HeartBlessingBlue":14,"downfall:HeartsMalice":0,"Pandora\u0027s Box":30,"Slimebound:AbsorbEndCombat":0,"Boot":14,"WarpedTongs":0}],"WarpedTongs":[41]},"card_choices":[{"not_picked":["Slimebound:SlimeSpikes","Slimebound:FinishingTackle"],"picked":"Slimebound:SplitAcid","floor":2},{"not_picked":["Slimebound:LeechEnergy","Slimebound:HauntingLick"],"picked":"Slimebound:Equalize","floor":5},{"not_picked":["Slimebound:HungryTackle","Slimebound:PressTheAttack"],"picked":"Slimebound:ItLooksTasty","floor":6},{"not_picked":["Slimebound:SplitBruiser","Slimebound:DisruptingSlam"],"picked":"Slimebound:LevelUp","floor":8},{"not_picked":["Slimebound:SlimeTap","Slimebound:SplitLeeching"],"picked":"Slimebound:PressTheAttack","floor":9},{"not_picked":["Slimebound:MassFeed","Slimebound:TongueLash"],"picked":"Slimebound:RejuvenatingLick","floor":10},{"not_picked":["Slimebound:GoopTackle","Slimebound:LivingWall","Slimebound:PressTheAttack"],"picked":"SKIP","floor":12},{"not_picked":["Slimebound:SplitMire","Slimebound:RollThrough"],"picked":"Slimebound:SamplingLick","floor":14},{"not_picked":["Slimebound:ComboTackle","Slimebound:RejuvenatingLick"],"picked":"Slimebound:HauntingLick","floor":15},{"not_picked":["Slimebound:MassFeed","Slimebound:SelfFormingGoo"],"picked":"Slimebound:OozeBath","floor":16},{"not_picked":["Slimebound:SamplingLick","Slimebound:RollThrough"],"picked":"Slimebound:Nibble","floor":19}],"player_experience":566783,"relics_obtained":[{"floor":10,"key":"Boot"}],"event_choices":[{"damage_healed":0,"gold_gain":0,"player_choice":"Rummage","damage_taken":0,"relics_obtained":["WarpedTongs"],"max_hp_gain":0,"max_hp_loss":0,"event_name":"Accursed Blacksmith","floor":4,"gold_loss":0,"cards_obtained":["Pain"]}],"is_beta":false,"boss_relics":[{"not_picked":["SacredBark","Runic Dome"],"picked":"Pandora\u0027s Box"}],"items_purged_floors":[6],"is_endless":false,"potions_floor_spawned":[8,10,14,16],"killed_by":"Chosen","ascension_level":6}}