{"host":"dn6kke80v5f7isus","time":1614281781,"event":{"mods":["AchievementEnabler","Act Like it!","Bard","BaseMod","Colored Powertips","Custom Start","Defuse TimeMaze Blight","Energized Spire","Gremlin Skip","Highlight Path","Hubris","Infinite Spire","Marisa????????","Marked Mod","Minty Spire (QoL Compilation)","Quick Restart","Rare Cards Sparkle","Reliquary","Replay The Spire","StSLib","The Administrix","The Servant 0.9.4","Uncapped","Unceasing Turn Reminder"],"gold_per_floor":[110,110,110,130,130,130,155,155,236,263,290,290,323,350,350,371,371],"floor_reached":16,"language":"ENG","playtime":423,"items_purged":[],"score":148,"play_id":"dc45dea0-a376-4317-931a-6222750badaa","local_time":"20210225143621","is_ascension_mode":true,"campfire_choices":[{"data":"bard:Inspire","floor":6,"key":"SMITH"},{"data":"bard:Riposte","floor":8,"key":"SMITH"}],"circlet_count":0,"master_deck":["bard:Strike","bard:Strike","bard:Strike","bard:Defend","bard:Defend","bard:Defend","bard:Defend","bard:Riposte+1","bard:Inspire+1","bard:Doot+1","bard:FeastOnFear+1"],"relics":["bard:PitchPipe","bard:BagPipes","NeowsBlessing","hubris:SlimyHat","hubris:SphereOfDissonance","hubris:TenFootPole","reliquary:TuningFork","Golden Idol","Replay:Bandana"],"acts_visited":["Exordium"],"potions_floor_usage":[16],"damage_taken":[{"damage":0,"enemies":"Small Slimes","floor":1,"turns":1},{"damage":0,"enemies":"Cultist","floor":4,"turns":1},{"damage":0,"enemies":"3 Sentries","floor":7,"turns":1},{"damage":6,"enemies":"Gremlin Nob","floor":10,"turns":3},{"damage":2,"enemies":"3 Sentries","floor":13,"turns":4},{"damage":0,"enemies":"2 Louse","floor":14,"turns":4},{"damage":0,"enemies":"Slime Boss","floor":16,"turns":5}],"seed_played":"-2039603107387229395","potions_obtained":[{"floor":7,"key":"SmokeBomb"},{"floor":10,"key":"Block Potion"},{"floor":13,"key":"SpeedPotion"},{"floor":14,"key":"DuplicationPotion"}],"is_trial":false,"path_per_floor":["M","?","?","M","?","R","E","R","T","E","T","?","E","M","R","B"],"character_chosen":"BARD","items_purchased":[],"campfire_rested":0,"item_purchase_floors":[],"current_hp_per_floor":[70,63,63,63,63,63,63,63,63,57,57,49,47,47,68,68,68],"gold":371,"neow_bonus":"THREE_ENEMY_KILL","is_daily":false,"chose_seed":false,"campfire_upgraded":2,"win_rate":0.0,"timestamp":1614281781,"path_taken":["M","?","?","?","?","R","E","R","T","E","?","?","E","?","R","BOSS"],"items_purchased_type":[],"build_version":"2020-12-22","purchased_purges":0,"victory":false,"max_hp_per_floor":[70,70,70,70,70,70,70,70,70,70,70,70,70,70,70,70,70],"card_choices":[{"not_picked":["bard:OffKey","bard:LingeringPerformance","bard:DervishDance"],"picked":"SKIP","floor":1},{"not_picked":["bard:Thunderwave","bard:StudiedStrike"],"picked":"bard:Doot","floor":4},{"not_picked":["bard:QuickSong","bard:ViciousMockery","bard:LingeringEcho"],"picked":"SKIP","floor":7},{"not_picked":["bard:BucklerBash","bard:TinyHut","bard:BottledSong"],"picked":"SKIP","floor":10},{"not_picked":["bard:Fermata","bard:SongBolt","bard:StudiedStrike"],"picked":"SKIP","floor":13},{"not_picked":["bard:ViciousMockery","bard:LingeringEcho"],"picked":"bard:FeastOnFear","floor":14}],"player_experience":520214,"relics_obtained":[{"floor":7,"key":"hubris:SlimyHat"},{"floor":9,"key":"hubris:SphereOfDissonance"},{"floor":10,"key":"hubris:TenFootPole"},{"floor":11,"key":"reliquary:TuningFork"},{"floor":13,"key":"Replay:Bandana"}],"event_choices":[{"cards_removed":["bard:Strike"],"damage_healed":0,"gold_gain":0,"player_choice":"Card Removal","damage_taken":7,"max_hp_gain":0,"max_hp_loss":0,"event_name":"Golden Wing","floor":2,"gold_loss":0},{"damage_healed":0,"gold_gain":0,"player_choice":"Bought 0 Potions","damage_taken":0,"max_hp_gain":0,"max_hp_loss":0,"event_name":"The Woman in Blue","floor":3,"gold_loss":0},{"damage_healed":0,"gold_gain":0,"player_choice":"Take Damage","damage_taken":17,"relics_obtained":["Golden Idol"],"max_hp_gain":0,"max_hp_loss":0,"event_name":"Golden Idol","floor":12,"gold_loss":0}],"is_beta":false,"boss_relics":[],"items_purged_floors":[],"is_endless":false,"potions_floor_spawned":[7,10,13,14],"killed_by":"Slime Boss","ascension_level":1}}