{"host":"jksa5rawk3m4gilz","time":1614279336,"event":{"mods":["BaseMod","Colored Map","Highlight Path","Minty Spire (QoL Compilation)","Quick Restart"],"gold_per_floor":[111,186,186,186,113,113,134,168,249,249,263,298,298,333,333,431,431,449,469,469,469,296,296,296],"floor_reached":23,"language":"ENG","playtime":581,"items_purged":["Strike_R"],"score":391,"play_id":"631fab6f-eec4-4036-8624-2ffa160602dc","local_time":"20210225195536","is_ascension_mode":true,"campfire_choices":[{"floor":6,"key":"REST"},{"data":"Fire Breathing","floor":10,"key":"SMITH"},{"floor":15,"key":"REST"}],"circlet_count":0,"master_deck":["AscendersBane","Strike_R","Strike_R","Strike_R","Defend_R+1","Defend_R","Defend_R","Defend_R+1","Bash","Fire Breathing+1","Reckless Charge","Anger","Shockwave+1","Carnage","Demon Form","Shrug It Off+1","Battle Trance+1","Necronomicurse","Jack Of All Trades+1"],"relics":["Black Blood","NeowsBlessing","Golden Idol","Strawberry","Toxic Egg 2","Red Skull","Bottled Flame","Necronomicon","NlothsMask"],"acts_visited":["Exordium","TheCity"],"potions_floor_usage":[],"damage_taken":[{"damage":0,"enemies":"Jaw Worm","floor":1,"turns":1},{"damage":0,"enemies":"Small Slimes","floor":7,"turns":1},{"damage":0,"enemies":"Lagavulin","floor":8,"turns":1},{"damage":9,"enemies":"2 Louse","floor":11,"turns":3},{"damage":17,"enemies":"3 Sentries","floor":12,"turns":4},{"damage":18,"enemies":"Gremlin Nob","floor":14,"turns":4},{"damage":28,"enemies":"Slime Boss","floor":16,"turns":7},{"damage":29,"enemies":"3 Byrds","floor":18,"turns":6},{"damage":16,"enemies":"Chosen","floor":19,"turns":6},{"damage":41,"enemies":"Slavers","floor":23,"turns":2}],"seed_played":"-6809164057124914627","potions_obtained":[{"floor":1,"key":"LiquidMemories"},{"floor":7,"key":"Strength Potion"},{"floor":14,"key":"SteroidPotion"}],"is_trial":false,"path_per_floor":["M","?","?","?","$","R","M","E","T","R","M","E","?","E","R","B",null,"M","M","?","?","$","E"],"character_chosen":"IRONCLAD","items_purchased":["Reckless Charge","Jack Of All Trades+1"],"campfire_rested":2,"item_purchase_floors":[5,22],"current_hp_per_floor":[74,63,45,30,30,52,58,71,71,71,68,57,50,38,62,40,72,55,51,35,35,35,0,0],"gold":296,"neow_bonus":"THREE_ENEMY_KILL","is_daily":false,"chose_seed":false,"campfire_upgraded":1,"win_rate":0.0,"timestamp":1614279336,"path_taken":["M","?","?","?","$","R","M","E","T","R","M","E","?","E","R","BOSS","M","M","?","?","$","E"],"items_purchased_type":["Card","Card"],"build_version":"2020-12-22","purchased_purges":1,"victory":false,"max_hp_per_floor":[75,75,75,75,75,75,75,82,82,82,82,82,82,82,82,82,82,82,82,82,82,82,82,82],"card_choices":[{"not_picked":["Perfected Strike","Twin Strike"],"picked":"Fire Breathing","floor":1},{"not_picked":["Havoc","Thunderclap","Twin Strike"],"picked":"SKIP","floor":7},{"not_picked":["Headbutt","Thunderclap"],"picked":"Anger","floor":8},{"not_picked":["Shrug It Off+1","Headbutt"],"picked":"Shockwave+1","floor":11},{"not_picked":["Dropkick","Heavy Blade","Clothesline"],"picked":"SKIP","floor":12},{"not_picked":["Iron Wave","Perfected Strike"],"picked":"Carnage","floor":14},{"not_picked":["Exhume+1","Immolate"],"picked":"Demon Form","floor":16},{"not_picked":["Thunderclap+1","Warcry+1"],"picked":"Shrug It Off+1","floor":18},{"not_picked":["Hemokinesis","Pommel Strike+1"],"picked":"Battle Trance+1","floor":19}],"player_experience":1820485,"relics_obtained":[{"floor":8,"key":"Strawberry"},{"floor":9,"key":"Toxic Egg 2"},{"floor":12,"key":"Red Skull"},{"floor":14,"key":"Bottled Flame"},{"floor":20,"key":"Necronomicon"}],"event_choices":[{"damage_healed":0,"gold_gain":75,"player_choice":"Gather Gold","damage_taken":11,"max_hp_gain":0,"max_hp_loss":0,"event_name":"World of Goop","floor":2,"gold_loss":0},{"damage_healed":0,"gold_gain":0,"player_choice":"Take Damage","damage_taken":18,"relics_obtained":["Golden Idol"],"max_hp_gain":0,"max_hp_loss":0,"event_name":"Golden Idol","floor":3,"gold_loss":0},{"damage_healed":0,"gold_gain":0,"player_choice":"Entered Light","damage_taken":15,"max_hp_gain":0,"max_hp_loss":0,"event_name":"Shining Light","floor":4,"gold_loss":0,"cards_upgraded":["Defend_R","Defend_R"]},{"cards_removed":["Strike_R"],"damage_healed":0,"gold_gain":0,"player_choice":"Card Removal","damage_taken":7,"max_hp_gain":0,"max_hp_loss":0,"event_name":"Golden Wing","floor":13,"gold_loss":0},{"damage_healed":0,"gold_gain":0,"player_choice":"Obtained Book","damage_taken":16,"max_hp_gain":0,"max_hp_loss":0,"event_name":"Cursed Tome","floor":20,"gold_loss":0},{"damage_healed":0,"gold_gain":0,"player_choice":"Trade","damage_taken":0,"relics_obtained":["NlothsMask"],"max_hp_gain":0,"max_hp_loss":0,"event_name":"FaceTrader","floor":21,"gold_loss":0}],"is_beta":false,"boss_relics":[{"not_picked":["Fusion Hammer","Runic Dome"],"picked":"Black Blood"}],"items_purged_floors":[22],"is_endless":false,"potions_floor_spawned":[1,7,14,16,19],"killed_by":"Slavers","ascension_level":14}}