{"host":"emzatosnsokm6754","time":1614238276,"event":{"mods":["Act Like it!","BaseMod","Bossed Relics","Colored Powertips","Dota2Spire","Energized Spire","Minty Spire (QoL Compilation)","Rare Cards Sparkle","Replay The Spire","Ruina","Small Relic Pack","StSLib","The Hierophant","The Servant 0.9.4"],"gold_per_floor":[119,119,180,105,161,161,190,254,254,271,281,14,26,36,36,140,140,152,152,152,0,16,50,50,78,104,115,115,132,165,180,180,281,281,293,117,136,136,136,136,207,224,249,264,297,28,28,28,28,28,28,28,28,54,54],"floor_reached":56,"language":"ENG","playtime":2803,"items_purged":["Strike_R","Atom Bomb","Crow Ritual+1"],"score":1127,"play_id":"5881ef34-c201-4775-b165-ce44eb993932","local_time":"20210225203116","is_ascension_mode":true,"campfire_choices":[{"data":"Spot Weakness","floor":6,"key":"SMITH"},{"data":"Fiend Fire","floor":15,"key":"SMITH"},{"data":"Offering","floor":24,"key":"SMITH"},{"floor":28,"key":"RECALL"},{"data":"True Grit","floor":32,"key":"SMITH"},{"data":"Eclipse","floor":40,"key":"SMITH"},{"data":"Limit Break","floor":47,"key":"SMITH"},{"data":"Secret Technique","floor":49,"key":"SMITH"},{"data":"Wild Strike","floor":52,"key":"SMITH"}],"circlet_count":0,"master_deck":["Strike_R","Defend_R","Defend_R","Defend_R","Bash+1","Spot Weakness+1","Dark Embrace+1","True Grit+1","Fiend Fire+1","Offering+1","CurseOfTheBell","relicPack:TruthCard","Secret Technique+1","Writhe","Feel No Pain+1","Feel No Pain+1","Power Through+1","Fire Breathing+1","Wild Strike","Warcry","Feel No Pain+1","Eclipse+1","Disarm+1","Dark Embrace+1","Bloodletting+1","Wild Strike+1","Limit Break+1","Juggernaut+1"],"relics":["Burning Blood","Ring of Misfortune","ReplayTheSpireMod:Ring of Challenge","Frozen Egg 2","FossilizedHelix","Dota2Spire:LotusOrb","Calling Bell","Dota2Spire:PhaseBoots","Dota2Spire:BattleFury","Replay:Kaleidoscope","relicPack:EdsArm","ruina:Goodbye","Snack Pack","Pondfish Scales","Potion Belt","energizedSpire:OgreHead","relicPack:DSword","relicPack:OneForAll","Divine Protection","Bronze Scales","Membership Card","ReplayTheSpireMod:Shallot","Dota2Spire:ShadowBlade","Dota2Spire:DrumOfEndurance"],"acts_visited":["Exordium","ruina:Briah","TheBeyond","TheEnding"],"potions_floor_usage":[16,16,16,33,33,33,50,50,55],"damage_taken":[{"damage":6,"enemies":"Jaw Worm","floor":1,"turns":3},{"damage":6,"enemies":"Small Slimes","floor":3,"turns":8},{"damage":18,"enemies":"2 Louse","floor":5,"turns":3},{"damage":13,"enemies":"3 Sentries","floor":7,"turns":15},{"damage":0,"enemies":"Looter","floor":10,"turns":3},{"damage":7,"enemies":"Large Slime","floor":11,"turns":6},{"damage":7,"enemies":"Blue Slaver","floor":13,"turns":4},{"damage":0,"enemies":"Looter","floor":14,"turns":3},{"damage":8,"enemies":"The Guardian","floor":16,"turns":11},{"damage":0,"enemies":"ruina:Nosferatu","floor":18,"turns":2},{"damage":4,"enemies":"ruina:2_Scarecrows","floor":22,"turns":4},{"damage":0,"enemies":"ruina:RoadHome","floor":23,"turns":1},{"damage":11,"enemies":"ruina:Mountain","floor":25,"turns":9},{"damage":0,"enemies":"ruina:KnightOfDespair","floor":27,"turns":4},{"damage":7,"enemies":"ruina:Woodsman","floor":29,"turns":3},{"damage":6,"enemies":"ruina:ServantOfWrath","floor":30,"turns":3},{"damage":18,"enemies":"ruina:3_Scarecrows","floor":31,"turns":6},{"damage":36,"enemies":"ruina:Red_and_Wolf","floor":33,"turns":13},{"damage":0,"enemies":"3 Shapes","floor":35,"turns":3},{"damage":9,"enemies":"Orb Walker","floor":37,"turns":4},{"damage":1,"enemies":"Giant Head","floor":41,"turns":3},{"damage":0,"enemies":"3 Darklings","floor":42,"turns":4},{"damage":0,"enemies":"Sphere and 2 Shapes","floor":44,"turns":3},{"damage":0,"enemies":"Spire Growth","floor":45,"turns":1},{"damage":9,"enemies":"Replay:Hell Engine","floor":50,"turns":9},{"damage":0,"enemies":"Shield and Spear","floor":54,"turns":4},{"damage":16,"enemies":"The Heart","floor":55,"turns":7}],"seed_played":"8018667501127202032","potions_obtained":[{"floor":3,"key":"BlessingOfTheForge"},{"floor":10,"key":"DistilledChaos"},{"floor":14,"key":"Dexterity Potion"},{"floor":16,"key":"ElixirPotion"},{"floor":23,"key":"AttackPotion"},{"floor":27,"key":"ColorlessPotion"},{"floor":30,"key":"Elixir"},{"floor":33,"key":"Languid Potion"},{"floor":35,"key":"Toxic Potion"},{"floor":45,"key":"Elixir"},{"floor":54,"key":"PowerPotion"}],"is_trial":false,"path_per_floor":["M","?","M","$","M","R","E","?","T","M","M","$","M","M","R","B",null,"M","?","?","$","M","E","R","E","T","M","R","M","E","M","R","B",null,"M","$","M","?","?","R","E","M","T","M","M","$","R","T","R","B",null,"R","$","E","B",null],"character_chosen":"IRONCLAD","items_purchased":["Dark Embrace+1","Havoc","Dota2Spire:LotusOrb","Feel No Pain+1","Disarm+1","Membership Card","ReplayTheSpireMod:Shallot"],"campfire_rested":0,"item_purchase_floors":[12,12,12,21,36,46,46],"current_hp_per_floor":[80,80,80,80,68,68,61,61,61,67,66,66,65,71,71,69,80,80,75,75,75,75,75,75,70,70,75,75,74,74,62,62,32,75,75,75,72,37,37,37,44,50,50,58,64,64,64,64,64,65,75,75,75,75,65],"gold":54,"neow_bonus":"RANDOM_EVENT","is_daily":false,"chose_seed":false,"campfire_upgraded":8,"win_rate":0.0,"timestamp":1614238276,"path_taken":["M","?","M","$","M","R","E","?","T","M","M","?","M","M","R","BOSS","M","?","?","$","M","E","R","E","T","M","R","M","E","M","R","BOSS","M","$","M","?","?","R","E","M","T","M","M","$","R","?","R","BOSS","R","$","E","BOSS"],"items_purchased_type":["Card","Card","Relic","Card","Card","Relic","Relic"],"build_version":"2020-12-22","purchased_purges":3,"victory":true,"max_hp_per_floor":[80,80,80,80,80,80,80,80,80,80,80,80,80,80,80,80,80,80,75,75,75,75,75,75,75,75,75,75,75,75,75,75,75,75,75,75,75,75,75,75,75,75,75,75,75,75,75,75,75,75,75,75,75,75,75],"card_choices":[{"not_picked":["Iron Wave","Massacre","Headbutt"],"picked":"SKIP","floor":1},{"not_picked":["Run Through","Havoc"],"picked":"Spot Weakness","floor":3},{"not_picked":["ReplayTheSpireMod:Strike From Hell","Flex","Whirlwind"],"picked":"SKIP","floor":5},{"not_picked":["Perfected Strike","Dual Wield","ReplayTheSpireMod:Limb From Limb"],"picked":"SKIP","floor":7},{"not_picked":["Intimidate","Anger","ReplayTheSpireMod:Muscle Training"],"picked":"SKIP","floor":10},{"not_picked":["Clothesline","Headbutt","ReplayTheSpireMod:Stacked"],"picked":"SKIP","floor":11},{"not_picked":["Headbutt","Clothesline"],"picked":"True Grit","floor":13},{"not_picked":["Pommel Strike","Whirlwind"],"picked":"Fiend Fire","floor":14},{"not_picked":["Brutality+1","Juggernaut+1"],"picked":"Offering","floor":16},{"not_picked":["Twin Strike","Cleave","Shockwave+1"],"picked":"SKIP","floor":18},{"not_picked":["Massacre","Evolve+1"],"picked":"Power Through+1","floor":22},{"not_picked":["Eclipse","Iron Wave"],"picked":"Fire Breathing+1","floor":23},{"not_picked":["Shrug It Off","Seeing Red"],"picked":"Wild Strike","floor":25},{"not_picked":["Sword Boomerang+1","Pommel Strike","Shrug It Off"],"picked":"SKIP","floor":27},{"not_picked":["Infernal Blade","Heavy Blade"],"picked":"Warcry","floor":29},{"not_picked":["ReplayTheSpireMod:Strike From Hell","Cleave","Anger"],"picked":"SKIP","floor":30},{"not_picked":["Entrench+1","Clash"],"picked":"Feel No Pain+1","floor":31},{"not_picked":["Hemogenesis","Demon Form+1"],"picked":"Eclipse","floor":33},{"not_picked":["Perfected Strike+1","Rampage","Clothesline+1"],"picked":"SKIP","floor":35},{"not_picked":["Burning Pact","Seeing Red+1"],"picked":"Dark Embrace+1","floor":37},{"not_picked":["Armaments","Seeing Red+1"],"picked":"Bloodletting+1","floor":41},{"not_picked":["Perfected Strike+1","Warcry+1"],"picked":"Wild Strike","floor":42},{"not_picked":["Twin Strike+1","ReplayTheSpireMod:Limb From Limb+1"],"picked":"Limit Break","floor":44},{"not_picked":["Armaments+1","ReplayTheSpireMod:Strike From Hell+1","Cleave+1"],"picked":"SKIP","floor":45},{"not_picked":["Thunderclap+1","Warcry+1"],"picked":"Juggernaut+1","floor":54}],"player_experience":221817,"relics_obtained":[{"floor":2,"key":"Ring of Misfortune"},{"floor":2,"key":"ReplayTheSpireMod:Ring of Challenge"},{"floor":7,"key":"Frozen Egg 2"},{"floor":9,"key":"FossilizedHelix"},{"floor":17,"key":"Dota2Spire:PhaseBoots"},{"floor":17,"key":"Dota2Spire:BattleFury"},{"floor":17,"key":"Replay:Kaleidoscope"},{"floor":23,"key":"Snack Pack"},{"floor":25,"key":"Pondfish Scales"},{"floor":30,"key":"Potion Belt"},{"floor":41,"key":"Divine Protection"},{"floor":45,"key":"Bronze Scales"},{"floor":48,"key":"Dota2Spire:ShadowBlade"},{"floor":54,"key":"Dota2Spire:DrumOfEndurance"}],"event_choices":[{"damage_healed":0,"gold_gain":0,"player_choice":"Grow","damage_taken":0,"max_hp_gain":0,"max_hp_loss":0,"event_name":"Living Wall","floor":0,"gold_loss":0,"cards_upgraded":["Bash"]},{"damage_healed":0,"gold_gain":64,"player_choice":"Gained Gold","damage_taken":0,"max_hp_gain":0,"max_hp_loss":0,"event_name":"Golden Wing","floor":8,"gold_loss":0}],"is_beta":false,"boss_relics":[{"not_picked":["Replay:Drink Me","Tiny House"],"picked":"Calling Bell"},{"not_picked":["ReplayTheSpireMod:DimensionalGlitch","Fusion Hammer"],"picked":"energizedSpire:OgreHead"}],"items_purged_floors":[4,21,36],"is_endless":false,"potions_floor_spawned":[3,10,14,16,23,27,30,33,35,45,54],"ascension_level":1}}