{"host":"n08mv44ohivl39d9","time":1614218245,"event":{"mods":["BaseMod","Bestiary","Highlight Path","Minty Spire (QoL Compilation)","Relic Stats"],"gold_per_floor":[114,129,23,41,53,53,86,86,86,102,119,150,160,160,160,234,234,254,63,63,77,88,117,117,148,148,179,179,194,207,235,235,235,235],"floor_reached":33,"language":"ENG","playtime":2497,"items_purged":[],"score":878,"play_id":"4ddfbe6c-941b-47fc-8fe8-92dc66530c1a","local_time":"20210224195725","is_ascension_mode":true,"campfire_choices":[{"data":"Dagger Spray","floor":6,"key":"SMITH"},{"data":"Burst","floor":8,"key":"SMITH"},{"data":"Neutralize","floor":15,"key":"SMITH"},{"data":"Apotheosis","floor":24,"key":"SMITH"},{"floor":28,"key":"REST"},{"data":"Crippling Poison","floor":32,"key":"SMITH"}],"circlet_count":0,"master_deck":["AscendersBane","Strike_G","Strike_G","Strike_G","Strike_G","Strike_G","Defend_G","Defend_G","Defend_G","Defend_G","Defend_G","Survivor","Neutralize+1","Cloak And Dagger","Dagger Spray+1","Predator","Flying Knee","Corpse Explosion","Deadly Poison","Burst+1","Backflip","Unload","Bouncing Flask+1","Leg Sweep","Apotheosis+1","PiercingWail","Wraith Form v2","Crippling Poison+1"],"relics":["Ring of the Snake","FossilizedHelix","TungstenRod","Tough Bandages","Cursed Key","Boot","Toy Ornithopter","Mercury Hourglass","Bag of Marbles"],"acts_visited":["Exordium","TheCity"],"potions_floor_usage":[10,11,12,23,25,27],"damage_taken":[{"damage":20,"enemies":"Cultist","floor":1,"turns":7},{"damage":0,"enemies":"Small Slimes","floor":2,"turns":3},{"damage":0,"enemies":"2 Louse","floor":4,"turns":2},{"damage":3,"enemies":"Blue Slaver","floor":5,"turns":4},{"damage":15,"enemies":"3 Sentries","floor":7,"turns":4},{"damage":7,"enemies":"Exordium Wildlife","floor":10,"turns":6},{"damage":0,"enemies":"Gremlin Gang","floor":11,"turns":6},{"damage":19,"enemies":"Gremlin Nob","floor":12,"turns":4},{"damage":0,"enemies":"Large Slime","floor":13,"turns":4},{"damage":0,"enemies":"The Guardian","floor":16,"turns":8},{"damage":0,"enemies":"Chosen","floor":18,"turns":3},{"damage":0,"enemies":"2 Thieves","floor":21,"turns":3},{"damage":0,"enemies":"Chosen and Byrds","floor":22,"turns":7},{"damage":0,"enemies":"Gremlin Leader","floor":23,"turns":5},{"damage":28,"enemies":"Book of Stabbing","floor":25,"turns":4},{"damage":15,"enemies":"Slavers","floor":27,"turns":2},{"damage":0,"enemies":"Snecko","floor":29,"turns":4},{"damage":0,"enemies":"3 Cultists","floor":30,"turns":2},{"damage":11,"enemies":"Gremlin Leader","floor":31,"turns":5},{"damage":40,"enemies":"Champ","floor":33,"turns":9}],"seed_played":"-751820497581777851","potions_obtained":[{"floor":4,"key":"Poison Potion"},{"floor":7,"key":"ColorlessPotion"},{"floor":10,"key":"Regen Potion"},{"floor":16,"key":"SneckoOil"},{"floor":22,"key":"LiquidMemories"},{"floor":25,"key":"SkillPotion"},{"floor":27,"key":"Explosive Potion"},{"floor":30,"key":"DuplicationPotion"}],"is_trial":false,"path_per_floor":["M","M","$","M","M","R","E","R","T","M","M","E","M","?","R","B",null,"M","$","?","M","M","E","R","E","T","E","R","M","M","E","R","B"],"character_chosen":"THE_SILENT","items_purchased":["Predator","Flying Knee","Apotheosis"],"campfire_rested":1,"item_purchase_floors":[3,3,19],"current_hp_per_floor":[45,45,45,45,42,42,27,27,27,20,35,16,16,16,16,16,58,58,58,58,58,58,58,58,30,30,20,41,41,41,30,30,0,0],"gold":235,"neow_bonus":"TEN_PERCENT_HP_BONUS","is_daily":false,"chose_seed":false,"campfire_upgraded":5,"win_rate":0.0,"timestamp":1614218245,"path_taken":["M","M","?","M","M","R","E","R","T","M","M","E","M","?","R","BOSS","M","$","?","M","M","E","R","E","T","E","R","M","M","E","R","BOSS"],"items_purchased_type":["Card","Card","Card"],"build_version":"2020-12-22","purchased_purges":0,"victory":false,"max_hp_per_floor":[72,72,72,72,72,72,72,72,72,72,72,72,72,72,72,72,72,72,72,72,72,72,72,72,72,72,72,72,72,72,72,72,72,72],"relic_stats":{"Tough Bandages":[93],"counters":[20,92],"Cursed Key":0,"Boot":[12],"obtain_stats":[{"Tough Bandages":12,"Bag of Marbles":31,"Cursed Key":17,"Boot":23,"FossilizedHelix":7,"TungstenRod":9,"Toy Ornithopter":25,"Ring of the Snake":0,"Mercury Hourglass":27},{"Tough Bandages":8,"Bag of Marbles":19,"Cursed Key":10,"Boot":14,"FossilizedHelix":5,"TungstenRod":5,"Toy Ornithopter":15,"Ring of the Snake":0,"Mercury Hourglass":16},{"Tough Bandages":36,"Bag of Marbles":83,"Cursed Key":48,"Boot":66,"FossilizedHelix":20,"TungstenRod":20,"Toy Ornithopter":70,"Ring of the Snake":0,"Mercury Hourglass":72}],"TungstenRod":14,"Toy Ornithopter":5,"Ring of the Snake":[40],"Mercury Hourglass":[75]},"card_choices":[{"not_picked":["PiercingWail","Escape Plan"],"picked":"Cloak And Dagger","floor":1},{"not_picked":["Underhanded Strike","Well Laid Plans"],"picked":"Dagger Spray","floor":2},{"not_picked":["Dagger Throw","Blade Dance"],"picked":"Corpse Explosion","floor":4},{"not_picked":["Flying Knee","Dash"],"picked":"Deadly Poison","floor":5},{"not_picked":["Heel Hook","Bane"],"picked":"Burst","floor":7},{"not_picked":["Heel Hook","Tactician","Poisoned Stab"],"picked":"SKIP","floor":10},{"not_picked":["Sucker Punch","Acrobatics"],"picked":"Backflip","floor":11},{"not_picked":["Outmaneuver","Cloak And Dagger"],"picked":"Unload","floor":12},{"not_picked":["Prepared","Outmaneuver"],"picked":"Bouncing Flask","floor":13},{"not_picked":["Dagger Throw","Dodge and Roll"],"picked":"Leg Sweep","floor":18},{"not_picked":["Dodge and Roll","Dagger Spray","Quick Slash"],"picked":"SKIP","floor":21},{"not_picked":["Slice","Prepared","Expertise"],"picked":"SKIP","floor":22},{"not_picked":["Burst","Flying Knee","Sucker Punch"],"picked":"SKIP","floor":23},{"not_picked":["Underhanded Strike","Outmaneuver+1","Bane"],"picked":"SKIP","floor":25},{"not_picked":["Acrobatics+1","Deflect"],"picked":"Wraith Form v2","floor":27},{"not_picked":["Quick Slash","Slice","Distraction"],"picked":"SKIP","floor":29},{"not_picked":["Sucker Punch","Footwork"],"picked":"Crippling Poison","floor":30},{"not_picked":["Escape Plan+1","Backstab","Sucker Punch"],"picked":"SKIP","floor":31}],"player_experience":1511442,"relics_obtained":[{"floor":7,"key":"FossilizedHelix"},{"floor":9,"key":"TungstenRod"},{"floor":12,"key":"Tough Bandages"},{"floor":23,"key":"Boot"},{"floor":25,"key":"Toy Ornithopter"},{"floor":27,"key":"Mercury Hourglass"},{"floor":31,"key":"Bag of Marbles"}],"event_choices":[{"damage_healed":0,"gold_gain":0,"player_choice":"Upgraded","damage_taken":0,"max_hp_gain":0,"max_hp_loss":0,"event_name":"Upgrade Shrine","floor":14,"gold_loss":0,"cards_upgraded":["Bouncing Flask"]},{"damage_healed":0,"gold_gain":0,"player_choice":"Read","damage_taken":0,"max_hp_gain":0,"max_hp_loss":0,"event_name":"The Library","floor":20,"gold_loss":0,"cards_obtained":["PiercingWail"]}],"is_beta":false,"boss_relics":[{"not_picked":["SacredBark","Calling Bell"],"picked":"Cursed Key"}],"items_purged_floors":[],"is_endless":false,"potions_floor_spawned":[4,7,10,16,22,25,27,30],"killed_by":"Champ","ascension_level":20}}