{"host":"flm17o2q7bfjyna6","time":1614288805,"event":{"mods":["2.2 Compatiblity","Act Like it!","BaseMod","Better Altar","Better Match","Better Note","Better Sensory Stone","Better Skull","Better Third Choice","Better Vampires","Colored Map","Colored Powertips","DeckTracker","Downfall","Fox Events","Minty Spire (QoL Compilation)","Quick Restart","Reworked Bosses","Spicy Shops","StSLib","TheSwordswoman","Wandering Minibosses"],"gold_per_floor":[109,59,59,34,34,34,64,76,76,76,90,90,122,133,133,233,233,244,244,255,23,36,70,70,70,70,70,70,81,81,97,97,199,199,215,63,78,0,0,0,0,11,11,11,11],"floor_reached":44,"language":"ENG","playtime":1386,"items_purged":["blazmod:Strike"],"score":636,"play_id":"c66dd4f3-8a52-4d81-88ba-4900298ef26f","local_time":"20210225163325","is_ascension_mode":true,"campfire_choices":[{"data":"blazmod:ButterflyEffect","floor":6,"key":"SMITH"},{"data":"blazmod:KatanaStrike","floor":10,"key":"SMITH"},{"data":"blazmod:Kyokasuigetsu","floor":12,"key":"SMITH"},{"data":"blazmod:HarmonyComplete","floor":15,"key":"SMITH"},{"floor":24,"key":"REST"},{"floor":28,"key":"REST"},{"floor":32,"key":"REST"},{"data":"blazmod:TrueSelf","floor":40,"key":"SMITH"}],"circlet_count":0,"master_deck":["blazmod:Strike","blazmod:Defend+1","blazmod:Defend","blazmod:Defend","blazmod:Defend","blazmod:ButterflyEffect+1","blazmod:Kyokasuigetsu+1","blazmod:KatanaStrike+1","blazmod:FortifiedVigor+1","blazmod:BladeOfEnlightenment+1","blazmod:PerennialBeauty","blazmod:PhysicalEndurance","blazmod:FortifiedVigor","blazmod:HarmonyComplete+1","blazmod:TrueSelf+1","blazmod:ApexLegends+1","blazmod:BlindBlade+1","blazmod:Trasient+1","blazmod:FancifulFlutter+1","blazmod:ClearTheMind+1","blazmod:DrippingWaterHollowsStone+1","blazmod:MirrorImage","blazmod:BoulderFlash+1","blazmod:Crosscut+1","blazmod:MindsEye+1"],"relics":["blazmod:Venustas","NeowsBlessing","Ancient Tea Set","Vajra","Pen Nib","StoneCalendar","Empty Cage","champ:Barbells","Oddly Smooth Stone","Bronze Scales","sneckomod:SneckoTalon","Whetstone","Red Mask","Orichalcum"],"acts_visited":["Exordium","TheCity","TheBeyond"],"potions_floor_usage":[16,23,23,33,44],"damage_taken":[{"damage":0,"enemies":"2 Louse","floor":1,"turns":1},{"damage":0,"enemies":"Gremlin Nob","floor":7,"turns":1},{"damage":0,"enemies":"Jaw Worm","floor":8,"turns":1},{"damage":0,"enemies":"Cultist","floor":11,"turns":2},{"damage":13,"enemies":"Lagavulin","floor":13,"turns":7},{"damage":0,"enemies":"Blue Slaver","floor":14,"turns":2},{"damage":14,"enemies":"Hexaghost","floor":16,"turns":6},{"damage":0,"enemies":"Shell Parasite","floor":18,"turns":4},{"damage":2,"enemies":"2 Thieves","floor":20,"turns":2},{"damage":14,"enemies":"Snake Plant","floor":22,"turns":3},{"damage":14,"enemies":"Book of Stabbing","floor":23,"turns":5},{"damage":0,"enemies":"Centurion and Healer","floor":29,"turns":4},{"damage":1,"enemies":"Chosen and Byrds","floor":31,"turns":3},{"damage":0,"enemies":"bossMod:newChamp","floor":33,"turns":9},{"damage":15,"enemies":"3 Darklings","floor":35,"turns":4},{"damage":8,"enemies":"3 Shapes","floor":37,"turns":4},{"damage":2,"enemies":"Transient","floor":42,"turns":5},{"damage":20,"enemies":"Reptomancer","floor":44,"turns":2}],"seed_played":"-3041951192710128903","potions_obtained":[{"floor":7,"key":"Ancient Potion"},{"floor":13,"key":"Strength Potion"},{"floor":14,"key":"hexamod:SoulburnPotion"},{"floor":16,"key":"bronze:BurnAndBuffPotion"},{"floor":23,"key":"Guardian:BlockOnCardUsePotion"},{"floor":31,"key":"BlessingOfTheForge"},{"floor":33,"key":"hexamod:SoulburnPotion"}],"is_trial":false,"path_per_floor":["M","?","?","$","$","R","E","M","T","R","M","R","E","M","R","B",null,"M","?","M","$","M","E","R","?","T","$","R","M","$","M","R","B",null,"M","$","M","?","$","R","$","M","T","E"],"character_chosen":"THE_SWORDSWOMAN","items_purchased":["blazmod:FortifiedVigor","champ:Barbells","Whetstone"],"campfire_rested":3,"item_purchase_floors":[4,21,36],"current_hp_per_floor":[40,40,40,40,40,40,40,40,40,40,40,40,27,27,27,13,33,33,33,31,31,17,3,15,15,15,15,27,27,27,26,38,38,40,25,25,17,17,17,17,17,15,15,0,0],"gold":11,"neow_bonus":"THREE_ENEMY_KILL","is_daily":false,"chose_seed":false,"campfire_upgraded":5,"win_rate":0.0,"timestamp":1614288805,"path_taken":["M","?","?","?","$","R","E","?","T","R","M","R","E","M","R","BOSS","M","?","M","$","M","E","R","?","T","?","R","M","$","?","R","BOSS","M","?","?","?","$","R","?","M","T","E"],"items_purchased_type":["Card","Relic","Relic"],"build_version":"2020-12-22","purchased_purges":1,"victory":false,"max_hp_per_floor":[40,40,40,40,40,40,40,40,40,40,40,40,40,40,40,40,40,40,40,40,40,40,40,40,40,40,40,40,40,40,40,40,40,40,40,40,40,40,40,40,40,40,40,40,40],"card_choices":[{"not_picked":["blazmod:Valiance","blazmod:Crosscut"],"picked":"blazmod:KatanaStrike","floor":1},{"not_picked":["blazmod:CastAwayDew","blazmod:PureOfSoul"],"picked":"blazmod:BladeOfEnlightenment","floor":7},{"not_picked":["blazmod:StanceChange","blazmod:Valiance"],"picked":"blazmod:PerennialBeauty","floor":8},{"not_picked":["blazmod:OpenSpirit","blazmod:CastAwayDew"],"picked":"blazmod:PhysicalEndurance","floor":11},{"not_picked":["blazmod:MentalFocus","blazmod:ButterFlutter"],"picked":"blazmod:FortifiedVigor","floor":13},{"not_picked":["blazmod:ButterFlutter","blazmod:FleetOfFoot"],"picked":"blazmod:HarmonyComplete","floor":14},{"not_picked":["blazmod:MirrorImage","blazmod:MindAtPeace"],"picked":"blazmod:TrueSelf","floor":16},{"not_picked":["blazmod:TenThousand","blazmod:MentalFocus"],"picked":"blazmod:ApexLegends+1","floor":18},{"not_picked":["blazmod:SidewaySolace","blazmod:CastAwayDew"],"picked":"blazmod:BlindBlade","floor":20},{"not_picked":["blazmod:TravelJournal","blazmod:FortifiedVigor"],"picked":"blazmod:Trasient+1","floor":22},{"not_picked":["blazmod:MentalFocus","blazmod:KatanaStrike+1"],"picked":"blazmod:FancifulFlutter+1","floor":23},{"not_picked":["blazmod:ButterFlutter","blazmod:FleetingDawn"],"picked":"blazmod:ClearTheMind","floor":29},{"not_picked":["blazmod:PhoenixPlume","blazmod:Contingency"],"picked":"blazmod:DrippingWaterHollowsStone+1","floor":31},{"not_picked":["blazmod:Setsuna","blazmod:HoumatsuMugenKochouji"],"picked":"blazmod:MirrorImage","floor":33},{"not_picked":["blazmod:SidewaySolace","blazmod:Trasient"],"picked":"blazmod:BoulderFlash+1","floor":35},{"not_picked":["blazmod:MentalFocus","blazmod:StanceChange"],"picked":"blazmod:Crosscut+1","floor":37},{"not_picked":["blazmod:QuickBlade","blazmod:TandenKatsu"],"picked":"blazmod:MindsEye+1","floor":42}],"player_experience":2018557,"relics_obtained":[{"floor":7,"key":"Vajra"},{"floor":9,"key":"Pen Nib"},{"floor":13,"key":"StoneCalendar"},{"floor":23,"key":"Oddly Smooth Stone"},{"floor":26,"key":"Bronze Scales"},{"floor":43,"key":"Orichalcum"}],"event_choices":[{"cards_removed":["blazmod:Strike"],"damage_healed":0,"gold_gain":0,"player_choice":"Card Removal","damage_taken":0,"max_hp_gain":0,"max_hp_loss":0,"event_name":"The Cleric","floor":2,"gold_loss":50},{"damage_healed":0,"gold_gain":0,"player_choice":"Box","damage_taken":0,"relics_obtained":["Ancient Tea Set"],"max_hp_gain":0,"max_hp_loss":0,"event_name":"Big Fish","floor":3,"gold_loss":0,"cards_obtained":["Regret"]},{"cards_removed":["blazmod:Strike"],"damage_healed":0,"gold_gain":0,"player_choice":"Give","damage_taken":0,"max_hp_gain":0,"max_hp_loss":0,"event_name":"betterNote:BetterNote","floor":19,"gold_loss":0,"cards_obtained":["bronze:Strike"]},{"damage_healed":0,"gold_gain":0,"player_choice":"Paid","damage_taken":0,"relics_obtained":["Red Mask"],"max_hp_gain":0,"max_hp_loss":0,"event_name":"Tomb of Lord Red Mask","floor":38,"gold_loss":78}],"is_beta":false,"boss_relics":[{"not_picked":["blazmod:SoshuMasabe","Fusion Hammer"],"picked":"Empty Cage"},{"not_picked":["Runic Pyramid","expansioncontent:StudyCardRelic"],"picked":"sneckomod:SneckoTalon"}],"items_purged_floors":[21],"is_endless":false,"potions_floor_spawned":[7,13,14,16,18,23,31,33,37],"killed_by":"Reptomancer","ascension_level":5}}