{"host":"lnfs5t5iydkm2lft","time":1614237244,"event":{"mods":["AchievementEnabler","Act Like it!","Aspiration","BaseMod","Bestiary","Better Third Choice","BetterRewards","Colored Powertips","Dark Map","Downfall","Hermit","Hubris","Infinite Spire","Marisa????????","Marked Mod","Minty Spire (QoL Compilation)","Quick Restart","Reliquary","Replay The Spire","StSLib","The Runesmith","everything is the same but u backflip on backflip"],"gold_per_floor":[119,119,71,81,101,135,148,105,156,156,156],"floor_reached":10,"language":"ENG","playtime":254,"items_purged":[],"score":85,"play_id":"acda0413-47fe-441b-b85b-fac3af7bb3d8","local_time":"20210225011404","is_ascension_mode":true,"campfire_choices":[],"circlet_count":0,"master_deck":["Strike_R","Strike_R","Strike_R","Strike_R","Defend_R","Defend_R","Defend_R","Defend_R","Bash","Inflame","Armaments"],"relics":["Burning Blood","Singing Bowl","Omamori"],"acts_visited":["Exordium"],"potions_floor_usage":[6,6,7],"damage_taken":[{"damage":7,"enemies":"Jaw Worm","floor":1,"turns":4},{"damage":0,"enemies":"Small Slimes","floor":4,"turns":3},{"damage":0,"enemies":"Cultist","floor":5,"turns":4},{"damage":50,"enemies":"Gremlin Nob","floor":6,"turns":5},{"damage":11,"enemies":"2 Fungi Beasts","floor":7,"turns":6},{"damage":50,"enemies":"Lagavulin","floor":10,"turns":6}],"seed_played":"2277510482047604518","potions_obtained":[{"floor":5,"key":"Adrenaline Potion"},{"floor":6,"key":"Weak Potion"}],"is_trial":false,"path_per_floor":["M","?","$","M","M","E","M","?","T","E"],"character_chosen":"IRONCLAD","items_purchased":["PowerPotion"],"campfire_rested":0,"item_purchase_floors":[3],"current_hp_per_floor":[87,87,87,88,88,46,43,43,43,0,0],"gold":156,"neow_bonus":"TEN_PERCENT_HP_BONUS","is_daily":false,"chose_seed":false,"campfire_upgraded":0,"win_rate":0.0,"timestamp":1614237244,"path_taken":["M","?","?","M","M","E","M","?","T","E"],"items_purchased_type":["Potion"],"build_version":"2020-12-22","purchased_purges":0,"victory":false,"max_hp_per_floor":[88,88,88,88,88,90,92,92,92,92,92],"card_choices":[{"not_picked":["Clothesline","Pommel Strike","Headbutt"],"picked":"SKIP","floor":1},{"not_picked":["Evolve","Power Through"],"picked":"Inflame","floor":4},{"not_picked":["Pommel Strike","Clothesline"],"picked":"Armaments","floor":5},{"not_picked":["ReplayTheSpireMod:Muscle Training","Bludgeon","Run Through"],"picked":"Singing Bowl","floor":6},{"not_picked":["Clash","Seeing Red","Twin Strike"],"picked":"Singing Bowl","floor":7}],"player_experience":430840,"relics_obtained":[{"floor":6,"key":"Singing Bowl"},{"floor":9,"key":"Omamori"}],"event_choices":[{"damage_healed":0,"gold_gain":0,"player_choice":"Left","damage_taken":0,"max_hp_gain":0,"max_hp_loss":0,"event_name":"betterThird:BetterGoop","floor":8,"gold_loss":43}],"is_beta":false,"boss_relics":[],"items_purged_floors":[],"is_endless":false,"potions_floor_spawned":[5,6],"killed_by":"Lagavulin","ascension_level":5}}