{"host":"af4pzp5tm7cfibaw","time":1614242116,"event":{"mods":["AchievementEnabler","BaseMod","BetterRewards","Highlight Path","Minty Spire (QoL Compilation)","StSLib","SuperFastMode"],"gold_per_floor":[119,119,294,309,158,184,211,223,235,266,288,300,300],"floor_reached":12,"language":"ENG","playtime":313,"items_purged":["Regret"],"score":131,"play_id":"5727bb77-2de0-41e3-9a49-450084b37eaf","local_time":"20210225213516","is_ascension_mode":true,"campfire_choices":[{"data":"Darkness","floor":8,"key":"SMITH"}],"circlet_count":0,"master_deck":["Strike_B","Strike_B","Strike_B","Strike_B","Defend_B","Defend_B","Defend_B","Defend_B","Zap","Dualcast","Self Repair","Doubt","Darkness+1","Redo","Compile Driver","Turbo","Redo","Echo Form","Cold Snap"],"relics":["Cracked Core","NeowsBlessing","Ice Cream","MawBank","Toxic Egg 2"],"acts_visited":["Exordium"],"potions_floor_usage":[11],"damage_taken":[{"damage":0,"enemies":"Small Slimes","floor":1,"turns":1},{"damage":0,"enemies":"Jaw Worm","floor":4,"turns":1},{"damage":0,"enemies":"3 Sentries","floor":6,"turns":1},{"damage":12,"enemies":"2 Louse","floor":7,"turns":3},{"damage":8,"enemies":"Red Slaver","floor":10,"turns":3},{"damage":26,"enemies":"3 Louse","floor":11,"turns":4},{"damage":32,"enemies":"Gremlin Nob","floor":12,"turns":4}],"seed_played":"-2062155686304586703","potions_obtained":[{"floor":1,"key":"CultistPotion"},{"floor":4,"key":"CultistPotion"},{"floor":10,"key":"SteroidPotion"},{"floor":11,"key":"FocusPotion"}],"is_trial":false,"path_per_floor":["M","?","?","M","$","E","M","R","T","M","M","E"],"character_chosen":"DEFECT","items_purchased":["Redo","Compile Driver"],"campfire_rested":0,"item_purchase_floors":[5,5],"current_hp_per_floor":[75,75,75,75,75,75,70,70,70,69,43,11,11],"gold":300,"neow_bonus":"THREE_ENEMY_KILL","is_daily":false,"chose_seed":false,"campfire_upgraded":1,"win_rate":0.0,"timestamp":1614242116,"path_taken":["M","?","?","M","$","E","M","R","T","M","M","E"],"items_purchased_type":["Card","Card"],"build_version":"2020-12-22","purchased_purges":1,"victory":false,"max_hp_per_floor":[75,75,75,75,75,75,75,75,75,75,75,75,75],"card_choices":[{"not_picked":["Tempest","Recycle"],"picked":"Self Repair","floor":1},{"not_picked":["Redo","Barrage"],"picked":"Darkness","floor":4},{"not_picked":["Leap","Conserve Battery"],"picked":"Turbo","floor":6},{"not_picked":["Blizzard","Doom and Gloom"],"picked":"Redo","floor":7},{"not_picked":["Turbo+1","Redo+1"],"picked":"Echo Form","floor":10},{"not_picked":["Lockon","Stack+1"],"picked":"Cold Snap","floor":11}],"player_experience":335735,"relics_obtained":[{"floor":6,"key":"MawBank"},{"floor":9,"key":"Toxic Egg 2"}],"event_choices":[{"damage_healed":0,"gold_gain":0,"player_choice":"Box","damage_taken":0,"relics_obtained":["Ice Cream"],"max_hp_gain":0,"max_hp_loss":0,"event_name":"Big Fish","floor":2,"gold_loss":0,"cards_obtained":["Regret"]},{"damage_healed":0,"gold_gain":175,"player_choice":"AGREE","damage_taken":0,"max_hp_gain":0,"max_hp_loss":0,"event_name":"Liars Game","floor":3,"gold_loss":0,"cards_obtained":["Doubt"]}],"is_beta":false,"boss_relics":[],"items_purged_floors":[5],"is_endless":false,"potions_floor_spawned":[1,4,10,11],"killed_by":"Gremlin Nob","ascension_level":5}}