{"host":"hlo0wt5fjlilsn9r","time":1614297509,"event":{"mods":["2.2 Compatiblity","AchievementEnabler","Aspiration","Aya Shameimaru","Bard","BaseMod","Beaked The Cultist","Better Altar","Better Match","Better Note","Better Sensory Stone","Better Skull","Better Third Choice","BetterRewards","CCEM2","Colored Map","Conspire","Downfall","Friendly Minions","GifTheSpireLib","Halation","Hermit","Highlight Path","Hubris","Hunter ?人","Jedi Mod","Jorbs\u0027s Wanderer Trilogy","Kiyohime（清?）","Mad Scientist","Marisa（霧雨　魔理沙）","Mimic Mod","Minty Spire (QoL Compilation)","Permanent Neow","Prisma Mod","Replay The Spire","Shade Mod","Spicy Shops","StSLib","Stuff the Spire","Td1madao Mod","The Administrix","The Alterego","The Blackbeard","The Bug Knight","The Construct","The Cursed","The Disciple","The Gatherer","The Hierophant","The Marked","The Mystic","The Necromancer","The Runesmith","The Servant 0.9.4","The Spell Scribe","The Witch","Unceasing Turn Reminder"],"gold_per_floor":[118,138,158,183,203,203,203,38,64,82,82,82,108,127,127,127,127],"floor_reached":16,"language":"ENG","playtime":1504,"items_purged":["alterego_mod:Strike"],"score":102,"play_id":"2270e5cd-efe8-43d3-b09d-0bd8e2569628","local_time":"20210225155829","is_ascension_mode":false,"campfire_choices":[{"data":"alterego_mod:BusterCard","floor":6,"key":"SMITH"},{"data":"alterego_mod:TrashNCrash","floor":12,"key":"SMITH"},{"floor":15,"key":"REST"}],"circlet_count":0,"master_deck":["alterego_mod:Strike","alterego_mod:Strike","alterego_mod:Defend","alterego_mod:Defend","alterego_mod:Defend","alterego_mod:Defend","alterego_mod:Impale","alterego_mod:BigMeatyClaws+1","alterego_mod:BrynhildrsRune","alterego_mod:Cooking","alterego_mod:DeftHands","alterego_mod:Rip","alterego_mod:BusterCard+1","conspire:Banana","alterego_mod:TrashNCrash+1","alterego_mod:Pet","alterego_mod:Punishment"],"relics":["alterego_mod:MasochisticConstitution","jedi:arcanewood","hubris:Towel","Eternal Feather"],"acts_visited":["Exordium"],"potions_floor_usage":[16],"damage_taken":[{"damage":8,"enemies":"Cultist","floor":1,"turns":3},{"damage":13,"enemies":"Jaw Worm","floor":2,"turns":2},{"damage":0,"enemies":"Small Slimes","floor":3,"turns":4},{"damage":10,"enemies":"2 Fungi Beasts","floor":5,"turns":7},{"damage":11,"enemies":"Blue Slaver","floor":10,"turns":5},{"damage":23,"enemies":"Replay:BlueRogue","floor":13,"turns":7},{"damage":22,"enemies":"Exordium Wildlife","floor":14,"turns":4},{"damage":67,"enemies":"The Guardian","floor":16,"turns":8}],"seed_played":"-6389417910806136700","potions_obtained":[{"floor":1,"key":"Elixir"},{"floor":2,"key":"SpeedPotion"},{"floor":10,"key":"Elixir"}],"is_trial":false,"path_per_floor":["M","M","M","T","M","R","?","$","T","M","?","R","E","M","R","B"],"character_chosen":"The_Alterego","items_purchased":["conspire:Banana"],"campfire_rested":1,"item_purchase_floors":[8],"current_hp_per_floor":[63,54,64,64,65,65,65,65,65,59,59,59,41,24,56,0,0],"gold":127,"neow_bonus":"UPGRADE_CARD","is_daily":false,"chose_seed":false,"campfire_upgraded":2,"win_rate":0.0,"timestamp":1614297509,"path_taken":["M","?","?","?","M","R","?","$","T","M","?","R","E","M","R","BOSS"],"items_purchased_type":["Card"],"build_version":"2020-12-22","purchased_purges":1,"victory":false,"max_hp_per_floor":[71,72,72,72,73,73,73,73,73,75,75,75,77,79,79,80,80],"card_choices":[{"not_picked":["alterego_mod:Stockings","alterego_mod:Belle"],"picked":"alterego_mod:Cooking","floor":1},{"not_picked":["alterego_mod:Rip","alterego_mod:1TonWallop"],"picked":"alterego_mod:DeftHands","floor":2},{"not_picked":["alterego_mod:PerceptionDisorder","alterego_mod:SakuraLabyrinth"],"picked":"alterego_mod:Rip","floor":3},{"not_picked":["alterego_mod:Pet","alterego_mod:RidiculouslyBig"],"picked":"alterego_mod:BusterCard","floor":5},{"not_picked":["alterego_mod:Belts","alterego_mod:BusterCard"],"picked":"alterego_mod:TrashNCrash","floor":10},{"not_picked":["alterego_mod:Complex","alterego_mod:Schoolgirl"],"picked":"alterego_mod:Pet","floor":13},{"not_picked":["alterego_mod:Undulate","alterego_mod:Cooking"],"picked":"alterego_mod:Punishment","floor":14}],"player_experience":243530,"relics_obtained":[{"floor":4,"key":"jedi:arcanewood"},{"floor":13,"key":"Eternal Feather"}],"event_choices":[],"is_beta":false,"boss_relics":[],"items_purged_floors":[8],"is_endless":false,"potions_floor_spawned":[1,2,10],"killed_by":"The Guardian","ascension_level":0}}