{"host":"fnk117zi8wf5078t","time":1614269984,"event":{"mods":["AchievementEnabler","BaseMod","Colored Map","Minty Spire (QoL Compilation)","Rare Cards Sparkle","SuperFastMode","everything is the same but u backflip on backflip"],"gold_per_floor":[359,379,379,225,238,267,267,277,277,277,289,309,609,624,624,698,698,714,714,298,298,298,298,315,315,341,341,341],"floor_reached":27,"language":"KOR","playtime":788,"items_purged":["Clumsy"],"score":351,"play_id":"f1313ba8-5eae-48bd-a9c9-0bb89d1ca6c5","local_time":"20210226011944","is_ascension_mode":true,"campfire_choices":[{"data":"Hyperbeam","floor":7,"key":"SMITH"},{"floor":10,"key":"REST"},{"floor":13,"key":"DIG"},{"floor":15,"key":"DIG"},{"floor":23,"key":"DIG"},{"floor":25,"key":"REST"}],"circlet_count":0,"master_deck":["AscendersBane","Strike_B","Strike_B","Strike_B","Defend_B","Defend_B","Defend_B","Defend_B","Zap","Dualcast","Blizzard+1","Chaos","Consume","Multi-Cast","Hyperbeam+1","Lockon","Buffer","Genetic Algorithm+1","Loop","Glacier+1","Core Surge","Machine Learning","Static Discharge+1","Apotheosis","Skim"],"relics":["FrozenCore","Orrery","White Beast Statue","Shovel","Old Coin","Centennial Puzzle","Chemical X","Bag of Marbles","War Paint"],"acts_visited":["Exordium","TheCity"],"potions_floor_usage":[6,16,24],"damage_taken":[{"damage":4,"enemies":"Small Slimes","floor":1,"turns":4},{"damage":1,"enemies":"Cultist","floor":2,"turns":3},{"damage":0,"enemies":"2 Louse","floor":5,"turns":1},{"damage":16,"enemies":"3 Sentries","floor":6,"turns":5},{"damage":10,"enemies":"2 Fungi Beasts","floor":8,"turns":4},{"damage":6,"enemies":"Looter","floor":11,"turns":3},{"damage":2,"enemies":"Red Slaver","floor":12,"turns":3},{"damage":0,"enemies":"Exordium Wildlife","floor":14,"turns":1},{"damage":44,"enemies":"Hexaghost","floor":16,"turns":15},{"damage":15,"enemies":"Spheric Guardian","floor":18,"turns":5},{"damage":34,"enemies":"3 Byrds","floor":24,"turns":3},{"damage":30,"enemies":"Shelled Parasite and Fungi","floor":27,"turns":4}],"seed_played":"4962656629198929528","potions_obtained":[{"floor":2,"key":"EssenceOfSteel"},{"floor":6,"key":"PotionOfCapacity"},{"floor":8,"key":"SkillPotion"},{"floor":11,"key":"DuplicationPotion"},{"floor":16,"key":"BlessingOfTheForge"},{"floor":24,"key":"BlessingOfTheForge"}],"is_trial":false,"path_per_floor":["M","M","?","$","M","E","R","M","T","R","M","M","R","M","R","B",null,"M","?","$","?","?","R","M","R","T","M"],"character_chosen":"DEFECT","items_purchased":["Orrery","Apotheosis","Chemical X"],"campfire_rested":2,"item_purchase_floors":[4,20,20],"current_hp_per_floor":[64,63,63,63,63,47,47,37,37,59,53,51,51,51,51,7,58,43,43,43,43,75,75,41,63,63,33,33],"gold":341,"neow_bonus":"TWO_FIFTY_GOLD","is_daily":false,"chose_seed":false,"campfire_upgraded":1,"win_rate":0.0,"timestamp":1614269984,"path_taken":["M","M","?","$","M","E","R","M","T","R","M","?","R","M","R","BOSS","M","?","$","?","?","R","?","R","T","M"],"items_purchased_type":["Relic","Card","Relic"],"build_version":"2020-12-22","purchased_purges":1,"victory":false,"max_hp_per_floor":[75,75,75,75,75,75,75,75,75,75,75,75,75,75,75,75,75,75,75,75,75,75,75,75,75,75,75,75],"card_choices":[{"not_picked":["Streamline","Leap","Coolheaded"],"picked":"SKIP","floor":1},{"not_picked":["Glacier","Streamline"],"picked":"Blizzard","floor":2},{"not_picked":["Hello World","Loop"],"picked":"Chaos","floor":4},{"not_picked":["Rip and Tear","Cold Snap"],"picked":"Consume","floor":4},{"not_picked":["Conserve Battery","Ball Lightning"],"picked":"Multi-Cast","floor":4},{"not_picked":["Ball Lightning","Reinforced Body"],"picked":"Hyperbeam","floor":4},{"not_picked":["Ball Lightning","Compile Driver"],"picked":"Lockon","floor":5},{"not_picked":["Streamline","Go for the Eyes"],"picked":"Buffer","floor":6},{"not_picked":["Steam","Cold Snap"],"picked":"Genetic Algorithm","floor":8},{"not_picked":["Cold Snap","Hologram"],"picked":"Loop","floor":11},{"not_picked":["Beam Cell","Chaos"],"picked":"Glacier","floor":12},{"not_picked":["Leap","Doom and Gloom"],"picked":"Core Surge","floor":14},{"not_picked":["Echo Form","Electrodynamics"],"picked":"Machine Learning","floor":16},{"not_picked":["Loop","Redo+1"],"picked":"Static Discharge+1","floor":18},{"not_picked":["Beam Cell+1","Compile Driver"],"picked":"Skim","floor":24}],"player_experience":439064,"relics_obtained":[{"floor":6,"key":"White Beast Statue"},{"floor":9,"key":"Shovel"},{"floor":13,"key":"Old Coin"},{"floor":15,"key":"Centennial Puzzle"},{"floor":23,"key":"Bag of Marbles"},{"floor":26,"key":"War Paint"}],"event_choices":[{"damage_healed":0,"gold_gain":0,"player_choice":"Upgraded","damage_taken":0,"max_hp_gain":0,"max_hp_loss":0,"event_name":"Upgrade Shrine","floor":3,"gold_loss":0,"cards_upgraded":["Blizzard"]},{"damage_healed":0,"gold_gain":0,"player_choice":"Ignored","damage_taken":0,"max_hp_gain":0,"max_hp_loss":0,"event_name":"Cursed Tome","floor":19,"gold_loss":0},{"cards_removed":["Strike_B"],"damage_healed":0,"gold_gain":0,"player_choice":"Elegance","damage_taken":0,"max_hp_gain":0,"max_hp_loss":0,"event_name":"Back to Basics","floor":21,"gold_loss":0},{"damage_healed":32,"gold_gain":0,"player_choice":"Full Heal","damage_taken":0,"max_hp_gain":0,"max_hp_loss":0,"event_name":"Wheel of Change","floor":22,"gold_loss":0}],"is_beta":false,"boss_relics":[{"not_picked":["Velvet Choker","Runic Dome"],"picked":"FrozenCore"}],"items_purged_floors":[20],"is_endless":false,"potions_floor_spawned":[2,6,8,11,12,14,16,18,24],"killed_by":"Shelled Parasite and Fungi","ascension_level":13}}