{"host":"tsc2lbal71qs15ls","time":1614214916,"event":{"mods":["BaseMod","Downfall","Minty Spire (QoL Compilation)","StSLib"],"gold_per_floor":[99,99,99,99,99,111,111,123,154,304,304,318,344,358,368,368,368,368],"floor_reached":16,"language":"ENG","playtime":616,"items_purged":[],"score":135,"play_id":"a81c7b6e-d7f1-4d55-975f-be6f2505411f","local_time":"20210224180156","is_ascension_mode":false,"campfire_choices":[{"data":"bronze:Replicate","floor":1,"key":"SMITH"}],"circlet_count":0,"master_deck":["bronze:Strike","bronze:Strike","bronze:Strike","bronze:Strike","bronze:Defend","bronze:Defend","bronze:Defend","bronze:Defend","bronze:Replicate+1","bronze:Goto","bronze:Shell","bronze:DelayedGuard","bronze:ChildClass","bronze:GetLatest","bronze:Iterate","downfall:Icky","bronze:DelayedSlice","bronze:BitShift"],"relics":["bronze:BronzeCore","downfall:HeartsMalice","FaceOfCleric","Mercury Hourglass","Mango","Thread and Needle"],"acts_visited":["Exordium"],"potions_floor_usage":[],"damage_taken":[{"damage":0,"enemies":"2 Louse","floor":2,"turns":1},{"damage":0,"enemies":"Cultist","floor":3,"turns":1},{"damage":0,"enemies":"Jaw Worm","floor":4,"turns":1},{"damage":1,"enemies":"2 Fungi Beasts","floor":6,"turns":4},{"damage":10,"enemies":"Gremlin Gang","floor":8,"turns":3},{"damage":22,"enemies":"3 Sentries","floor":9,"turns":7},{"damage":0,"enemies":"Large Slime","floor":12,"turns":4},{"damage":33,"enemies":"Lagavulin","floor":13,"turns":7},{"damage":2,"enemies":"Exordium Wildlife","floor":14,"turns":3},{"damage":0,"enemies":"downfall:LooterAlt","floor":15,"turns":3},{"damage":0,"enemies":"SI_SHIV_ARCHETYPE","floor":16,"turns":1}],"seed_played":"-3728574620872513078","potions_obtained":[{"floor":9,"key":"Regen Potion"},{"floor":12,"key":"Dexterity Potion"},{"floor":13,"key":"Fire Potion"}],"is_trial":false,"path_per_floor":["R","M","M","M","?","M","T","M","E","?","?","M","E","M","M","B"],"character_chosen":"THE_AUTOMATON","items_purchased":[],"campfire_rested":0,"item_purchase_floors":[],"current_hp_per_floor":[70,70,70,70,70,70,70,61,54,54,54,55,23,22,23,23,23,23],"gold":368,"neow_bonus":"THREE_ENEMY_KILL","is_daily":false,"chose_seed":false,"campfire_upgraded":1,"win_rate":0.0,"timestamp":1614214916,"path_taken":["R","M","M","M","?","?","T","M","E","?","?","M","E","M","M","BOSS"],"items_purchased_type":[],"build_version":"2020-12-22","purchased_purges":0,"victory":false,"max_hp_per_floor":[70,70,70,70,70,71,71,72,87,87,87,88,89,90,91,91,91,91],"card_choices":[{"not_picked":["bronze:Deprecate","bronze:FineTuning"],"picked":"bronze:Shell","floor":2},{"not_picked":["bronze:BuggyMess","bronze:WhirlingStrike"],"picked":"bronze:DelayedGuard","floor":3},{"not_picked":["bronze:BugBarrage","bronze:Invalidate"],"picked":"bronze:ChildClass","floor":4},{"not_picked":["bronze:BitShift","bronze:Fortify"],"picked":"bronze:GetLatest","floor":6},{"not_picked":["bronze:BugBarrage","bronze:BurnOut","bronze:WildBeam"],"picked":"SKIP","floor":8},{"not_picked":["bronze:BuggyMess","bronze:FineTuning"],"picked":"bronze:Iterate","floor":9},{"not_picked":["bronze:ForceShield","bronze:BitShift","bronze:GetLatest"],"picked":"SKIP","floor":12},{"not_picked":["bronze:Shield","bronze:Iterate","bronze:Overheat"],"picked":"SKIP","floor":13},{"not_picked":["bronze:BurnOut","bronze:Turbo"],"picked":"bronze:DelayedSlice","floor":14},{"not_picked":["bronze:Iterate","bronze:CutThrough"],"picked":"bronze:BitShift","floor":15}],"player_experience":271068,"relics_obtained":[{"floor":7,"key":"Mercury Hourglass"},{"floor":9,"key":"Mango"},{"floor":13,"key":"Thread and Needle"}],"event_choices":[{"damage_healed":0,"gold_gain":0,"player_choice":"Trade","damage_taken":0,"relics_obtained":["FaceOfCleric"],"max_hp_gain":0,"max_hp_loss":0,"event_name":"FaceTrader","floor":5,"gold_loss":0}],"is_beta":false,"boss_relics":[],"items_purged_floors":[],"is_endless":false,"potions_floor_spawned":[9,12,13],"killed_by":"SI_SHIV_ARCHETYPE","ascension_level":0}}