{"host":"yq9izw6r1wt570l5","time":1614227384,"event":{"mods":["AchievementEnabler","BaseMod","BetterRewards","Colored Powertips","Downfall","Hermit","Infinite Spire","Jorbs\u0027s Wanderer Trilogy","Minty Spire (QoL Compilation)","Replay The Spire","StSLib","The Bladedancer","The Cursed","The Runesmith"],"gold_per_floor":[115,115,115,132,64,92,92,105,105,135,148,103,103,129,129,227,227,239,154,154,154,94,94,110,110,110,122,153,153,179,179,179,281,331,351,351,351,351],"floor_reached":37,"language":"ENG","playtime":2109,"items_purged":[],"score":471,"play_id":"0aab0ca0-7d59-46b5-9428-ae339be4d2ad","local_time":"20210225012944","is_ascension_mode":false,"campfire_choices":[{"data":"hermit:Dive","floor":7,"key":"SMITH"},{"data":"hermit:Quickdraw","floor":13,"key":"SMITH"},{"floor":15,"key":"DIG"},{"floor":23,"key":"REST"},{"data":"hermit:Maintenance","floor":25,"key":"SMITH"},{"floor":29,"key":"REST"}],"circlet_count":0,"master_deck":["hermit:Strike_Hermit","hermit:Strike_Hermit","hermit:Strike_Hermit","hermit:Strike_Hermit","hermit:Defend_Hermit","hermit:Defend_Hermit","hermit:Defend_Hermit","hermit:Defend_Hermit","hermit:Snapshot+1","hermit:Covet","Regret","hermit:Headshot","hermit:GoldenBullet","hermit:Dive+1","hermit:Maintenance+1","hermit:EyeOfTheStorm","hermit:Midnight","hermit:Quickdraw+1","hermit:TakeCover","hermit:Roughhouse","infinitespire:UltimateForm","hermit:FinalCanter","hermit:Maintenance+1","hermit:Grudge","hermit:Dive+1","hermit:ShadowCloak","hermit:HighNoon","hermit:Glare+1"],"relics":["hermit:Momento","Strawberry","Vajra","Simple Rune","Replay:Bottled Snecko","Regal Pillow","Juzu Bracelet","Blue Doll","hermit:DentedPlate","Replay:Towering Pillar of Hats","SlaversCollar","Counterbalance","NlothsMask","Blood Vial","Shovel","Enchiridion","Tiny House"],"acts_visited":["Exordium","TheCity","TheBeyond"],"potions_floor_usage":[10,10,14,24,30,35],"damage_taken":[{"damage":0,"enemies":"Small Slimes","floor":1,"turns":4},{"damage":0,"enemies":"Cultist","floor":4,"turns":3},{"damage":22,"enemies":"3 Sentries","floor":6,"turns":6},{"damage":0,"enemies":"2 Louse","floor":8,"turns":2},{"damage":8,"enemies":"Lagavulin","floor":10,"turns":5},{"damage":0,"enemies":"Large Slime","floor":11,"turns":5},{"damage":22,"enemies":"3 Sentries","floor":14,"turns":9},{"damage":8,"enemies":"The Guardian","floor":16,"turns":12},{"damage":13,"enemies":"2 Thieves","floor":18,"turns":2},{"damage":17,"enemies":"3 Byrds","floor":24,"turns":8},{"damage":10,"enemies":"Snake Plant","floor":27,"turns":5},{"damage":31,"enemies":"Book of Stabbing","floor":28,"turns":6},{"damage":12,"enemies":"Gremlin Leader","floor":30,"turns":8},{"damage":51,"enemies":"Collector","floor":33,"turns":9},{"damage":0,"enemies":"3 Shapes","floor":35,"turns":7},{"damage":17,"enemies":"3 Darklings","floor":37,"turns":2}],"seed_played":"-4391235581114164859","potions_obtained":[{"floor":4,"key":"FearPotion"},{"floor":6,"key":"DistilledChaos"},{"floor":11,"key":"Venom Potion"},{"floor":18,"key":"PowerPotion"},{"floor":28,"key":"SkillPotion"},{"floor":34,"key":"hermit:Tonic"}],"is_trial":false,"path_per_floor":["M","?","?","M","$","E","R","M","T","E","M","$","R","E","R","B",null,"M","?","AVR","?","$","R","M","R","T","M","E","R","E","?","R","B",null,"M","?","M"],"character_chosen":"HERMIT","items_purchased":["hermit:GoldenBullet","hermit:Quickdraw","hermit:FinalCanter"],"campfire_rested":2,"item_purchase_floors":[5,12,22],"current_hp_per_floor":[82,82,82,82,82,60,60,60,60,52,52,52,52,30,30,22,54,41,41,41,41,41,90,73,73,73,63,32,81,71,71,55,6,11,13,13,0,0],"gold":351,"neow_bonus":"RANDOM_EVENT","is_daily":false,"chose_seed":false,"campfire_upgraded":3,"win_rate":0.0,"timestamp":1614227384,"path_taken":["M","?","?","M","$","E","R","?","T","E","M","$","R","E","R","BOSS","M","?","AVR","?","$","R","M","R","T","M","E","R","E","?","R","BOSS","M","?","M"],"items_purchased_type":["Card","Card","Card"],"build_version":"2020-12-22","purchased_purges":0,"victory":false,"max_hp_per_floor":[82,82,82,82,82,82,82,82,82,82,82,82,82,82,82,82,114,114,114,114,114,114,114,114,114,114,114,114,114,114,114,114,114,119,119,119,119,119],"card_choices":[{"not_picked":["hermit:Feint","hermit:CalledShot"],"picked":"hermit:Enervate","floor":1},{"not_picked":["hermit:CalledShot","hermit:WideOpen"],"picked":"hermit:Headshot","floor":4},{"not_picked":["hermit:LowProfile","hermit:Roughhouse"],"picked":"hermit:Dive","floor":6},{"not_picked":["hermit:NoHoldsBarred","hermit:LoneWolf"],"picked":"hermit:Maintenance","floor":8},{"not_picked":["hermit:Roulette","hermit:Ricochet"],"picked":"hermit:EyeOfTheStorm","floor":10},{"not_picked":["hermit:Desperado","hermit:Horror"],"picked":"hermit:Midnight","floor":11},{"not_picked":["hermit:Desperado","hermit:WideOpen"],"picked":"hermit:TakeCover","floor":14},{"not_picked":["hermit:Adapt","hermit:Magnum"],"picked":"hermit:Roughhouse","floor":16},{"not_picked":["hermit:WideOpen","hermit:Snipe","hermit:Headshot+1"],"picked":"SKIP","floor":18},{"not_picked":["hermit:Ricochet+1","hermit:CursedWeapon"],"picked":"hermit:Maintenance","floor":24},{"not_picked":["hermit:Manifest","hermit:Purgatory"],"picked":"hermit:Grudge","floor":27},{"not_picked":["hermit:Spite","hermit:Misfire"],"picked":"hermit:Dive+1","floor":28},{"not_picked":["hermit:Quickdraw","hermit:Dissolve"],"picked":"hermit:ShadowCloak","floor":30},{"not_picked":["hermit:Adapt","hermit:FinalCanter"],"picked":"hermit:HighNoon","floor":33},{"not_picked":["hermit:TrackingShot","hermit:Quickdraw"],"picked":"hermit:Glare+1","floor":34},{"not_picked":["hermit:LowProfile","hermit:Cheat","hermit:WideOpen"],"picked":"SKIP","floor":35}],"player_experience":111558,"relics_obtained":[{"floor":6,"key":"Simple Rune"},{"floor":9,"key":"Replay:Bottled Snecko"},{"floor":10,"key":"Regal Pillow"},{"floor":14,"key":"Juzu Bracelet"},{"floor":15,"key":"Blue Doll"},{"floor":28,"key":"Blood Vial"},{"floor":30,"key":"Shovel"},{"floor":32,"key":"Enchiridion"}],"event_choices":[{"damage_healed":0,"gold_gain":0,"player_choice":"Box","damage_taken":0,"relics_obtained":["Strawberry"],"max_hp_gain":0,"max_hp_loss":0,"event_name":"Big Fish","floor":0,"gold_loss":0,"cards_obtained":["Regret"]},{"cards_removed":["hermit:Enervate"],"damage_healed":0,"gold_gain":0,"player_choice":"Gave Card","damage_taken":0,"relics_obtained":["Vajra"],"max_hp_gain":0,"max_hp_loss":0,"event_name":"WeMeetAgain","floor":3,"gold_loss":0},{"damage_healed":0,"gold_gain":0,"player_choice":"Obtained Relic","damage_taken":0,"relics_obtained":["Replay:Towering Pillar of Hats"],"max_hp_gain":0,"max_hp_loss":0,"event_name":"Addict","floor":19,"gold_loss":85},{"damage_healed":0,"gold_gain":0,"player_choice":"Trade","damage_taken":0,"relics_obtained":["NlothsMask"],"max_hp_gain":0,"max_hp_loss":0,"event_name":"FaceTrader","floor":21,"gold_loss":0},{"damage_healed":0,"gold_gain":0,"player_choice":"Obtained Book","damage_taken":16,"max_hp_gain":0,"max_hp_loss":0,"event_name":"Cursed Tome","floor":32,"gold_loss":0},{"damage_healed":0,"gold_gain":0,"player_choice":"Forge","damage_taken":0,"max_hp_gain":0,"max_hp_loss":0,"event_name":"Accursed Blacksmith","floor":36,"gold_loss":0,"cards_upgraded":["hermit:Maintenance"]}],"is_beta":false,"boss_relics":[{"not_picked":["Velvet Choker","Busted Crown"],"picked":"hermit:DentedPlate"},{"not_picked":["Fusion Hammer","bronze:MakeshiftBattery"],"picked":"Tiny House"}],"items_purged_floors":[],"is_endless":false,"potions_floor_spawned":[4,6,11,18,28],"killed_by":"3 Darklings","ascension_level":0}}