{"host":"z4nt7tdd4gjrinn7","time":1614227858,"event":{"mods":["100% Spire Juice","BaseMod","Minty Spire (QoL Compilation)","StSLib"],"gold_per_floor":[111,111,129,404,12,43,56,31,55,242,266,278,290,302,314,425,437,465,477,224,236,254,254,106,106,106,122,122,122,139,89,89,191,191,209,55,70,116,116,116,116,116,116,116,129,92,92,122,122,122,122],"floor_reached":50,"language":"ENG","playtime":2150,"items_purged":["Regret"],"score":539,"play_id":"1ee45415-c781-4b58-8afc-7da8212f33d6","local_time":"20210224233738","is_ascension_mode":false,"campfire_choices":[{"data":"Chaos","floor":12,"key":"SMITH"},{"floor":15,"key":"REST"},{"floor":23,"key":"REST"},{"floor":25,"key":"REST"},{"floor":32,"key":"REST"},{"floor":40,"key":"REST"},{"floor":41,"key":"REST"},{"data":"Echo Form","floor":42,"key":"SMITH"},{"floor":47,"key":"REST"},{"floor":49,"key":"REST"}],"circlet_count":0,"master_deck":["Strike_B","Strike_B","Strike_B","Strike_B","Defend_B","Defend_B","Defend_B","Defend_B","Zap","Dualcast","Conserve Battery","Chaos+1","Doom and Gloom+1","Melter+1","Conserve Battery","Cold Snap+1","Ball Lightning+1","Biased Cognition","Static Discharge","White Noise","FTL+1","Go for the Eyes+1","Conserve Battery","Rip and Tear+1","Defragment","Storm","Echo Form+1","Sweeping Beam+1","Defragment","Doom and Gloom+1","Barrage+1","Scrape+1","Barrage+1"],"relics":["Cracked Core","NeowsBlessing","Molten Egg 2","Bag of Marbles","MawBank","Strawberry","SacredBark","Lantern","Regal Pillow","Letter Opener","MutagenicStrength","Black Star","Sling","WingedGreaves","Toxic Egg 2","Oddly Smooth Stone","Pantograph"],"acts_visited":["Exordium","TheCity","TheBeyond"],"potions_floor_usage":[16,33,33,37,38,38,38],"damage_taken":[{"damage":0,"enemies":"Cultist","floor":1,"turns":1},{"damage":0,"enemies":"Jaw Worm","floor":3,"turns":1},{"damage":0,"enemies":"Lagavulin","floor":6,"turns":1},{"damage":1,"enemies":"2 Louse","floor":7,"turns":3},{"damage":0,"enemies":"2 Fungi Beasts","floor":11,"turns":2},{"damage":4,"enemies":"The Guardian","floor":16,"turns":9},{"damage":11,"enemies":"2 Thieves","floor":18,"turns":4},{"damage":3,"enemies":"Chosen","floor":21,"turns":4},{"damage":27,"enemies":"Snake Plant","floor":22,"turns":4},{"damage":31,"enemies":"Shelled Parasite and Fungi","floor":27,"turns":3},{"damage":0,"enemies":"Sentry and Sphere","floor":30,"turns":3},{"damage":37,"enemies":"Collector","floor":33,"turns":6},{"damage":41,"enemies":"3 Shapes","floor":35,"turns":4},{"damage":12,"enemies":"Orb Walker","floor":37,"turns":4},{"damage":29,"enemies":"2 Orb Walkers","floor":38,"turns":3},{"damage":61,"enemies":"Transient","floor":45,"turns":5},{"damage":63,"enemies":"Nemesis","floor":48,"turns":7},{"damage":74,"enemies":"Awakened One","floor":50,"turns":3}],"seed_played":"3008744830235715585","potions_obtained":[{"floor":6,"key":"Block Potion"},{"floor":7,"key":"GamblersBrew"},{"floor":16,"key":"LiquidBronze"},{"floor":33,"key":"Weak Potion"},{"floor":35,"key":"DistilledChaos"},{"floor":37,"key":"LiquidBronze"}],"is_trial":false,"path_per_floor":["M","?","M","?","$","E","M","$","T","?","M","R","?","?","R","B",null,"M","?","$","M","M","R","$","R","T","M","?","?","M","$","R","B",null,"M","$","M","?","?","R","R","R","T","?","M","$","R","E","R","B"],"character_chosen":"DEFECT","items_purchased":["Molten Egg 2","Doom and Gloom+1","Cold Snap+1","Lantern","White Noise","FTL+1","Regal Pillow","ColorlessPotion","Sling","Scrape+1"],"campfire_rested":8,"item_purchase_floors":[5,5,8,20,20,20,24,31,36,46],"current_hp_per_floor":[75,75,75,75,75,75,74,74,74,74,74,74,78,71,82,78,82,71,55,55,52,25,51,51,87,87,56,56,56,56,56,87,50,87,46,46,34,5,5,46,87,87,87,87,26,26,67,4,45,0,0],"gold":122,"neow_bonus":"THREE_ENEMY_KILL","is_daily":false,"chose_seed":false,"campfire_upgraded":2,"win_rate":0.0,"timestamp":1614227858,"path_taken":["M","?","M","?","$","E","?","$","T","?","M","R","?","?","R","BOSS","M","?","$","M","M","R","$","R","T","M","?","?","?","?","R","BOSS","M","$","M","?","?","R","R","R","T","?","?","$","R","E","R","BOSS"],"items_purchased_type":["Relic","Card","Card","Relic","Card","Card","Relic","Potion","Relic","Card"],"build_version":"2020-12-22","purchased_purges":1,"victory":false,"max_hp_per_floor":[75,75,75,75,75,75,75,75,75,75,75,75,82,82,82,82,82,82,87,87,87,87,87,87,87,87,87,87,87,87,87,87,87,87,87,87,87,87,87,87,87,87,87,87,87,87,87,87,87,87,87],"card_choices":[{"not_picked":["Compile Driver","Streamline"],"picked":"Conserve Battery","floor":1},{"not_picked":["Undo","Beam Cell"],"picked":"Chaos","floor":3},{"not_picked":["Reinforced Body","Coolheaded"],"picked":"Melter+1","floor":6},{"not_picked":["Hello World","Hologram"],"picked":"Conserve Battery","floor":7},{"not_picked":["Stack","Beam Cell+1"],"picked":"Ball Lightning+1","floor":11},{"not_picked":["Seek","Machine Learning"],"picked":"Biased Cognition","floor":16},{"not_picked":["Compile Driver+1","Redo"],"picked":"Static Discharge","floor":18},{"not_picked":["Turbo+1","Coolheaded"],"picked":"Go for the Eyes+1","floor":21},{"not_picked":["Skim+1","Double Energy+1"],"picked":"Conserve Battery","floor":22},{"not_picked":["Sunder+1","Cold Snap+1"],"picked":"Rip and Tear+1","floor":27},{"not_picked":["Compile Driver+1","Genetic Algorithm+1"],"picked":"Storm","floor":30},{"not_picked":["Hyperbeam+1","Seek"],"picked":"Echo Form","floor":33},{"not_picked":["Consume","Storm"],"picked":"Sweeping Beam+1","floor":35},{"not_picked":["Conserve Battery+1","Hologram"],"picked":"Defragment","floor":37},{"not_picked":["Compile Driver+1","Ball Lightning+1"],"picked":"Doom and Gloom+1","floor":38},{"not_picked":["Compile Driver+1","Defragment+1"],"picked":"Barrage+1","floor":45},{"not_picked":["Hyperbeam+1","Hologram+1"],"picked":"Barrage+1","floor":48}],"player_experience":240761,"relics_obtained":[{"floor":6,"key":"Bag of Marbles"},{"floor":9,"key":"MawBank"},{"floor":26,"key":"Letter Opener"},{"floor":38,"key":"WingedGreaves"},{"floor":43,"key":"Toxic Egg 2"},{"floor":48,"key":"Oddly Smooth Stone"},{"floor":48,"key":"Pantograph"}],"event_choices":[{"damage_healed":0,"gold_gain":0,"player_choice":"Ignored","damage_taken":0,"max_hp_gain":0,"max_hp_loss":0,"event_name":"Shining Light","floor":2,"gold_loss":0},{"damage_healed":0,"gold_gain":275,"player_choice":"Desecrate","damage_taken":0,"max_hp_gain":0,"max_hp_loss":0,"event_name":"Golden Shrine","floor":4,"gold_loss":0,"cards_obtained":["Regret"]},{"damage_healed":0,"gold_gain":175,"player_choice":"AGREE","damage_taken":0,"max_hp_gain":0,"max_hp_loss":0,"event_name":"Liars Game","floor":10,"gold_loss":0,"cards_obtained":["Doubt"]},{"damage_healed":0,"gold_gain":0,"player_choice":"Success","damage_taken":3,"relics_obtained":["Strawberry"],"max_hp_gain":0,"max_hp_loss":0,"event_name":"Scrap Ooze","floor":13,"gold_loss":0},{"cards_removed":["Doubt"],"damage_healed":0,"gold_gain":0,"player_choice":"Card Removal","damage_taken":7,"max_hp_gain":0,"max_hp_loss":0,"event_name":"Golden Wing","floor":14,"gold_loss":0},{"damage_healed":0,"gold_gain":0,"player_choice":"Shed Blood","damage_taken":21,"max_hp_gain":5,"max_hp_loss":0,"event_name":"Forgotten Altar","floor":19,"gold_loss":0},{"damage_healed":0,"gold_gain":0,"player_choice":"Inject Mutagens","damage_taken":0,"relics_obtained":["MutagenicStrength"],"max_hp_gain":0,"max_hp_loss":0,"event_name":"Drug Dealer","floor":28,"gold_loss":0},{"damage_healed":0,"gold_gain":0,"player_choice":"Read","damage_taken":0,"max_hp_gain":0,"max_hp_loss":0,"event_name":"The Library","floor":29,"gold_loss":0,"cards_obtained":["Defragment"]},{"damage_healed":0,"gold_gain":0,"player_choice":"Fight","damage_taken":0,"max_hp_gain":0,"max_hp_loss":0,"event_name":"Mysterious Sphere","floor":38,"gold_loss":0},{"damage_healed":0,"gold_gain":0,"player_choice":"Ignored","damage_taken":0,"max_hp_gain":0,"max_hp_loss":0,"event_name":"Tomb of Lord Red Mask","floor":39,"gold_loss":0},{"damage_healed":0,"gold_gain":0,"player_choice":"Ignored","damage_taken":0,"max_hp_gain":0,"max_hp_loss":0,"event_name":"SecretPortal","floor":44,"gold_loss":0}],"is_beta":false,"boss_relics":[{"not_picked":["Astrolabe","FrozenCore"],"picked":"SacredBark"},{"not_picked":["Runic Dome","Busted Crown"],"picked":"Black Star"}],"items_purged_floors":[5],"is_endless":false,"potions_floor_spawned":[6,7,16,33,35,37],"killed_by":"Awakened One","ascension_level":0}}