{"host":"nptej036rrbiurf5","time":1614225636,"event":{"mods":["BaseMod","Colored Map","Colored Powertips","DeckTracker","Minty Spire (QoL Compilation)","StSLib","SuperFastMode"],"gold_per_floor":[113,113,126,146,146,146,156,183,183,233,233,245,4,4,4,76,76,88,88,88,88],"floor_reached":20,"language":"KOR","playtime":347,"items_purged":["Strike_G"],"score":444,"play_id":"9a19cd83-61ec-49f3-9827-c7c01873e830","local_time":"20210225130036","is_ascension_mode":true,"campfire_choices":[{"data":"Envenom","floor":6.0,"key":"SMITH"},{"data":"Catalyst","floor":11.0,"key":"SMITH"},{"data":"Blade Dance","floor":15.0,"key":"SMITH"}],"circlet_count":0,"master_deck":["AscendersBane","Strike_G","Defend_G","Defend_G","Defend_G","Defend_G","Defend_G","Survivor","Neutralize","Envenom+1","Skewer","Catalyst+1","Distraction","Endless Agony","Backstab","Acrobatics","Blade Dance+1","Crippling Poison","Predator","Noxious Fumes","Dodge and Roll","Corpse Explosion","Blade Dance","Necronomicurse"],"relics":["Ring of the Snake","Question Card","Blue Candle","Ancient Tea Set","Orrery","Empty Cage","Necronomicon"],"acts_visited":["Exordium","TheCity"],"potions_floor_usage":[],"damage_taken":[{"damage":4.0,"enemies":"Small Slimes","floor":1.0,"turns":5.0},{"damage":9.0,"enemies":"Cultist","floor":3.0,"turns":5.0},{"damage":0.0,"enemies":"Jaw Worm","floor":4.0,"turns":4.0},{"damage":22.0,"enemies":"Blue Slaver","floor":7.0,"turns":4.0},{"damage":8.0,"enemies":"Gremlin Nob","floor":8.0,"turns":3.0},{"damage":0.0,"enemies":"Looter","floor":12.0,"turns":2.0},{"damage":0.0,"enemies":"Slime Boss","floor":16.0,"turns":5.0},{"damage":18,"enemies":"Chosen","floor":18,"turns":5},{"damage":0,"enemies":"Shell Parasite","floor":20,"turns":1}],"seed_played":"5528950298881140394","potions_obtained":[{"floor":3.0,"key":"FearPotion"},{"floor":4.0,"key":"PowerPotion"},{"floor":8.0,"key":"FearPotion"}],"is_trial":false,"path_per_floor":["M","?","M","M","?","R","M","E","T","T","R","M","$","?","R","B",null,"M","?","M"],"character_chosen":"THE_SILENT","items_purchased":["Orrery"],"campfire_rested":0,"item_purchase_floors":[13],"current_hp_per_floor":[55,55,46,46,66,66,44,36,36,36,36,36,36,36,36,36,59,41,20,20,20],"gold":88,"neow_bonus":"ONE_RANDOM_RARE_CARD","is_daily":false,"chose_seed":false,"campfire_upgraded":3,"win_rate":0.0,"timestamp":1614225636,"path_taken":["M","?","?","?","?","R","M","E","T","?","R","M","?","?","R","BOSS","M","?","M"],"items_purchased_type":["Relic"],"build_version":"2020-12-22","purchased_purges":1,"victory":false,"max_hp_per_floor":[66,66,66,66,66,66,66,66,66,66,66,66,66,66,66,66,66,66,66,66,66],"card_choices":[{"not_picked":["Dodge and Roll","Backflip"],"picked":"Skewer","floor":1.0},{"not_picked":["Catalyst","Dodge and Roll"],"picked":"Distraction","floor":3.0},{"not_picked":["Skewer","Acrobatics","Dodge and Roll"],"picked":"SKIP","floor":4.0},{"not_picked":["Underhanded Strike","Catalyst"],"picked":"Endless Agony","floor":7.0},{"not_picked":["Sucker Punch","Quick Slash"],"picked":"Backstab","floor":8.0},{"not_picked":["Underhanded Strike","Heel Hook","Tools of the Trade"],"picked":"Acrobatics","floor":12.0},{"not_picked":["Dodge and Roll","Expertise","Predator"],"picked":"Blade Dance","floor":13.0},{"not_picked":["Venomology","Outmaneuver","Sucker Punch"],"picked":"Crippling Poison","floor":13.0},{"not_picked":["Outmaneuver","Bane","Unload"],"picked":"Predator","floor":13.0},{"not_picked":["Infinite Blades","Dodge and Roll","Flying Knee"],"picked":"Noxious Fumes","floor":13.0},{"not_picked":["Deadly Poison","Infinite Blades","Expertise"],"picked":"Dodge and Roll","floor":13.0},{"not_picked":["Night Terror","Storm of Steel","Tools of the Trade"],"picked":"Corpse Explosion","floor":16.0},{"not_picked":["Concentrate","Dagger Spray","Underhanded Strike"],"picked":"Blade Dance","floor":18}],"player_experience":1035153,"relics_obtained":[{"floor":8.0,"key":"Question Card"},{"floor":9.0,"key":"Blue Candle"},{"floor":10.0,"key":"Ancient Tea Set"},{"floor":19,"key":"Necronomicon"}],"event_choices":[{"damage_healed":0.0,"max_hp_gain":0.0,"max_hp_loss":0.0,"gold_gain":0.0,"cards_transformed":["Strike_G"],"event_name":"Transmorgrifier","player_choice":"Transformed","floor":2.0,"gold_loss":0.0,"damage_taken":0.0,"cards_obtained":["Catalyst"]},{"damage_healed":22.0,"max_hp_gain":0.0,"max_hp_loss":0.0,"gold_gain":0.0,"event_name":"Big Fish","player_choice":"Banana","floor":5.0,"gold_loss":0.0,"damage_taken":0.0},{"damage_healed":0.0,"max_hp_gain":0.0,"max_hp_loss":0.0,"gold_gain":0.0,"event_name":"Liars Game","player_choice":"Ignored","floor":14.0,"gold_loss":0.0,"damage_taken":0.0},{"damage_healed":0,"gold_gain":0,"player_choice":"Obtained Book","damage_taken":21,"max_hp_gain":0,"max_hp_loss":0,"event_name":"Cursed Tome","floor":19,"gold_loss":0}],"is_beta":false,"boss_relics":[{"not_picked":["SacredBark","Astrolabe"],"picked":"Empty Cage"}],"items_purged_floors":[13],"is_endless":false,"potions_floor_spawned":[3,4,7,8],"killed_by":"Shell Parasite","ascension_level":20}}