{"host":"prxrhpgaxnj4om9r","time":1614248282,"event":{"mods":["AchievementEnabler","BaseMod","Colored Map","DeckTracker","Minty Spire (QoL Compilation)"],"gold_per_floor":[110,126,136,151,162,162,237,265,291,291,291],"floor_reached":10,"language":"KOR","playtime":497,"items_purged":[],"score":95,"play_id":"80975df3-8d2f-4fe6-9f96-7f23d0836f7d","local_time":"20210225191802","is_ascension_mode":true,"campfire_choices":[{"floor":6,"key":"REST"}],"circlet_count":0,"master_deck":["Strike_G","Strike_G","Strike_G","Strike_G","Strike_G","Defend_G","Defend_G","Defend_G","Defend_G","Defend_G","Survivor","Neutralize","Masterful Stab","Escape Plan","Cloak And Dagger","Dash","Deflect","Backflip"],"relics":["Ring of the Snake","MealTicket","Akabeko","Smiling Mask"],"acts_visited":["Exordium"],"potions_floor_usage":[4,4,10],"damage_taken":[{"damage":8,"enemies":"Cultist","floor":1,"turns":5},{"damage":0,"enemies":"2 Louse","floor":2,"turns":3},{"damage":9,"enemies":"Jaw Worm","floor":3,"turns":3},{"damage":3,"enemies":"Looter","floor":4,"turns":2},{"damage":33,"enemies":"Gremlin Gang","floor":5,"turns":6},{"damage":18,"enemies":"3 Sentries","floor":8,"turns":10},{"damage":17,"enemies":"Gremlin Nob","floor":10,"turns":3}],"seed_played":"7190084656474244197","potions_obtained":[{"floor":1,"key":"Poison Potion"},{"floor":2,"key":"PowerPotion"},{"floor":8,"key":"Weak Potion"}],"is_trial":false,"path_per_floor":["M","M","M","M","M","R","?","E","T","E"],"character_chosen":"THE_SILENT","items_purchased":[],"campfire_rested":1,"item_purchase_floors":[],"current_hp_per_floor":[55,55,46,43,10,31,20,2,2,0,0],"gold":291,"neow_bonus":"RANDOM_COMMON_RELIC","is_daily":false,"chose_seed":false,"campfire_upgraded":0,"win_rate":0.0,"timestamp":1614248282,"path_taken":["M","M","M","M","?","R","?","E","T","E"],"items_purchased_type":[],"build_version":"2020-12-22","purchased_purges":0,"victory":false,"max_hp_per_floor":[70,70,70,70,70,70,70,70,70,70,70],"card_choices":[{"not_picked":["Heel Hook","Finisher"],"picked":"Masterful Stab","floor":1},{"not_picked":["Quick Slash","Acrobatics"],"picked":"Escape Plan","floor":2},{"not_picked":["Caltrops","Acrobatics"],"picked":"Cloak And Dagger","floor":3},{"not_picked":["Expertise","Outmaneuver"],"picked":"Dash","floor":4},{"not_picked":["Dagger Throw","Slice"],"picked":"Deflect","floor":5},{"not_picked":["Dagger Throw","Endless Agony"],"picked":"Backflip","floor":8}],"player_experience":650924,"relics_obtained":[{"floor":8,"key":"Akabeko"},{"floor":9,"key":"Smiling Mask"}],"event_choices":[{"damage_healed":0,"gold_gain":75,"player_choice":"Gather Gold","damage_taken":11,"max_hp_gain":0,"max_hp_loss":0,"event_name":"World of Goop","floor":7,"gold_loss":0}],"is_beta":false,"boss_relics":[],"items_purged_floors":[],"is_endless":false,"potions_floor_spawned":[1,2,8],"killed_by":"Gremlin Nob","ascension_level":7}}