{"host":"og21o26alpnbwmz8","time":1614291091,"event":{"mods":["100% Spire Juice","2.2 Compatiblity","Act Like it!","Aspiration","BaseMod","Conspire","Downfall","Gensokyo","Halation","Hermit","Hubris","Jedi Mod","Mimic Mod","Minty Spire (QoL Compilation)","Pale of the Ancients","Reliquary","Replay The Spire","Shop Mod","Spikes Relics","StSLib","The Alterego","The Animator","The Blue Laboratory","The Bug Knight","The Clintock","The Construct","Waifu the Spire","Yuri Mod"],"gold_per_floor":[114,114,124,124,49,77,77,77,94,94,147,147,167,167,185,197,197,300,300,314,140,158,158,158,158],"floor_reached":24,"language":"ENG","playtime":501,"items_purged":["Strike_B","Strike_B"],"score":221,"play_id":"d455b3df-9e60-4e33-a11d-db5227e3e5be","local_time":"20210225171131","is_ascension_mode":false,"campfire_choices":[{"data":"Crystallizer","floor":10,"key":"SMITH"},{"data":"Zap","floor":12,"key":"SMITH"},{"data":"RefreshScreen","floor":14,"key":"SMITH"},{"data":"Static Discharge","floor":17,"key":"SMITH"}],"circlet_count":0,"master_deck":["Defend_B","Defend_B","Defend_B","Defend_B","Zap+1","Dualcast","RefreshScreen+1","Crystallizer+1","Static Discharge+1","ReplayGash","Echo Form","Defragment+1","FIFO Queue","jedi:overflow"],"relics":["Cracked Core","NeowsBlessing","DataDisk","hubris:TenFootPole","conspire:SeveredTorchhead"],"acts_visited":["Exordium","TheCity"],"potions_floor_usage":[13,24],"damage_taken":[{"damage":0,"enemies":"2 Louse","floor":1,"turns":1},{"damage":0,"enemies":"Jaw Worm","floor":3,"turns":1},{"damage":0,"enemies":"Lagavulin","floor":6,"turns":1},{"damage":0,"enemies":"Cultist","floor":9,"turns":4},{"damage":0,"enemies":"Gremlin Gang","floor":13,"turns":2},{"damage":7,"enemies":"Blue Slaver","floor":15,"turns":4},{"damage":8,"enemies":"Red Slaver","floor":16,"turns":3},{"damage":27,"enemies":"Slime Boss","floor":18,"turns":7},{"damage":38,"enemies":"2 Thieves","floor":20,"turns":4},{"damage":20,"enemies":"Shell Parasite","floor":22,"turns":5},{"damage":22,"enemies":"Sentry and Sphere","floor":24,"turns":3}],"seed_played":"3288850357939954625","potions_obtained":[{"floor":3,"key":"Explosive Potion"},{"floor":13,"key":"bronze:BurnAndBuffPotion"},{"floor":20,"key":"PowerPotion"}],"is_trial":false,"path_per_floor":["M","?","M","?","$","E","PTL","PTL","M","R","T","R","M","R","M","M","R","B",null,"M","$","M","?","M"],"character_chosen":"DEFECT","items_purchased":["FIFO Queue"],"campfire_rested":0,"item_purchase_floors":[21],"current_hp_per_floor":[75,75,75,75,75,75,75,75,75,75,75,75,75,75,68,60,60,33,75,37,37,17,17,0,0],"gold":158,"neow_bonus":"THREE_ENEMY_KILL","is_daily":false,"chose_seed":false,"campfire_upgraded":4,"win_rate":0.0,"timestamp":1614291091,"path_taken":["M","?","M","?","$","E","PTL","PTL","M","R","T","R","M","R","M","M","R","BOSS","M","$","M","?","?"],"items_purchased_type":["Card"],"build_version":"2020-12-22","purchased_purges":2,"victory":false,"max_hp_per_floor":[75,75,75,75,75,75,75,75,75,75,75,75,75,75,75,75,75,75,75,75,75,75,75,75,75],"card_choices":[{"not_picked":["Leap","Coolheaded","Turbo"],"picked":"SKIP","floor":1},{"not_picked":["Compile Driver","Scrape"],"picked":"RefreshScreen","floor":3},{"not_picked":["Darkness","Heatsinks"],"picked":"Crystallizer","floor":6},{"not_picked":["Sweeping Beam","Darkness"],"picked":"Static Discharge","floor":9},{"not_picked":["BasicCrystalCard","jedi:BurstLightning"],"picked":"ReplayGash","floor":13},{"not_picked":["Stack","Rebound","Melter"],"picked":"SKIP","floor":15},{"not_picked":["Stack","Recycle"],"picked":"Echo Form","floor":16},{"not_picked":["jedi:markofdeath","jedi:locknload"],"picked":"Defragment+1","floor":20},{"not_picked":["Rebound","Turbo"],"picked":"jedi:overflow","floor":22}],"player_experience":471946,"relics_obtained":[{"floor":6,"key":"DataDisk"},{"floor":11,"key":"hubris:TenFootPole"}],"event_choices":[{"cards_removed":["Strike_B"],"damage_healed":0,"gold_gain":0,"player_choice":"Forget","damage_taken":0,"max_hp_gain":0,"max_hp_loss":0,"event_name":"Living Wall","floor":2,"gold_loss":0},{"damage_healed":0,"gold_gain":0,"player_choice":"Bought 0 Potions","damage_taken":0,"max_hp_gain":0,"max_hp_loss":0,"event_name":"The Woman in Blue","floor":4,"gold_loss":0},{"cards_removed":["Strike_B"],"damage_healed":0,"gold_gain":0,"player_choice":"Purged","damage_taken":0,"max_hp_gain":0,"max_hp_loss":0,"event_name":"Purifier","floor":23,"gold_loss":0}],"is_beta":false,"boss_relics":[{"not_picked":["conspire:RunicOctahedron","Snecko Eye"],"picked":"conspire:SeveredTorchhead"}],"items_purged_floors":[5,21],"is_endless":false,"potions_floor_spawned":[3,13,20],"killed_by":"Sentry and Sphere","ascension_level":0}}