{"host":"zp8jvycvinn13jdb","time":1614294266,"event":{"mods":["BaseMod","Better Match","Colored Powertips","Downfall","Googly Eyes","Hermit","Minty Spire (QoL Compilation)","Rare Cards Sparkle","Relic Stats","StSLib","SuperFastMode","Synergy Search","The Bug Knight","The Cursed"],"gold_per_floor":[118,130,305,331,281,281,299,314,314,329,15,15,30,50,50,150,150,163,163,175,190,11,11,25,44,67,67,97,108,108,33,33,33,33],"floor_reached":33,"language":"ENG","playtime":1283,"items_purged":["Night Terror"],"score":261,"play_id":"93aa0927-78b7-4099-9bbc-d24abffeb227","local_time":"20210225180426","is_ascension_mode":false,"campfire_choices":[{"data":"Bouncing Flask","floor":6,"key":"SMITH"},{"floor":15,"key":"REST"},{"floor":23,"key":"REST"},{"floor":27,"key":"REST"},{"floor":32,"key":"REST"}],"circlet_count":0,"master_deck":["Survivor","Neutralize","Catalyst+1","Deflect","Bouncing Flask+1","Dodge and Roll","Quick Slash","Deadly Poison","Finesse","Terror","Slice+1","Corpse Explosion","Phantasmal Killer","Footwork","Deflect","Catalyst","Infinite Blades","Flying Knee","Dagger Throw+1","Bane+1","Deadly Poison","Noxious Fumes+1","Crippling Poison"],"relics":["Ring of the Snake","Orichalcum","The Courier","Thread and Needle","Pandora\u0027s Box","Lantern","Whetstone","Potion Belt"],"acts_visited":["Exordium","TheCity"],"potions_floor_usage":[16,16,33],"damage_taken":[{"damage":9,"enemies":"Cultist","floor":1,"turns":5},{"damage":8,"enemies":"2 Louse","floor":2,"turns":3},{"damage":5,"enemies":"Jaw Worm","floor":7,"turns":2},{"damage":6,"enemies":"Looter","floor":8,"turns":2},{"damage":0,"enemies":"Large Slime","floor":10,"turns":5},{"damage":0,"enemies":"Red Slaver","floor":13,"turns":4},{"damage":0,"enemies":"Looter","floor":14,"turns":3},{"damage":13,"enemies":"Hexaghost","floor":16,"turns":6},{"damage":0,"enemies":"Chosen","floor":18,"turns":3},{"damage":12,"enemies":"2 Thieves","floor":20,"turns":3},{"damage":14,"enemies":"Centurion and Healer","floor":21,"turns":3},{"damage":11,"enemies":"3 Cultists","floor":24,"turns":4},{"damage":5,"enemies":"Snake Plant","floor":25,"turns":2},{"damage":29,"enemies":"Gremlin Leader","floor":28,"turns":4},{"damage":28,"enemies":"Sentry and Sphere","floor":29,"turns":5},{"damage":57,"enemies":"Automaton","floor":33,"turns":6}],"seed_played":"-1354437783518431357","potions_obtained":[{"floor":1,"key":"CultistPotion"},{"floor":2,"key":"Energy Potion"},{"floor":7,"key":"SkillPotion"},{"floor":20,"key":"SkillPotion"},{"floor":24,"key":"AttackPotion"}],"is_trial":false,"path_per_floor":["M","M","?","T","?","R","M","M","T","M","$","?","M","M","R","B",null,"M","?","M","M","$","R","M","M","T","R","E","M","?","?","R","B"],"character_chosen":"THE_SILENT","items_purchased":["Finesse","Thread and Needle","Lantern"],"campfire_rested":4,"item_purchase_floors":[11,11,22],"current_hp_per_floor":[61,53,53,53,53,53,48,42,42,42,42,42,42,42,63,50,70,70,70,58,44,44,65,54,49,49,70,41,13,13,13,34,0,0],"gold":33,"neow_bonus":"TRANSFORM_CARD","is_daily":false,"chose_seed":false,"campfire_upgraded":1,"win_rate":0.0,"timestamp":1614294266,"path_taken":["M","?","?","?","?","R","M","M","T","M","$","?","?","M","R","BOSS","M","?","M","M","$","R","M","M","T","R","E","M","?","?","R","BOSS"],"items_purchased_type":["Card","Relic","Relic"],"build_version":"2020-12-22","purchased_purges":1,"victory":false,"max_hp_per_floor":[70,70,70,70,70,70,70,70,70,70,70,70,70,70,70,70,70,70,70,70,70,70,70,70,70,70,70,70,70,70,70,70,70,70],"relic_stats":{"counters":[16,60],"Pandora\u0027s Box":["Phantasmal Killer","Footwork","Night Terror","Deflect","Catalyst","Eviscerate","Infinite Blades","Flying Knee","Dagger Throw"],"Whetstone":["Slice","Dagger Throw"],"Orichalcum":[54],"obtain_stats":[{"Potion Belt":28,"Lantern":22,"Thread and Needle":11,"Pandora\u0027s Box":17,"The Courier":9,"Whetstone":26,"Orichalcum":4,"Ring of the Snake":0},{"Potion Belt":14,"Lantern":11,"Thread and Needle":5,"Pandora\u0027s Box":8,"The Courier":4,"Whetstone":13,"Orichalcum":2,"Ring of the Snake":0},{"Potion Belt":49,"Lantern":39,"Thread and Needle":17,"Pandora\u0027s Box":30,"The Courier":12,"Whetstone":45,"Orichalcum":8,"Ring of the Snake":0}],"Ring of the Snake":[32]},"card_choices":[{"not_picked":["Endless Agony","Dagger Throw"],"picked":"Deflect","floor":1},{"not_picked":["Acrobatics","Backflip"],"picked":"Bouncing Flask","floor":2},{"not_picked":["Dash","Acrobatics"],"picked":"Dodge and Roll","floor":7},{"not_picked":["Blade Dance","Choke"],"picked":"Quick Slash","floor":8},{"not_picked":["Tactician","Catalyst"],"picked":"Deadly Poison","floor":10},{"not_picked":["Endless Agony","Underhanded Strike"],"picked":"Terror","floor":13},{"not_picked":["Blade Dance","PiercingWail"],"picked":"Slice","floor":14},{"not_picked":["Envenom","Glass Knife"],"picked":"Corpse Explosion","floor":16},{"not_picked":["Finisher","Backflip+1"],"picked":"Bane+1","floor":18},{"not_picked":["Acrobatics","Blade Dance","Quick Slash+1"],"picked":"SKIP","floor":20},{"not_picked":["Quick Slash","Skewer","Eviscerate"],"picked":"SKIP","floor":21},{"not_picked":["Slice","Backstab","Cloak And Dagger"],"picked":"SKIP","floor":24},{"not_picked":["Bane+1","Dagger Spray+1"],"picked":"Noxious Fumes+1","floor":25},{"not_picked":["Bullet Time","Phantasmal Killer","Backstab"],"picked":"SKIP","floor":28},{"not_picked":["Acrobatics","Slice+1"],"picked":"Crippling Poison","floor":29}],"player_experience":197027,"relics_obtained":[{"floor":4,"key":"Orichalcum"},{"floor":9,"key":"The Courier"},{"floor":26,"key":"Whetstone"},{"floor":28,"key":"Potion Belt"}],"event_choices":[{"damage_healed":0,"gold_gain":175,"player_choice":"AGREE","damage_taken":0,"max_hp_gain":0,"max_hp_loss":0,"event_name":"Liars Game","floor":3,"gold_loss":0,"cards_obtained":["Doubt"]},{"cards_removed":["Doubt"],"damage_healed":0,"gold_gain":0,"player_choice":"Card Removal","damage_taken":0,"max_hp_gain":0,"max_hp_loss":0,"event_name":"The Cleric","floor":5,"gold_loss":50},{"damage_healed":0,"gold_gain":0,"player_choice":"Forge","damage_taken":0,"max_hp_gain":0,"max_hp_loss":0,"event_name":"Accursed Blacksmith","floor":12,"gold_loss":0,"cards_upgraded":["Catalyst"]},{"damage_healed":0,"gold_gain":0,"player_choice":"Read","damage_taken":0,"max_hp_gain":0,"max_hp_loss":0,"event_name":"The Library","floor":19,"gold_loss":0,"cards_obtained":["Deadly Poison"]},{"damage_healed":0,"gold_gain":0,"player_choice":"Ignored","damage_taken":0,"max_hp_gain":0,"max_hp_loss":0,"event_name":"Cursed Tome","floor":30,"gold_loss":0},{"cards_removed":["Eviscerate"],"damage_healed":0,"gold_gain":0,"player_choice":"Gave Gold","damage_taken":0,"max_hp_gain":0,"max_hp_loss":0,"event_name":"Beggar","floor":31,"gold_loss":75}],"is_beta":false,"boss_relics":[{"not_picked":["Velvet Choker","Runic Pyramid"],"picked":"Pandora\u0027s Box"}],"items_purged_floors":[22],"is_endless":false,"potions_floor_spawned":[1,2,7,20,24,25],"killed_by":"Automaton","ascension_level":0}}