{"host":"o5lch9xvacbb0fa4","time":1614270399,"event":{"mods":["AchievementEnabler","Act Like it!","Aspiration","BaseMod","Better Altar","Better Match","Better Note","Better Sensory Stone","Better Skull","Better Third Choice","Better Vampires","BetterRewards","CCEM","Colored Map","Conspire","Downfall","GifTheSpireLib","Googly Eyes","GungeonMod","Halation","Hermit","Highlight Path","Hubris","Infinite Spire","Jedi Mod","Jorbs\u0027s Wanderer Trilogy","Marisa????????","Marked Mod","Mimic Mod","Minty Spire (QoL Compilation)","Permanent Neow","Relic Filter","Relic Sorter","Relic Stats","Replay The Spire","Shade Mod","Shop Mod","Small Relic Pack","StSLib","Stuff the Spire","The Blackbeard","The Cursed","The Runesmith","Unceasing Turn Reminder","everything is the same but u backflip on backflip","slay the spire mod where everything is the same but ironclad has a cowboy hat"],"gold_per_floor":[114,133,148,160,175,208,208,208,208,208,208,208,218,253,253,253,253],"floor_reached":16,"playtime":624,"items_purged":[],"score":112,"play_id":"e38996f1-7ad8-472d-92a9-481ecddfc575","local_time":"20210226002639","is_ascension_mode":false,"campfire_choices":[{"floor":12,"key":"REST"}],"circlet_count":0,"master_deck":["Shade:Strike_Shade","Shade:Strike_Shade","Shade:Strike_Shade","Shade:Strike_Shade","Shade:Defend_Shade","Shade:Defend_Shade","Shade:Defend_Shade","Shade:Defend_Shade","Shade:AnimateDead","Shade:CarefulCut","hexamod:GhostflameBarrier","Shade:StitchTogether","Shade:AblativeArmor","hexamod:Firestarter","Shade:Bite_Shade","Shade:Bonestorm","Regret","Burn","Injury","Shade:CommandSoldier+1","Shade:Bonestorm+1"],"relics":["Shade:YorickSkull","aspiration:Nostalgia","m_HexaRing","hubris:SlimyHat","halation:SelfBoilingWater","Molten Egg 2","Toxic Egg 2","conspire:BottledYoYo","CCEMRelics:Pendulum","halation:PinkSoulGem"],"acts_visited":["Exordium"],"potions_floor_usage":[14,16],"damage_taken":[{"damage":1.0,"enemies":"2 Louse","floor":1.0,"turns":3.0},{"damage":0.0,"enemies":"conspire:RoseBush","floor":2.0,"turns":4.0},{"damage":0.0,"enemies":"Jaw Worm","floor":3.0,"turns":4.0},{"damage":3.0,"enemies":"3 Louse","floor":4.0,"turns":5.0},{"damage":3,"enemies":"Looter","floor":5,"turns":4},{"damage":50,"enemies":"3 Sentries","floor":6,"turns":11},{"damage":9,"enemies":"Exordium Wildlife","floor":13,"turns":4},{"damage":10,"enemies":"Gremlin Nob","floor":14,"turns":3},{"damage":24,"enemies":"The Guardian","floor":16,"turns":6}],"seed_played":"-8942095790836818129","potions_obtained":[{"floor":2.0,"key":"Swift Potion"},{"floor":6,"key":"Adrenaline Potion"},{"floor":13,"key":"jedi:wingpotion"},{"floor":14,"key":"Swift Potion"}],"is_trial":false,"path_per_floor":["M","M","M","M","M","E","?","?","T","?","?","R","M","E","R_BF","B"],"character_chosen":"SHADE","items_purchased":[],"campfire_rested":1,"item_purchase_floors":[],"current_hp_per_floor":[64,64,64,61,58,22,22,22,22,22,6,25,25,15,15,0,0],"gold":253,"neow_bonus":"NOSTALGIA","is_daily":false,"chose_seed":false,"campfire_upgraded":0,"win_rate":0.0,"timestamp":1614270399,"path_taken":["M","M","M","M","M","E","?","?","T","?","?","R","M","E","R_BF","BOSS"],"items_purchased_type":[],"build_version":"2020-12-13","purchased_purges":0,"victory":false,"max_hp_per_floor":[65,65,65,65,65,65,65,65,65,65,65,65,65,65,65,65,65],"relic_stats":{"counters":[9,44],"obtain_stats":[{"Shade:YorickSkull":0,"aspiration:Nostalgia":0,"CCEMRelics:Pendulum":14,"Molten Egg 2":9,"DemoMod:GlassGuonStoneRelic":13,"hubris:SlimyHat":6,"conspire:BottledYoYo":11,"Toxic Egg 2":10,"halation:SelfBoilingWater":7,"halation:PinkSoulGem":15,"m_HexaRing":0},{"Shade:YorickSkull":0,"aspiration:Nostalgia":0,"CCEMRelics:Pendulum":8,"Molten Egg 2":6,"DemoMod:GlassGuonStoneRelic":7,"hubris:SlimyHat":6,"conspire:BottledYoYo":6,"Toxic Egg 2":6,"halation:SelfBoilingWater":6,"halation:PinkSoulGem":8,"m_HexaRing":0},{"Shade:YorickSkull":0,"aspiration:Nostalgia":0,"CCEMRelics:Pendulum":38,"Molten Egg 2":31,"DemoMod:GlassGuonStoneRelic":35,"hubris:SlimyHat":31,"conspire:BottledYoYo":31,"Toxic Egg 2":31,"halation:SelfBoilingWater":31,"halation:PinkSoulGem":38,"m_HexaRing":0}]},"card_choices":[{"not_picked":["Shade:ExtraLimbs","Shade:SpectralStrikes"],"picked":"hexamod:GhostflameBarrier","floor":1.0},{"not_picked":["Shade:CoffinDance","Shade:SkeletonHug"],"picked":"Shade:StitchTogether","floor":2.0},{"not_picked":["Bouncing Flask","Shade:Frenzy"],"picked":"Shade:AblativeArmor","floor":3.0},{"not_picked":["Deadly Poison","Shade:SkeletonArmy"],"picked":"hexamod:Firestarter","floor":4.0},{"not_picked":["Shade:WallOfFlesh","Shade:ClawBack"],"picked":"Shade:Bite_Shade","floor":5},{"not_picked":["Shade:Brains","Shade:Trample"],"picked":"Shade:Bonestorm","floor":6},{"not_picked":["Shade:SensePrey+1","Shade:CloudOfShrapnel+1"],"picked":"Shade:CommandSoldier+1","floor":13},{"not_picked":["Shade:FuneraryArmor+1","Shade:Trample+1"],"picked":"Shade:Bonestorm+1","floor":14}],"player_experience":68735,"relics_obtained":[{"floor":6,"key":"hubris:SlimyHat"},{"floor":9,"key":"Molten Egg 2"},{"floor":14,"key":"CCEMRelics:Pendulum"}],"event_choices":[{"damage_healed":0,"gold_gain":0,"player_choice":"Box","damage_taken":0,"relics_obtained":["halation:SelfBoilingWater"],"max_hp_gain":0,"max_hp_loss":0,"event_name":"Big Fish","floor":7,"gold_loss":0,"cards_obtained":["Regret"]},{"damage_healed":22,"gold_gain":0,"player_choice":"Embrace Burn","damage_taken":0,"max_hp_gain":0,"max_hp_loss":65,"event_name":"betterThird:BetterShining","floor":8,"gold_loss":0},{"damage_healed":0,"gold_gain":1,"player_choice":"Relic ","damage_taken":16,"max_hp_gain":0,"max_hp_loss":0,"event_name":"betterThird:BetterScrap","floor":11,"gold_loss":0,"cards_obtained":["StuffTheSpire:CleanHardDrive"]}],"is_beta":false,"boss_relics":[],"items_purged_floors":[],"is_endless":false,"potions_floor_spawned":[2,6,13,14],"killed_by":"The Guardian","ascension_level":0}}