{"host":"strpjp9enjjpooof","time":1614250429,"event":{"mods":["Aspiration","BaseMod","Better Altar","Better Match","Better Note","Better Sensory Stone","Better Skull","Better Third Choice","Colored Powertips","Conspire","Energized Spire","Force Act Four","GifTheSpireLib","Halation","Hubris","Lobotomy","Minty Spire (QoL Compilation)","Relic Filter Mod","Reliquary","Replay The Spire","Spicy Shops","Spikes Relics","StSLib","Stuff the Spire","The Blue Laboratory","The Jungle","The Saiyan","Together in Spire"],"gold_per_floor":[109,119,131,131,56,84,94,104,104,133,408,15,15,34,122,223,223,234,245,245,257,267,267,292,292,317,317,317,25,124,137,137,242,242,252,252,38,48,20,20,45,45,45,79,9,20,31,48,48,48,22092,21522,18122],"floor_reached":54,"language":"ENG","playtime":3614,"items_purged":["Regret"],"score":1027,"play_id":"277faa39-af35-45a6-98b4-deca90632a43","local_time":"20210225015349","is_ascension_mode":false,"campfire_choices":[{"data":"Flame Barrier","floor":13.0,"key":"SMITH"},{"floor":23,"key":"RECALL"},{"data":"Shockwave","floor":25,"key":"SMITH"},{"data":"Rampage","floor":27,"key":"SMITH"},{"data":"Ghostly Armor","floor":32,"key":"SMITH"},{"data":"Whirlwind","floor":40,"key":"SMITH"},{"data":"Infernal Blade","floor":42,"key":"SMITH"},{"data":"Whirlwind","floor":50,"key":"SMITH"}],"circlet_count":0,"master_deck":["Strike_R","Strike_R","Strike_R","Strike_R","Strike_R","Defend_R","Defend_R","Defend_R","Defend_R","Bash","Corruption","Shockwave+1","Thunderclap","Flame Barrier+1","Sword Boomerang+1","Thunderclap+1","Warcry+1","Spot Weakness","StuffTheSpire:Incineration","Metallicize","Havoc","Heavy Blade","Hemogenesis","Rampage+1","Thunderclap","Body Slam+1","Shockwave+1","Thunderclap","Entrench","Ghostly Armor+1","Wild Strike+1","Juggernaut","Rampage","ReplayTheSpireMod:IOU","ReplayTheSpireMod:IOU","Infernal Blade+1","Flex","Dual Wield","ReplayTheSpireMod:IOU","Whirlwind+1","Whirlwind+1","ReplayTheSpireMod:IOU","ReplayTheSpireMod:IOU","ReplayTheSpireMod:IOU","ReplayTheSpireMod:IOU","hubris:ReadiedAction","Iron Wave+1","ReplayTheSpireMod:IOU","ReplayTheSpireMod:IOU","ReplayTheSpireMod:IOU","Pummel","Perfected Strike","ReplayTheSpireMod:Stacked+1","Headbutt","ReplayTheSpireMod:IOU","ReplayTheSpireMod:IOU","ReplayTheSpireMod:IOU","ReplayTheSpireMod:IOU","ReplayTheSpireMod:IOU","ReplayTheSpireMod:IOU","ReplayTheSpireMod:IOU","ReplayTheSpireMod:IOU","ReplayTheSpireMod:IOU","ReplayTheSpireMod:IOU","ReplayTheSpireMod:IOU","ReplayTheSpireMod:IOU","ReplayTheSpireMod:IOU","ReplayTheSpireMod:IOU","ReplayTheSpireMod:IOU","ReplayTheSpireMod:IOU","ReplayTheSpireMod:IOU","ReplayTheSpireMod:IOU","ReplayTheSpireMod:IOU","conspire:HitWhereItHurts","Discovery","Secret Technique","Sever Soul","Havoc","True Grit","Fire Breathing+1","ReplayTheSpireMod:IOU","ReplayTheSpireMod:IOU","ReplayTheSpireMod:IOU","ReplayTheSpireMod:IOU","ReplayTheSpireMod:IOU","ReplayTheSpireMod:IOU","ReplayTheSpireMod:IOU","ReplayTheSpireMod:IOU","ReplayTheSpireMod:IOU","ReplayTheSpireMod:IOU","ReplayTheSpireMod:IOU","ReplayTheSpireMod:IOU","ReplayTheSpireMod:IOU","ReplayTheSpireMod:IOU","ReplayTheSpireMod:IOU","ReplayTheSpireMod:IOU","ReplayTheSpireMod:IOU","ReplayTheSpireMod:IOU","ReplayTheSpireMod:IOU","ReplayTheSpireMod:IOU","ReplayTheSpireMod:IOU","ReplayTheSpireMod:IOU","ReplayTheSpireMod:IOU","ReplayTheSpireMod:IOU","ReplayTheSpireMod:IOU","ReplayTheSpireMod:IOU","ReplayTheSpireMod:IOU","ReplayTheSpireMod:IOU","ReplayTheSpireMod:IOU","ReplayTheSpireMod:IOU","ReplayTheSpireMod:IOU","ReplayTheSpireMod:IOU","ReplayTheSpireMod:IOU","ReplayTheSpireMod:IOU","ReplayTheSpireMod:IOU","ReplayTheSpireMod:IOU","ReplayTheSpireMod:IOU","ReplayTheSpireMod:IOU","ReplayTheSpireMod:IOU","ReplayTheSpireMod:IOU","ReplayTheSpireMod:IOU","ReplayTheSpireMod:IOU","ReplayTheSpireMod:IOU","ReplayTheSpireMod:IOU","ReplayTheSpireMod:IOU","ReplayTheSpireMod:IOU","ReplayTheSpireMod:IOU","ReplayTheSpireMod:IOU","ReplayTheSpireMod:IOU","ReplayTheSpireMod:IOU","ReplayTheSpireMod:IOU","ReplayTheSpireMod:IOU","ReplayTheSpireMod:IOU","ReplayTheSpireMod:IOU","ReplayTheSpireMod:IOU","ReplayTheSpireMod:IOU","ReplayTheSpireMod:IOU","ReplayTheSpireMod:IOU","ReplayTheSpireMod:IOU","ReplayTheSpireMod:IOU","ReplayTheSpireMod:IOU","ReplayTheSpireMod:IOU","ReplayTheSpireMod:IOU","ReplayTheSpireMod:IOU","ReplayTheSpireMod:IOU","ReplayTheSpireMod:IOU","ReplayTheSpireMod:IOU","ReplayTheSpireMod:IOU","ReplayTheSpireMod:IOU","ReplayTheSpireMod:IOU","ReplayTheSpireMod:IOU","ReplayTheSpireMod:IOU","ReplayTheSpireMod:IOU","ReplayTheSpireMod:IOU","ReplayTheSpireMod:IOU","ReplayTheSpireMod:IOU","ReplayTheSpireMod:IOU","ReplayTheSpireMod:IOU","ReplayTheSpireMod:IOU","ReplayTheSpireMod:IOU","ReplayTheSpireMod:IOU","ReplayTheSpireMod:IOU","ReplayTheSpireMod:IOU","ReplayTheSpireMod:IOU","ReplayTheSpireMod:IOU","ReplayTheSpireMod:IOU","ReplayTheSpireMod:IOU","ReplayTheSpireMod:IOU","ReplayTheSpireMod:IOU","ReplayTheSpireMod:IOU","ReplayTheSpireMod:IOU","ReplayTheSpireMod:IOU","ReplayTheSpireMod:IOU","ReplayTheSpireMod:IOU","ReplayTheSpireMod:IOU","ReplayTheSpireMod:IOU","ReplayTheSpireMod:IOU","ReplayTheSpireMod:IOU","ReplayTheSpireMod:IOU","ReplayTheSpireMod:IOU","ReplayTheSpireMod:IOU","ReplayTheSpireMod:IOU","ReplayTheSpireMod:IOU","ReplayTheSpireMod:IOU","ReplayTheSpireMod:IOU","ReplayTheSpireMod:IOU","ReplayTheSpireMod:IOU","ReplayTheSpireMod:IOU","ReplayTheSpireMod:IOU","ReplayTheSpireMod:IOU","ReplayTheSpireMod:IOU","ReplayTheSpireMod:IOU","ReplayTheSpireMod:IOU","ReplayTheSpireMod:IOU","ReplayTheSpireMod:IOU","ReplayTheSpireMod:IOU","ReplayTheSpireMod:IOU","ReplayTheSpireMod:IOU","ReplayTheSpireMod:IOU","ReplayTheSpireMod:IOU","ReplayTheSpireMod:IOU","ReplayTheSpireMod:IOU","ReplayTheSpireMod:IOU","ReplayTheSpireMod:IOU","ReplayTheSpireMod:IOU","ReplayTheSpireMod:IOU","ReplayTheSpireMod:IOU","ReplayTheSpireMod:IOU","ReplayTheSpireMod:IOU","ReplayTheSpireMod:IOU","ReplayTheSpireMod:IOU","ReplayTheSpireMod:IOU","ReplayTheSpireMod:IOU","ReplayTheSpireMod:IOU","ReplayTheSpireMod:IOU","ReplayTheSpireMod:IOU","ReplayTheSpireMod:IOU","ReplayTheSpireMod:IOU","ReplayTheSpireMod:IOU","ReplayTheSpireMod:IOU","ReplayTheSpireMod:IOU","ReplayTheSpireMod:IOU","ReplayTheSpireMod:IOU","ReplayTheSpireMod:IOU","ReplayTheSpireMod:IOU","ReplayTheSpireMod:IOU","ReplayTheSpireMod:IOU","ReplayTheSpireMod:IOU","ReplayTheSpireMod:IOU","ReplayTheSpireMod:IOU","ReplayTheSpireMod:IOU","ReplayTheSpireMod:IOU","ReplayTheSpireMod:IOU","ReplayTheSpireMod:IOU","ReplayTheSpireMod:IOU","ReplayTheSpireMod:IOU","ReplayTheSpireMod:IOU","ReplayTheSpireMod:IOU","ReplayTheSpireMod:IOU","ReplayTheSpireMod:IOU","ReplayTheSpireMod:IOU","ReplayTheSpireMod:IOU","ReplayTheSpireMod:IOU","ReplayTheSpireMod:IOU","ReplayTheSpireMod:IOU","ReplayTheSpireMod:IOU","ReplayTheSpireMod:IOU","ReplayTheSpireMod:IOU","ReplayTheSpireMod:IOU","ReplayTheSpireMod:IOU","ReplayTheSpireMod:IOU","ReplayTheSpireMod:IOU","ReplayTheSpireMod:IOU","ReplayTheSpireMod:IOU","ReplayTheSpireMod:IOU","ReplayTheSpireMod:IOU","ReplayTheSpireMod:IOU","ReplayTheSpireMod:IOU","ReplayTheSpireMod:IOU","ReplayTheSpireMod:IOU","ReplayTheSpireMod:IOU","ReplayTheSpireMod:IOU","Saiyan:TurtleShell"],"relics":["Burning Blood","halation:KoshaPiece","Replay:Towering Pillar of Hats","hubris:Potato","hubris:TinFlute","hubris:BottledRain","Toolbox","Runic Pyramid","Matryoshka","hubris:PeanutButter","Nunchaku","Replay:Bottled Flurry","Vajra","Replay:Wax Seal","hubris:EmptyBottle","hubris:Metronome","Rawhide","hubris:DisguiseKit","reliquary:RosewoodLute","Ginger","halation:Sosunser","Happy Flower","BranchBurnRelic","King of Hearts","PreservedInsect","halation:Komachan","MiniBlackHole","reliquary:MedicineBall","Cauldron","halation:WeightlessCrab","reliquary:Vitrine"],"acts_visited":[],"potions_floor_usage":[33,33,53,53],"damage_taken":[{"damage":0.0,"enemies":"Cultist","floor":1.0,"turns":2.0},{"damage":12.0,"enemies":"2 Louse","floor":2.0,"turns":3.0},{"damage":3.0,"enemies":"Jaw Worm","floor":3.0,"turns":2.0},{"damage":13.0,"enemies":"Lagavulin","floor":6.0,"turns":4.0},{"damage":0.0,"enemies":"2 Fungi Beasts","floor":7.0,"turns":2.0},{"damage":0.0,"enemies":"Red Slaver","floor":8.0,"turns":1.0},{"damage":0.0,"enemies":"Gremlin Nob","floor":10.0,"turns":2.0},{"damage":0.0,"enemies":"Large Slime","floor":14.0,"turns":1.0},{"damage":0.0,"enemies":"Slime Boss","floor":16.0,"turns":2.0},{"damage":20.0,"enemies":"Shell Parasite","floor":18.0,"turns":3.0},{"damage":0.0,"enemies":"3 Byrds","floor":19.0,"turns":3.0},{"damage":8.0,"enemies":"Snake Plant","floor":21.0,"turns":2.0},{"damage":0,"enemies":"3 Cultists","floor":22,"turns":1},{"damage":3,"enemies":"Slavers","floor":24,"turns":2},{"damage":1,"enemies":"Centurion and Healer","floor":31,"turns":3},{"damage":0,"enemies":"conspire:MysteriousRune","floor":33,"turns":3},{"damage":0,"enemies":"3 Shapes","floor":35,"turns":3},{"damage":4,"enemies":"Orb Walker","floor":38,"turns":4},{"damage":1,"enemies":"Giant Head","floor":41,"turns":2},{"damage":2,"enemies":"Nemesis","floor":44,"turns":2},{"damage":0,"enemies":"3 Darklings","floor":46,"turns":2},{"damage":0,"enemies":"Spire Growth","floor":47,"turns":2},{"damage":0,"enemies":"Maw","floor":48,"turns":3},{"damage":0,"enemies":"Shield and Spear","floor":52,"turns":3},{"damage":1,"enemies":"The Heart","floor":53,"turns":8}],"seed_played":"-5288722634154544421","potions_obtained":[{"floor":3.0,"key":"Strength Potion"},{"floor":6.0,"key":"blueLaboratory:PhilterOfMotion"},{"floor":7.0,"key":"blueLaboratory:NullPotion"},{"floor":20.0,"key":"blueLaboratory:ImpenetrablePotion"},{"floor":20.0,"key":"Languid Potion"}],"is_trial":false,"path_per_floor":["M","M","M","T","?","E","M","M","T","E","?","$","R","M","R","B",null,"M","M","?","M","M","R","E","R","T","R","?","$","?","M","R","B",null,"M","?","$","M","$","R","E","R","T","E","$","M","M","M","R","R","$","E","B",null],"character_chosen":"IRONCLAD","items_purchased":["hubris:BottledRain","Toolbox","BloodPotion","Replay:Bottled Flurry","Entrench","Ghostly Armor","Vajra","Replay:Wax Seal","hubris:EmptyBottle","Infernal Blade","Flex","Whirlwind","LifebloodPotion","Energy Potion","hubris:Metronome","Rawhide","hubris:ReadiedAction","halation:Sosunser","Happy Flower","Pummel","King of Hearts","PreservedInsect","halation:Komachan","MiniBlackHole","reliquary:MedicineBall","Cauldron","conspire:HitWhereItHurts","Discovery","Secret Technique","Sever Soul","Havoc","True Grit","Fire Breathing+1"],"campfire_rested":0,"item_purchase_floors":[12,12,12,29,29,29,37,37,37,37,37,39,39,39,39,39,39,45,45,45,51,51,51,51,51,51,51,51,51,51,51,51,51],"current_hp_per_floor":[80,74,77,77,77,70,76,80,80,80,80,80,80,80,80,80,80,71,77,77,75,80,80,80,80,80,80,80,80,80,80,80,80,80,80,80,80,80,80,80,80,80,80,80,80,80,80,80,80,80,80,80,80],"gold":18122,"neow_bonus":"ONE_RANDOM_RARE_CARD","is_daily":false,"chose_seed":false,"campfire_upgraded":7,"win_rate":0.0,"timestamp":1614250429,"path_taken":["M","M","M","?","?","E","?","M","T","E","?","$","R","?","R","BOSS","M","M","?","?","M","R","E","R","T","R","?","$","?","M","R","BOSS","M","?","?","M","$","R","E","R","T","E","$","M","M","M","R","R","$","E","BOSS"],"items_purchased_type":["Relic","Relic","Potion","Relic","Card","Card","Relic","Relic","Relic","Card","Card","Card","Potion","Potion","Relic","Relic","Card","Relic","Relic","Card","Relic","Relic","Relic","Relic","Relic","Relic","Card","Card","Card","Card","Card","Card","Card"],"build_version":"2020-12-22","purchased_purges":1,"victory":true,"max_hp_per_floor":[80,80,80,80,80,80,80,80,80,80,80,80,80,80,80,80,80,80,80,80,80,80,80,80,80,80,80,80,80,80,80,80,80,80,80,80,80,80,80,80,80,80,80,80,80,80,80,80,80,80,80,80,80],"card_choices":[{"not_picked":["Run Through","hubris:ReadiedAction"],"picked":"Shockwave","floor":1.0},{"not_picked":["ReplayTheSpireMod:Strike From Hell","hubris:CleavingFinish"],"picked":"Thunderclap","floor":2.0},{"not_picked":["Second Wind","Anger"],"picked":"Flame Barrier","floor":3.0},{"not_picked":["Anger+1","StuffTheSpire:Slingshot+1"],"picked":"Sword Boomerang+1","floor":5.0},{"not_picked":["Anger+1","StuffTheSpire:Slingshot+1"],"picked":"Thunderclap+1","floor":5.0},{"not_picked":["StuffTheSpire:Slingshot+1","hubris:ReadiedAction+1"],"picked":"Warcry+1","floor":5.0},{"not_picked":["Barricade","Body Slam"],"picked":"Spot Weakness","floor":6.0},{"not_picked":["ReplayTheSpireMod:Muscle Training","ReplayTheSpireMod:LeadingStrike"],"picked":"StuffTheSpire:Incineration","floor":7.0},{"not_picked":["StuffTheSpire:RagingBull","Dark Embrace"],"picked":"Metallicize","floor":8.0},{"not_picked":["hubris:ReadiedAction","Warcry"],"picked":"Havoc","floor":10.0},{"not_picked":["Headbutt","Evolve"],"picked":"Heavy Blade","floor":14.0},{"not_picked":["Berserk","Demon Form"],"picked":"Hemogenesis","floor":16.0},{"not_picked":["Dark Embrace","ReplayTheSpireMod:Strike From Hell"],"picked":"Rampage","floor":18.0},{"not_picked":["Pommel Strike","StuffTheSpire:RockThrow+1"],"picked":"Thunderclap","floor":19.0},{"not_picked":["Havoc+1","Pommel Strike"],"picked":"Body Slam+1","floor":21.0},{"not_picked":["Run Through+1","hubris:ReadiedAction"],"picked":"Shockwave+1","floor":22},{"not_picked":["ReplayTheSpireMod:Strike From Hell","hubris:CleavingFinish+1"],"picked":"Thunderclap","floor":24},{"not_picked":["Brutality","Havoc+1"],"picked":"Wild Strike+1","floor":31},{"not_picked":["Barricade","Feed"],"picked":"Juggernaut","floor":33},{"not_picked":["Dark Embrace","ReplayTheSpireMod:Strike From Hell"],"picked":"Rampage","floor":35},{"not_picked":["Warcry","Havoc"],"picked":"Dual Wield","floor":38},{"not_picked":["BarbarianYell","Thunderclap+1"],"picked":"Iron Wave+1","floor":41},{"not_picked":["StuffTheSpire:Slingshot","Havoc","Iron Wave"],"picked":"Saiyan:SpiritSword","floor":44},{"not_picked":["Headbutt","Sword Boomerang","Saiyan:Afterimage"],"picked":"Perfected Strike","floor":46},{"not_picked":["Thunderclap","Barricade","Iron Wave"],"picked":"Saiyan:PlotArmor","floor":47},{"not_picked":["Havoc+1","Headbutt","Saiyan:Furor"],"picked":"ReplayTheSpireMod:Stacked+1","floor":48},{"not_picked":["Havoc+1","StuffTheSpire:Incineration","ReplayTheSpireMod:LeadingStrike"],"picked":"Saiyan:TurtleShell","floor":52}],"player_experience":183680,"relics_obtained":[{"floor":4.0,"key":"halation:KoshaPiece"},{"floor":6.0,"key":"Replay:Towering Pillar of Hats"},{"floor":9.0,"key":"hubris:Potato"},{"floor":10.0,"key":"hubris:TinFlute"},{"floor":24,"key":"Matryoshka"},{"floor":26,"key":"hubris:PeanutButter"},{"floor":26,"key":"Nunchaku"},{"floor":41,"key":"hubris:DisguiseKit"},{"floor":43,"key":"reliquary:RosewoodLute"},{"floor":43,"key":"Ginger"},{"floor":44,"key":"Dead Branch"},{"floor":52,"key":"reliquary:Vitrine"}],"event_choices":[{"damage_healed":0.0,"max_hp_gain":0.0,"max_hp_loss":0.0,"gold_gain":0.0,"event_name":"betterMatch:BetterMatch","player_choice":"3","floor":5.0,"gold_loss":0.0,"damage_taken":0.0,"cards_obtained":["betterMatch:CommonCard"]},{"damage_healed":0.0,"max_hp_gain":0.0,"max_hp_loss":0.0,"gold_gain":275.0,"event_name":"Golden Shrine","player_choice":"Desecrate","floor":11.0,"gold_loss":0.0,"damage_taken":0.0,"cards_obtained":["Regret"]},{"damage_healed":0.0,"max_hp_gain":0.0,"max_hp_loss":0.0,"gold_gain":0.0,"event_name":"Lab","player_choice":"Got Potions","floor":20.0,"gold_loss":0.0,"damage_taken":0.0},{"damage_healed":0,"gold_gain":0,"player_choice":"Ignored","damage_taken":0,"max_hp_gain":0,"max_hp_loss":0,"event_name":"betterNote:BetterNote","floor":28,"gold_loss":0,"cards_obtained":["Injury"]},{"damage_healed":0,"gold_gain":99,"player_choice":"Steal","damage_taken":0,"max_hp_gain":0,"max_hp_loss":0,"event_name":"betterThird:BetterNest","floor":30,"gold_loss":0}],"is_beta":false,"boss_relics":[{"not_picked":["Fusion Hammer","hubris:CrackedHourglass"],"picked":"Runic Pyramid"},{"not_picked":["hubris:BlackHole","halation:Yufonium","halation:ForbiddenBikini"]}],"items_purged_floors":[12],"is_endless":false,"potions_floor_spawned":[3,6,7,10,31,41,48,52],"ascension_level":0}}