{"host":"j9j3743o1ttcbk0r","time":1614243048,"event":{"mods":["Always Whale","Bard","BaseMod","Conspire","Downfall","GifTheSpireLib","Glutton Mod","Halation","Infinite Spire","Library of Ruina","Library of Ruina Extra","MarisaÅiñ∂âJÅ@ñÇóùçπÅj","Minty Spire (QoL Compilation)","READ ME - Guardian Mod","Replay The Spire","StSLib","The Blackbeard","The Construct","The Disciple","The Mystic","The Servant 0.9.4"],"gold_per_floor":[366,366,366,106,122,147,157,157,157,232,232,232,232,251,251,348,348,367,367,267,267,267,297,297,343,343,343,356,356,356],"floor_reached":29,"language":"ENG","playtime":3107,"items_purged":["Strike_P","Strike_P"],"score":287,"play_id":"7d0ba4ab-3111-47d0-b1fa-f48d8242e8e8","local_time":"20210225035048","is_ascension_mode":false,"campfire_choices":[{"data":"ReplayTheSpireMod:Echo Chamber","floor":8,"key":"SMITH"},{"data":"Crow Ritual","floor":11,"key":"SMITH"},{"data":"ClearTheMind","floor":13,"key":"SMITH"},{"floor":15,"key":"REST"},{"data":"Blasphemy","floor":27,"key":"SMITH"}],"circlet_count":0,"master_deck":["Strike_P","Defend_P","Defend_P","Defend_P","Eruption","Vigilance","Prostrate","ReplayTheSpireMod:Echo Chamber+1","Crow Ritual+1","ClearTheMind+1","Prostrate","ForeignInfluence","Steam","EmptyMind","Crescendo+1","ThirdEye","Evaluate+1","Blasphemy+1"],"relics":["PureWater","Replay:Ringing Soul","PageOfFairyFestival","conspire:SpecialSausage","halation:EternalFortune","Ancient Tea Set","CaptainsWheel","Quantum Egg"],"acts_visited":["Exordium","TheCity"],"potions_floor_usage":[6],"damage_taken":[{"damage":0,"enemies":"Small Slimes","floor":1,"turns":2},{"damage":3,"enemies":"Jaw Worm","floor":5,"turns":5},{"damage":18,"enemies":"3 Sentries","floor":6,"turns":11},{"damage":0,"enemies":"2 Louse","floor":7,"turns":2},{"damage":0,"enemies":"Exordium Thugs","floor":14,"turns":3},{"damage":32,"enemies":"The Guardian","floor":16,"turns":4},{"damage":0,"enemies":"Spheric Guardian","floor":18,"turns":3},{"damage":4,"enemies":"Replay:Snechameleon","floor":23,"turns":5},{"damage":0,"enemies":"Chosen","floor":28,"turns":4},{"damage":99999,"enemies":"Nightmare","floor":29,"turns":4}],"seed_played":"-8283224730038465925","potions_obtained":[{"floor":1,"key":"Dexterity Potion"},{"floor":6,"key":"Swift Potion"},{"floor":14,"key":"FearPotion"},{"floor":16,"key":"Slimebound:ThreeZeroPotion"},{"floor":28,"key":"PowerPotion"}],"is_trial":false,"path_per_floor":["M","?","?","$","M","E","M","R","T","?","R","?","R","M","R","B",null,"M","?","$","?","?","E","T","?","T","R","M","NM"],"character_chosen":"WATCHER","items_purchased":["Crow Ritual"],"campfire_rested":1,"item_purchase_floors":[4],"current_hp_per_floor":[65,48,48,48,45,27,30,30,30,19,19,22,22,27,49,21,74,77,77,77,80,83,79,79,82,82,82,86,0,0],"gold":356,"neow_bonus":"TWO_FIFTY_GOLD","is_daily":false,"chose_seed":false,"campfire_upgraded":4,"win_rate":0.0,"timestamp":1614243048,"path_taken":["M","?","?","$","M","E","M","R","T","?","R","?","R","M","R","BOSS","M","?","$","?","?","E","?","?","T","R","M","NM"],"items_purchased_type":["Card"],"build_version":"2020-12-22","purchased_purges":2,"victory":false,"max_hp_per_floor":[65,65,65,65,65,65,68,68,68,68,68,71,71,74,74,74,74,77,77,77,80,83,83,83,86,86,86,86,86,86],"card_choices":[{"not_picked":["ThirdEye","PathToVictory"],"picked":"Prostrate","floor":1},{"not_picked":["infinitespire:SealOfDarkness+","infinitespire:Execution"],"picked":"ReplayTheSpireMod:Echo Chamber","floor":2},{"not_picked":["Evaluate","Replay:Cycle"],"picked":"ClearTheMind","floor":5},{"not_picked":["SashWhip","Weave","EmptyBody"],"picked":"SKIP","floor":6},{"not_picked":["Replay:DivineShield","BowlingBash"],"picked":"Prostrate","floor":7},{"not_picked":["Protect","JustLucky"],"picked":"EmptyMind","floor":14},{"not_picked":["PathToVictory","SashWhip"],"picked":"Crescendo+1","floor":18},{"not_picked":["Protect","Indignation","PathToVictory"],"picked":"SKIP","floor":23},{"not_picked":["FlyingSleeves+1","JustLucky"],"picked":"Evaluate+1","floor":25},{"not_picked":["SandsOfTime","ClearTheMind"],"picked":"Blasphemy","floor":25},{"not_picked":["Protect","Swivel","Wallop"],"picked":"SKIP","floor":28}],"player_experience":216175,"relics_obtained":[{"floor":6,"key":"Replay:Ringing Soul"},{"floor":9,"key":"PageOfFairyFestival"},{"floor":23,"key":"Ancient Tea Set"},{"floor":24,"key":"CaptainsWheel"},{"floor":25,"key":"Quantum Egg"}],"event_choices":[{"damage_healed":0,"gold_gain":75,"player_choice":"Gather Gold","damage_taken":11,"max_hp_gain":0,"max_hp_loss":0,"event_name":"World of Goop","floor":10,"gold_loss":0},{"damage_healed":0,"gold_gain":0,"player_choice":"Leave","damage_taken":0,"max_hp_gain":0,"max_hp_loss":0,"event_name":"conspire:Investor","floor":19,"gold_loss":0},{"damage_healed":0,"gold_gain":0,"player_choice":"Read","damage_taken":0,"max_hp_gain":0,"max_hp_loss":0,"event_name":"The Library","floor":22,"gold_loss":0,"cards_obtained":["ThirdEye"]}],"is_beta":false,"boss_relics":[{"not_picked":["halation:Yufonium","Ring of Chaos"],"picked":"conspire:SpecialSausage"}],"items_purged_floors":[4,20],"is_endless":false,"potions_floor_spawned":[1,6,14,16,28],"killed_by":"Nightmare","ascension_level":0}}