{"host":"f7915vm1ahl7kex1","time":1614269966,"event":{"mods":["BaseMod","Colored Map","Downfall","Minty Spire (QoL Compilation)","Quick Restart","Spire Arcade","StSLib"],"gold_per_floor":[99,117,134,150,150,450,450,450,450,463,463,478,378,412,432,432,432,432],"floor_reached":16,"language":"ENG","playtime":501,"items_purged":[],"score":102,"play_id":"7c4d416c-43ea-41f2-a523-f3957a3463cd","local_time":"20210225101926","is_ascension_mode":false,"campfire_choices":[{"data":"downfall:Icky","floor":8,"key":"PURGE"},{"floor":11,"key":"RECALL"}],"circlet_count":0,"master_deck":["sneckomod:Strike","sneckomod:Strike","sneckomod:Defend","sneckomod:Defend","sneckomod:Defend","sneckomod:TailWhip","sneckomod:SnekBite","bronze:Separator","sneckomod:QuickBite","sneckomod:Memorize","downfall:Icky","sneckomod:UnknownStrength","sneckomod:UnknownCommonSkill","sneckomod:ImprovisedAttack","Guardian:GatlingBeam","sneckomod:UnknownVulnerable"],"relics":["sneckomod:SneckoSoul","Peace Pipe","downfall:BrokenWingStatue","Gambling Chip","downfall:HeartBlessingRed","InkBottle"],"acts_visited":["Exordium"],"potions_floor_usage":[14,16,16],"damage_taken":[{"damage":0,"enemies":"Cultist","floor":2,"turns":4},{"damage":0,"enemies":"Small Slimes","floor":3,"turns":3},{"damage":6,"enemies":"Jaw Worm","floor":4,"turns":3},{"damage":21,"enemies":"Blue Slaver","floor":10,"turns":4},{"damage":16,"enemies":"Lots of Slimes","floor":12,"turns":5},{"damage":12,"enemies":"Gremlin Nob","floor":14,"turns":4},{"damage":3,"enemies":"2 Fungi Beasts","floor":15,"turns":2},{"damage":15,"enemies":"IC_STATUS_ARCHETYPE","floor":16,"turns":2}],"seed_played":"4963257929332471333","potions_obtained":[{"floor":3,"key":"Weak Potion"},{"floor":10,"key":"Energy Potion"},{"floor":12,"key":"Explosive Potion"},{"floor":14,"key":"Guardian:BlockOnCardUsePotion"}],"is_trial":false,"path_per_floor":["R","M","M","M","?","?","T","R","?","M","R","M","R","E","M","B"],"character_chosen":"THE_SNECKO","items_purchased":[],"campfire_rested":0,"item_purchase_floors":[],"current_hp_per_floor":[63,63,63,57,57,57,57,57,57,41,41,25,25,13,10,0,0,0],"gold":432,"neow_bonus":"ONE_RARE_RELIC","is_daily":false,"chose_seed":false,"campfire_upgraded":0,"win_rate":0.0,"timestamp":1614269966,"path_taken":["R","M","?","M","?","?","T","R","?","M","R","?","R","E","M","BOSS"],"items_purchased_type":[],"build_version":"2020-12-22","purchased_purges":0,"victory":false,"max_hp_per_floor":[90,90,90,90,90,90,90,90,90,90,90,90,90,90,90,90,90,90],"card_choices":[{"not_picked":["sneckomod:UnknownDraw","sneckomod:RainOfDice"],"picked":"sneckomod:QuickBite","floor":2},{"not_picked":["sneckomod:DiceBoulder","sneckomod:DiceCrush","sneckomod:SerpentIdol"],"picked":"SKIP","floor":3},{"not_picked":["sneckomod:UnknownBlock","sneckomod:CheapStock"],"picked":"sneckomod:Memorize","floor":4},{"not_picked":["sneckomod:WideSting","sneckomod:IronFang"],"picked":"sneckomod:UnknownCommonSkill","floor":10},{"not_picked":["sneckomod:UnknownCommonAttack","sneckomod:RainOfDice"],"picked":"sneckomod:ImprovisedAttack","floor":12},{"not_picked":["sneckomod:UnendingSupply","sneckomod:UnlimitedRolls"],"picked":"sneckomod:UnknownVulnerable","floor":14},{"not_picked":["sneckomod:Unknown1Cost","sneckomod:UnknownCommonSkill","sneckomod:UnknownWeak"],"picked":"SKIP","floor":15}],"player_experience":1237962,"relics_obtained":[{"floor":7,"key":"Gambling Chip"},{"floor":14,"key":"InkBottle"}],"event_choices":[],"is_beta":false,"boss_relics":[],"items_purged_floors":[],"is_endless":false,"potions_floor_spawned":[3,10,12,14],"killed_by":"IC_STATUS_ARCHETYPE","ascension_level":0}}