{"host":"kw3n9x3mpxk65n60","time":1614227146,"event":{"mods":["BaseMod","Colored Map","Colored Powertips","Downfall","GifTheSpireLib","Hubris","Minty Spire (QoL Compilation)","Replay The Spire","StSLib","The Jungle"],"gold_per_floor":[99,118,134,148,18,18,41,57,83,83,258,258,285,295,312,410,410,310,325,336,352,352,180,180,198,175,206,222,252,271,284,302,398,398,298,314,330,347,360,391,391,489,536,558,583,630,542,554,586,598,610,651,7,7,7,7,7,7],"floor_reached":56,"language":"ENG","playtime":5977,"items_purged":["Doubt","bronze:Strike"],"score":1202,"play_id":"9b48f2b2-8e63-4c69-b182-3f2e1e11164a","local_time":"20210224202546","is_ascension_mode":true,"campfire_choices":[{"data":"bronze:CutThrough","floor":1.0,"key":"SMITH"},{"data":"bronze:MaxOutput","floor":6.0,"key":"SMITH"},{"data":"hubris:DuctTapeCard","floor":10.0,"key":"SMITH"},{"floor":18.0,"key":"RECALL"},{"floor":35.0,"key":"DIG"},{"data":"expansioncontent:DashGenerateEvil","floor":47.0,"key":"SMITH"},{"data":"bronze:BuggyMess","floor":54,"key":"SMITH"}],"circlet_count":0,"master_deck":["bronze:Strike","bronze:Strike","bronze:Strike+1","bronze:Defend","bronze:Defend","bronze:Defend","bronze:Defend","bronze:Replicate","bronze:Goto","bronze:CutThrough+1","bronze:DelayedSlice","bronze:NullPointer","bronze:ShipIt","bronze:Repair","bronze:Branch+1","bronze:Overheat","bronze:Shield","bronze:DelayedGuard","bronze:OilSpill","bronze:Assembly+1","bronze:Repulsor+1","bronze:BuggyMess","bronze:BugBarrage+1","bronze:Turbo","bronze:Shell","expansioncontent:DashGenerateEvil+1","bronze:Turbo","bronze:Shield","bronze:Boost+1","bronze:ShipIt","bronze:BugBarrage+1","bronze:BugBarrage+1","bronze:Allocate","bronze:GetLatest+1","bronze:BuggyMess+1","hubris:DuctTapeCard","bronze:BuggyMess"],"relics":["bronze:BronzeCore","hubris:DuctTape","hubris:OldNail","Sozu","downfall:HeartBlessingBlue","Replay:Wax Seal","Gremlin Food","Toy Ornithopter","Darkstone Periapt","Smiling Mask","Coffee Dripper","downfall:HeartBlessingRed","Lantern","hubris:SlimyHat","Replay:Bottled Eggs","MawBank","Kunai","Replay:Kaleidoscope","downfall:HeartBlessingGreen","Whetstone","Vajra","ClockworkSouvenir","hubris:PeanutButter"],"acts_visited":["Exordium","Exordium","TheBeyond","TheEnding"],"potions_floor_usage":[],"damage_taken":[{"damage":2.0,"enemies":"Small Slimes","floor":2.0,"turns":4.0},{"damage":0.0,"enemies":"Cultist","floor":3.0,"turns":2.0},{"damage":0.0,"enemies":"2 Louse","floor":4.0,"turns":3.0},{"damage":0.0,"enemies":"downfall:FleeingMerchant","floor":5.0,"turns":4.0},{"damage":3.0,"enemies":"Large Slime","floor":8.0,"turns":4.0},{"damage":16.0,"enemies":"Gremlin Nob","floor":9.0,"turns":4.0},{"damage":9.0,"enemies":"3 Sentries","floor":13.0,"turns":4.0},{"damage":7.0,"enemies":"Blue Slaver","floor":14.0,"turns":2.0},{"damage":17.0,"enemies":"3 Louse","floor":15.0,"turns":2.0},{"damage":0.0,"enemies":"DF_ARCHETYPE_STREAMLINE","floor":16.0,"turns":7.0},{"damage":2.0,"enemies":"theJungle:MUSHROOMGANG","floor":19.0,"turns":4.0},{"damage":0.0,"enemies":"theJungle:Flameango_and_Byrd","floor":20.0,"turns":4.0},{"damage":1.0,"enemies":"theJungle:JungleHuntersEncounter","floor":21.0,"turns":3.0},{"damage":0.0,"enemies":"downfall:FleeingMerchant","floor":23.0,"turns":4.0},{"damage":0.0,"enemies":"theJungle:SlimyTreeVines","floor":25.0,"turns":3.0},{"damage":0.0,"enemies":"downfall:FleeingMerchant","floor":26.0,"turns":4.0},{"damage":0.0,"enemies":"theJungle:Cassacara","floor":27.0,"turns":4.0},{"damage":19.0,"enemies":"theJungle:Lyon","floor":28.0,"turns":3.0},{"damage":3.0,"enemies":"theJungle:2_Phrogs","floor":29.0,"turns":5.0},{"damage":0.0,"enemies":"theJungle:2_Snecko_Cultists","floor":30.0,"turns":2.0},{"damage":12.0,"enemies":"theJungle:Snecko_Cultist_And_Trap","floor":31.0,"turns":3.0},{"damage":2.0,"enemies":"theJungle:SlimyTreeVines","floor":32.0,"turns":3.0},{"damage":0.0,"enemies":"WA_ARCHETYPE_CALM","floor":33.0,"turns":5.0},{"damage":0.0,"enemies":"Orb Walker","floor":36.0,"turns":2.0},{"damage":4.0,"enemies":"3 Shapes","floor":37.0,"turns":3.0},{"damage":0.0,"enemies":"Sphere and 2 Shapes","floor":38.0,"turns":3.0},{"damage":5.0,"enemies":"Maw","floor":39.0,"turns":5.0},{"damage":5.0,"enemies":"Giant Head","floor":40.0,"turns":5.0},{"damage":0.0,"enemies":"Nemesis","floor":43.0,"turns":3.0},{"damage":0.0,"enemies":"Jaw Worm Horde","floor":44.0,"turns":2.0},{"damage":0.0,"enemies":"3 Darklings","floor":45.0,"turns":3.0},{"damage":0.0,"enemies":"Giant Head","floor":46.0,"turns":4.0},{"damage":0.0,"enemies":"Maw","floor":49.0,"turns":3.0},{"damage":13.0,"enemies":"SI_POISON_ARCHETYPE","floor":50.0,"turns":7.0},{"damage":40,"enemies":"downfall:CharBossMerchant","floor":52,"turns":6},{"damage":38,"enemies":"downfall:NeowBoss","floor":55,"turns":16},{"damage":17,"enemies":"downfall:NeowBossFinal","floor":56,"turns":5}],"seed_played":"-4769719855163992593","potions_obtained":[{"floor":2.0,"key":"Adrenaline Potion"},{"floor":3.0,"key":"Elixir"},{"floor":8.0,"key":"Fire Potion"},{"floor":13.0,"key":"DistilledChaos"},{"floor":16.0,"key":"AttackPotion"}],"is_trial":false,"path_per_floor":["R","M","M","M","$","R","T","M","E","R","?","?","E","M","M","B",null,"R_BF","M","M","M","?","$","T","M","$","E","M","E","M","M","M","B",null,"R_BF","M","M","M","M","E","T","?","E","M","M","E","R","NS","M","B",null,"E","$","R","B","B"],"character_chosen":"THE_AUTOMATON","items_purchased":["bronze:ItsAFeature","bronze:Repair","Replay:Wax Seal","expansioncontent:DashGenerateEvil","bronze:Turbo","Toy Ornithopter","bronze:BuggyMess","Vajra","ClockworkSouvenir","hubris:PeanutButter"],"campfire_rested":0,"item_purchase_floors":[5,5,23,26,26,26,53,53,53,53],"current_hp_per_floor":[70,68,68,68,68,68,68,67,51,51,51,51,49,42,32,39,70,80,80,80,80,80,80,80,80,80,80,61,65,65,53,61,61,80,80,80,76,80,80,80,80,60,67,74,80,80,80,80,80,74,80,40,40,40,9,0,0,0],"gold":7,"neow_bonus":"THREE_CARDS","is_daily":false,"chose_seed":false,"campfire_upgraded":5,"win_rate":0.0,"timestamp":1614227146,"path_taken":["R","M","M","M","$","R","T","M","E","R","?","?","E","?","M","BOSS","R_BF","M","M","M","?","$","T","?","$","E","M","E","M","M","M","BOSS","R_BF","M","M","M","M","E","T","?","E","M","M","E","R","NS","M","BOSS","E","$","R","BOSS","BOSS"],"items_purchased_type":["Card","Card","Relic","Card","Card","Relic","Card","Relic","Relic","Relic"],"build_version":"2020-12-22","purchased_purges":2,"victory":false,"max_hp_per_floor":[70,70,70,70,70,70,70,70,70,70,70,70,70,70,70,70,70,80,80,80,80,80,80,80,80,80,80,80,80,80,80,80,80,80,80,80,80,80,80,80,80,80,80,80,80,80,80,80,80,80,80,80,80,80,80,80,80,80],"card_choices":[{"not_picked":["bronze:Refactor","bronze:Separator"],"picked":"bronze:CutThrough","floor":0.0},{"not_picked":["bronze:Overheat","bronze:CutThrough"],"picked":"bronze:DelayedSlice","floor":2.0},{"not_picked":["bronze:DelayedSlice","bronze:Return"],"picked":"bronze:NullPointer","floor":3.0},{"not_picked":["bronze:Frontload","bronze:Invalidate"],"picked":"bronze:ShipIt","floor":4.0},{"not_picked":["bronze:DarkDash","bronze:ChosenStrike"],"picked":"bronze:MaxOutput","floor":5.0},{"not_picked":["bronze:Turbo","bronze:NullPointer"],"picked":"bronze:Branch","floor":8.0},{"not_picked":["bronze:DigitalCarnage","bronze:ForceShield"],"picked":"bronze:Overheat","floor":9.0},{"not_picked":["bronze:Iterate","bronze:DelayedGuard"],"picked":"bronze:Shield","floor":13.0},{"not_picked":["bronze:Separator","bronze:Invalidate"],"picked":"bronze:DelayedGuard","floor":14.0},{"not_picked":["bronze:ForceShield","bronze:DelayedGuard"],"picked":"bronze:OilSpill","floor":15.0},{"not_picked":["bronze:FindAndReplace","bronze:HardenedForm"],"picked":"bronze:Assembly","floor":16.0},{"not_picked":["bronze:OilSpill","bronze:BugBarrage"],"picked":"bronze:Repulsor","floor":19.0},{"not_picked":["bronze:Boost","bronze:DelayedGuard"],"picked":"bronze:BuggyMess","floor":20.0},{"not_picked":["bronze:Boost","bronze:Branch","bronze:Iterate"],"picked":"SKIP","floor":21.0},{"not_picked":["bronze:Backtrace+1","bronze:MaxOutput"],"picked":"bronze:BugBarrage","floor":23.0},{"not_picked":["bronze:ClassDefault","bronze:Branch"],"picked":"bronze:Turbo","floor":25.0},{"not_picked":["bronze:CutThrough","bronze:ChosenStrike"],"picked":"bronze:Shell","floor":26.0},{"not_picked":["bronze:Philosophize","bronze:Shell","bronze:Deprecate+1"],"picked":"SKIP","floor":27.0},{"not_picked":["bronze:Constructor","bronze:Refactor","bronze:Overload+1"],"picked":"SKIP","floor":28.0},{"not_picked":["bronze:InfiniteLoop","bronze:DelayedSlice","bronze:Boost+1"],"picked":"SKIP","floor":29.0},{"not_picked":["bronze:ChosenStrike","bronze:DelayedSlice+1"],"picked":"bronze:Shield","floor":30.0},{"not_picked":["bronze:WhirlingStrike","bronze:DigitalCarnage","bronze:Frontload"],"picked":"SKIP","floor":31.0},{"not_picked":["bronze:InfiniteBeams+1","bronze:Branch"],"picked":"bronze:Boost+1","floor":32.0},{"not_picked":["bronze:FindAndReplace","bronze:Break"],"picked":"bronze:ShipIt","floor":33.0},{"not_picked":["bronze:Shell","bronze:Flail+1","bronze:Fortify+1"],"picked":"SKIP","floor":36.0},{"not_picked":["bronze:ClassDefault","bronze:InfiniteBeams+1"],"picked":"bronze:BugBarrage+1","floor":37.0},{"not_picked":["bronze:Backtrace","bronze:OilSpill+1"],"picked":"bronze:BugBarrage","floor":38.0},{"not_picked":["bronze:FollowUp","bronze:Separator"],"picked":"bronze:Allocate","floor":39.0},{"not_picked":["bronze:Safeguard+1","bronze:Separator+1"],"picked":"bronze:GetLatest+1","floor":40.0},{"not_picked":["bronze:CutThrough+1","bronze:ItsAFeature+1"],"picked":"bronze:BuggyMess","floor":42.0},{"not_picked":["bronze:BronzeOrb","bronze:Iterate","bronze:DelayedGuard+1"],"picked":"SKIP","floor":43.0},{"not_picked":["bronze:Repulsor+1","bronze:Safeguard","bronze:Iterate"],"picked":"SKIP","floor":44.0},{"not_picked":["bronze:OilSpill","bronze:ChildClass+1","bronze:Shield"],"picked":"SKIP","floor":45.0},{"not_picked":["bronze:BugBarrage","bronze:Boost+1","bronze:FollowUp+1"],"picked":"SKIP","floor":46.0},{"not_picked":["bronze:FineTuning+1","bronze:Separator+1","bronze:ItsAFeature+1"],"picked":"SKIP","floor":49.0},{"not_picked":["bronze:Constructor+1","bronze:OilSpill+1","bronze:ChildClass"],"picked":"SKIP","floor":52}],"player_experience":339564,"relics_obtained":[{"floor":9.0,"key":"hubris:DuctTape"},{"floor":13.0,"key":"hubris:OldNail"},{"floor":24.0,"key":"Gremlin Food"},{"floor":27.0,"key":"Darkstone Periapt"},{"floor":29.0,"key":"Smiling Mask"},{"floor":35.0,"key":"Lantern"},{"floor":40.0,"key":"hubris:SlimyHat"},{"floor":41.0,"key":"Replay:Bottled Eggs"},{"floor":42.0,"key":"MawBank"},{"floor":43.0,"key":"Kunai"},{"floor":46.0,"key":"Replay:Kaleidoscope"},{"floor":52,"key":"Whetstone"}],"event_choices":[],"is_beta":false,"boss_relics":[{"not_picked":["hubris:BlackHole","Snecko Eye"],"picked":"Sozu"},{"not_picked":["SacredBark","hubris:Backtick"],"picked":"Coffee Dripper"}],"items_purged_floors":[23,53],"is_endless":false,"potions_floor_spawned":[2,3,8,13,16,25,27,28,29,32,37,40,45,46],"killed_by":"downfall:NeowBossFinal","ascension_level":1}}