{"host":"g907ck67u7c3hrs6","time":1614251510,"event":{"mods":["BaseMod","Colored Map","DeckTracker","Force Act Four","Highlight Path","Keyboard Shortcuts","Minty Spire (QoL Compilation)","Permanent Neow","Say the Spire","SuperFastMode"],"gold_per_floor":[111,121,139,159,169,169,202,202,202,234,234,234,234,268,268,347,347,363,378,398,408,244,273,304,304,304,190,225,225,256,256,256,327,377,390,325,325,182,142,169,169,197,224,224,240,240,240,275,275,275,275,275,275,17,49,49],"floor_reached":57,"language":"KOR","playtime":1516,"items_purged":["Decay"],"score":3664,"play_id":"bd7d44ae-9823-4cfc-bb80-453aee124263","local_time":"20210225201150","daily_mods":["SealedDeck","Heirloom","Time Dilation","Flight","DeadlyEvents","Elite Swarm"],"is_ascension_mode":true,"campfire_choices":[{"data":"Accuracy","floor":6.0,"key":"SMITH"},{"data":"Blade Dance","floor":8.0,"key":"SMITH"},{"data":"Blade Dance","floor":11.0,"key":"SMITH"},{"data":"Blade Dance","floor":12.0,"key":"SMITH"},{"data":"After Image","floor":15,"key":"SMITH"},{"data":"Footwork","floor":25,"key":"SMITH"},{"data":"After Image","floor":29,"key":"SMITH"},{"data":"Footwork","floor":32,"key":"SMITH"},{"data":"Wraith Form v2","floor":41,"key":"SMITH"},{"data":"Accuracy","floor":44,"key":"SMITH"},{"data":"After Image","floor":46,"key":"SMITH"},{"data":"Infinite Blades","floor":47,"key":"SMITH"},{"floor":49,"key":"RECALL"},{"data":"Acrobatics","floor":53,"key":"SMITH"}],"circlet_count":0,"master_deck":["AscendersBane","Backflip","Backstab","Blade Dance+1","Blur+1","Footwork+1","Blur","PiercingWail","Blade Dance+1","Acrobatics+1","Blade Dance+1","Infinite Blades+1","Accuracy+1","Acrobatics","After Image+1","Burst+1","Dodge and Roll+1","Acrobatics+1","Cloak And Dagger+1","Backflip+1","Expertise+1","Phantasmal Killer+1","Adrenaline+1","Footwork+1","Cloak And Dagger+1","After Image+1","Malaise+1","Wraith Form v2+1","Outmaneuver+1","Accuracy+1","Deep Breath+1","Adrenaline+1","Cloak And Dagger+1","Adrenaline+1","After Image+1","Reflex+1","Tactician+1","Adrenaline+1"],"relics":["Ring of the Serpent","Bird Faced Urn","Shuriken","Bottled Flame","Toxic Egg 2","Calipers","Prayer Wheel","Peace Pipe","The Courier","Ninja Scroll","Tiny House","Anchor","Tough Bandages","Bag of Preparation","Bottled Tornado","Lizard Tail","Unceasing Top"],"acts_visited":["Exordium","TheCity","TheBeyond","TheEnding"],"potions_floor_usage":[24,30,56,56],"damage_taken":[{"damage":0.0,"enemies":"2 Louse","floor":1.0,"turns":2.0},{"damage":0.0,"enemies":"Cultist","floor":2.0,"turns":2.0},{"damage":0.0,"enemies":"Small Slimes","floor":3.0,"turns":1.0},{"damage":2.0,"enemies":"2 Fungi Beasts","floor":4.0,"turns":3.0},{"damage":0.0,"enemies":"Blue Slaver","floor":5.0,"turns":1.0},{"damage":0.0,"enemies":"Lagavulin","floor":7.0,"turns":4.0},{"damage":9.0,"enemies":"3 Sentries","floor":10.0,"turns":3.0},{"damage":0,"enemies":"Gremlin Nob","floor":14,"turns":2},{"damage":7,"enemies":"The Guardian","floor":16,"turns":5},{"damage":18,"enemies":"Shell Parasite","floor":18,"turns":2},{"damage":0,"enemies":"3 Byrds","floor":19,"turns":2},{"damage":0,"enemies":"Snecko","floor":20,"turns":2},{"damage":11,"enemies":"Snake Plant","floor":21,"turns":3},{"damage":13,"enemies":"Gremlin Leader","floor":23,"turns":3},{"damage":17,"enemies":"Slavers","floor":24,"turns":4},{"damage":0,"enemies":"Book of Stabbing","floor":28,"turns":4},{"damage":8,"enemies":"Slavers","floor":30,"turns":3},{"damage":0,"enemies":"Automaton","floor":33,"turns":5},{"damage":18,"enemies":"3 Shapes","floor":35,"turns":6},{"damage":0,"enemies":"Giant Head","floor":40,"turns":4},{"damage":0,"enemies":"Reptomancer","floor":42,"turns":3},{"damage":0,"enemies":"3 Darklings","floor":45,"turns":3},{"damage":0,"enemies":"Giant Head","floor":48,"turns":4},{"damage":0,"enemies":"Donu and Deca","floor":50,"turns":4},{"damage":7,"enemies":"Awakened One","floor":51,"turns":4},{"damage":5,"enemies":"Shield and Spear","floor":55,"turns":5},{"damage":0,"enemies":"The Heart","floor":56,"turns":7}],"seed_played":"-2657729706105383615","potions_obtained":[{"floor":1.0,"key":"Regen Potion"},{"floor":7.0,"key":"Weak Potion"},{"floor":14,"key":"DuplicationPotion"},{"floor":28,"key":"Strength Potion"},{"floor":30,"key":"Fire Potion"},{"floor":45,"key":"GamblersBrew"}],"is_trial":true,"path_per_floor":["M","M","M","M","M","R","E","R","T","E","R","R","?","E","R","B",null,"M","M","M","M","$","E","E","R","T","$","E","R","E","?","R","B",null,"M","$","?","$","$","E","R","E","T","R","M","R","R","E","R","B","B",null,"R","$","E","B",null],"character_chosen":"THE_SILENT","items_purchased":["Expertise+1","Footwork","Cloak And Dagger+1","Accuracy","Adrenaline+1","Cloak And Dagger+1","Lizard Tail"],"campfire_rested":0,"item_purchase_floors":[22,27,27,36,38,39,54],"current_hp_per_floor":[59,61,61,63,65,65,66,66,66,59,59,59,59,65,65,59,64,48,52,56,49,49,40,29,29,29,29,37,37,37,37,37,47,66,62,62,62,62,62,71,71,71,71,71,71,71,71,71,71,71,68,70,70,70,71,71],"gold":49,"neow_bonus":"","is_daily":false,"chose_seed":false,"campfire_upgraded":13,"win_rate":0.0,"timestamp":1614251510,"path_taken":["M","M","M","M","M","R","E","R","T","E","R","R","?","E","R","BOSS","M","M","M","M","$","E","E","R","T","$","E","R","E","?","R","BOSS","M","$","?","$","$","E","R","E","T","R","M","R","R","E","R","BOSS","BOSS","R","$","E","BOSS"],"items_purchased_type":["Card","Card","Card","Card","Card","Card","Relic"],"build_version":"2020-12-22","purchased_purges":1,"victory":true,"max_hp_per_floor":[66,66,66,66,66,66,66,66,66,66,66,66,66,66,66,66,66,66,66,66,66,66,66,66,66,66,66,66,66,66,66,66,66,71,71,71,71,71,71,71,71,71,71,71,71,71,71,71,71,71,71,71,71,71,71,71],"card_choices":[{"not_picked":["Choke","Sucker Punch"],"picked":"Infinite Blades","floor":1.0},{"not_picked":["Endless Agony","Masterful Stab","Dodge and Roll"],"picked":"SKIP","floor":2.0},{"not_picked":["PiercingWail","Quick Slash"],"picked":"Accuracy","floor":3.0},{"not_picked":["Backstab","Bane","Outmaneuver"],"picked":"SKIP","floor":4.0},{"not_picked":["Acrobatics","Prepared","Infinite Blades"],"picked":"SKIP","floor":5.0},{"not_picked":["Prepared","Infinite Blades"],"picked":"Acrobatics","floor":5.0},{"not_picked":["Malaise","Grand Finale"],"picked":"After Image","floor":7.0},{"not_picked":["Tools of the Trade","Doppelganger","Die Die Die"],"picked":"SKIP","floor":10.0},{"not_picked":["Envenom","Tools of the Trade"],"picked":"Burst+1","floor":14},{"not_picked":["Prepared+1","Bane"],"picked":"Dodge and Roll+1","floor":18},{"not_picked":["Dagger Spray","Endless Agony"],"picked":"Acrobatics+1","floor":19},{"not_picked":["Outmaneuver+1","Leg Sweep+1"],"picked":"Cloak And Dagger+1","floor":20},{"not_picked":["Endless Agony","Underhanded Strike"],"picked":"Backflip+1","floor":21},{"not_picked":["A Thousand Cuts","Envenom"],"picked":"Phantasmal Killer+1","floor":23},{"not_picked":["A Thousand Cuts","Corpse Explosion+1"],"picked":"Adrenaline+1","floor":24},{"not_picked":["Venomology+1","Adrenaline+1"],"picked":"After Image","floor":28},{"not_picked":["Grand Finale","Unload"],"picked":"Malaise+1","floor":30},{"not_picked":["Corpse Explosion+1","Unload"],"picked":"Wraith Form v2","floor":33},{"not_picked":["Endless Agony","Flying Knee+1","Sucker Punch"],"picked":"SKIP","floor":35},{"not_picked":["Outmaneuver+1","Backflip+1","Flying Knee"],"picked":"SKIP","floor":35},{"not_picked":["Backflip+1","Flying Knee"],"picked":"Outmaneuver+1","floor":35},{"not_picked":["Endless Agony","Flying Knee+1","Sucker Punch"],"picked":"SKIP","floor":35},{"not_picked":["Good Instincts+1","Finesse+1"],"picked":"Deep Breath+1","floor":37},{"not_picked":["Die Die Die","Corpse Explosion+1"],"picked":"Adrenaline+1","floor":40},{"not_picked":["Envenom","Tools of the Trade"],"picked":"After Image","floor":42},{"not_picked":["Poisoned Stab","Choke"],"picked":"Reflex+1","floor":45},{"not_picked":["Acrobatics+1","Bane+1"],"picked":"Tactician+1","floor":45},{"not_picked":["Die Die Die","Envenom","Grand Finale"],"picked":"SKIP","floor":48},{"not_picked":["Envenom","A Thousand Cuts"],"picked":"Adrenaline+1","floor":55}],"player_experience":362924,"relics_obtained":[{"floor":7.0,"key":"Shuriken"},{"floor":10.0,"key":"Bottled Flame"},{"floor":14,"key":"Toxic Egg 2"},{"floor":23,"key":"Calipers"},{"floor":24,"key":"Prayer Wheel"},{"floor":26,"key":"Peace Pipe"},{"floor":28,"key":"The Courier"},{"floor":30,"key":"Ninja Scroll"},{"floor":40,"key":"Anchor"},{"floor":42,"key":"Tough Bandages"},{"floor":43,"key":"Bag of Preparation"},{"floor":48,"key":"Bottled Tornado"},{"floor":55,"key":"Unceasing Top"}],"event_choices":[{"damage_healed":0,"gold_gain":0,"player_choice":"Cursed","damage_taken":0,"max_hp_gain":0,"max_hp_loss":0,"event_name":"Wheel of Change","floor":13,"gold_loss":0,"cards_obtained":["Decay"]},{"damage_healed":0,"gold_gain":0,"player_choice":"Ignored","damage_taken":0,"max_hp_gain":0,"max_hp_loss":0,"event_name":"Ghosts","floor":31,"gold_loss":0},{"damage_healed":0,"gold_gain":0,"player_choice":"Memory 1","damage_taken":0,"max_hp_gain":0,"max_hp_loss":0,"event_name":"SensoryStone","floor":37,"gold_loss":0}],"is_beta":false,"boss_relics":[{"not_picked":["Sozu","Runic Pyramid"],"picked":"Ring of the Serpent"},{"not_picked":["Snecko Eye","Velvet Choker"],"picked":"Tiny House"}],"items_purged_floors":[22],"is_endless":false,"potions_floor_spawned":[1,7,14,16,19,20,23,28,30,33,40,45,55],"ascension_level":20}}