{"host":"2hz3p8f82lqex3pd","time":1614230919,"event":{"mods":["AchievementEnabler","BaseMod","Better Third Choice","Colored Powertips","Minty Spire (QoL Compilation)","StSLib"],"gold_per_floor":[112,112,112,126,177,177,177,22,22,22,49,49,49,66,66,170,170,190,208,388,388,14,14,47,63,109,35,35,51,51,65,65,160,160,179,229,229,247,319,352,352,365,365,375,385,396,8,19,19,19,19,19,19,51,51,51],"floor_reached":55,"language":"ENG","playtime":3186,"items_purged":["Regret","Defend_R"],"score":807,"play_id":"338b02b5-01ef-4e34-99d7-63ecc3193372","local_time":"20210225002839","is_ascension_mode":true,"campfire_choices":[{"floor":7,"key":"RECALL"},{"data":"Bash","floor":10,"key":"SMITH"},{"data":"Metallicize","floor":12,"key":"SMITH"},{"data":"Strike_R","floor":15,"key":"SMITH"},{"data":"Strike_R","floor":23,"key":"SMITH"},{"floor":28,"key":"REST"},{"data":"Strike_R","floor":30,"key":"SMITH"},{"floor":32,"key":"REST"},{"floor":41,"key":"REST"},{"floor":49,"key":"REST"},{"floor":52,"key":"REST"}],"circlet_count":0,"master_deck":["Strike_R","Strike_R","Strike_R+1","Strike_R+1","Strike_R+1","Defend_R","Defend_R","Defend_R","Bash+1","Feed+1","Metallicize+1","Thunderclap+1","Warcry+1","Warcry+1","Spot Weakness+1","Flex+1","Metallicize+1","Intimidate+1"],"relics":["Burning Blood","Tiny Chest","Oddly Smooth Stone","Red Skull","Matryoshka","Toxic Egg 2","Pen Nib","Mark of Pain","Bag of Preparation","Lee\u0027s Waffle","Centennial Puzzle","Calipers","PreservedInsect","Bronze Scales","Fusion Hammer","Charon\u0027s Ashes","Bottled Tornado","Anchor","Meat on the Bone","Membership Card","Kunai","Nunchaku","Ornamental Fan"],"acts_visited":["Exordium","TheCity","TheBeyond","TheEnding"],"potions_floor_usage":[16,16,24,33,33,36,45,50,50],"damage_taken":[{"damage":6,"enemies":"2 Louse","floor":1,"turns":2},{"damage":8,"enemies":"Jaw Worm","floor":4,"turns":4},{"damage":20,"enemies":"Gremlin Nob","floor":11,"turns":4},{"damage":3,"enemies":"Cultist","floor":14,"turns":3},{"damage":68,"enemies":"The Guardian","floor":16,"turns":10},{"damage":19,"enemies":"Chosen","floor":18,"turns":6},{"damage":44,"enemies":"2 Thieves","floor":19,"turns":4},{"damage":67,"enemies":"Book of Stabbing","floor":24,"turns":7},{"damage":20,"enemies":"Snake Plant","floor":25,"turns":2},{"damage":26,"enemies":"Shelled Parasite and Fungi","floor":29,"turns":3},{"damage":14,"enemies":"Snecko","floor":31,"turns":3},{"damage":32,"enemies":"Automaton","floor":33,"turns":6},{"damage":32,"enemies":"3 Shapes","floor":35,"turns":5},{"damage":42,"enemies":"2 Orb Walkers","floor":36,"turns":6},{"damage":17,"enemies":"3 Darklings","floor":38,"turns":4},{"damage":14,"enemies":"Nemesis","floor":40,"turns":3},{"damage":4,"enemies":"Maw","floor":42,"turns":6},{"damage":4,"enemies":"Spire Growth","floor":44,"turns":4},{"damage":20,"enemies":"4 Shapes","floor":45,"turns":4},{"damage":3,"enemies":"Jaw Worm Horde","floor":46,"turns":4},{"damage":32,"enemies":"Writhing Mass","floor":48,"turns":5},{"damage":95,"enemies":"Donu and Deca","floor":50,"turns":10},{"damage":103,"enemies":"Shield and Spear","floor":54,"turns":6},{"damage":93,"enemies":"The Heart","floor":55,"turns":5}],"seed_played":"-2156154787914468937","potions_obtained":[{"floor":3,"key":"LiquidMemories"},{"floor":3,"key":"BloodPotion"},{"floor":3,"key":"FairyPotion"},{"floor":16,"key":"PowerPotion"},{"floor":18,"key":"SneckoOil"},{"floor":24,"key":"SneckoOil"},{"floor":35,"key":"Weak Potion"},{"floor":38,"key":"Strength Potion"},{"floor":42,"key":"Block Potion"},{"floor":44,"key":"Regen Potion"},{"floor":45,"key":"GamblersBrew"}],"is_trial":false,"path_per_floor":["M","?","?","M","T","?","R","$","T","R","E","R","?","M","R","B",null,"M","M","?","T","$","R","E","M","T","$","R","M","R","M","R","B",null,"M","?","?","M","T","E","R","M","T","M","M","M","$","M","R","B",null,"R","$","E","B"],"character_chosen":"IRONCLAD","items_purchased":["Red Skull","Lee\u0027s Waffle","Centennial Puzzle","Spot Weakness+1","Membership Card","Kunai","Nunchaku"],"campfire_rested":5,"item_purchase_floors":[8,22,22,27,47,47,47],"current_hp_per_floor":[83,83,83,85,85,73,73,73,73,73,63,63,63,70,70,31,99,86,48,29,29,106,106,45,35,35,35,68,52,52,44,78,52,114,92,60,60,49,49,41,77,79,79,85,75,82,82,68,108,46,134,134,134,49,0,0],"gold":51,"neow_bonus":"ONE_RANDOM_RARE_CARD","is_daily":false,"chose_seed":false,"campfire_upgraded":5,"win_rate":0.0,"timestamp":1614230919,"path_taken":["M","?","?","?","?","?","R","$","T","R","E","R","?","M","R","BOSS","M","M","?","?","$","R","E","M","T","$","R","M","R","M","R","BOSS","M","?","?","?","?","E","R","M","T","?","M","M","$","M","R","BOSS","R","$","E","BOSS"],"items_purchased_type":["Relic","Relic","Relic","Card","Relic","Relic","Relic"],"build_version":"2020-12-22","purchased_purges":2,"victory":false,"max_hp_per_floor":[83,83,83,87,87,87,87,87,87,87,91,91,91,95,95,99,99,99,99,99,99,106,106,106,110,110,110,110,114,114,114,114,114,114,118,122,122,122,122,122,122,122,122,126,130,134,134,134,134,134,134,134,134,134,134,134],"card_choices":[{"not_picked":["Pommel Strike","Thunderclap","Rupture"],"picked":"SKIP","floor":1},{"not_picked":["Wild Strike","Whirlwind","Twin Strike"],"picked":"SKIP","floor":4},{"not_picked":["Seeing Red+1","Sentinel+1"],"picked":"Metallicize","floor":11},{"not_picked":["Clash","True Grit+1","Sword Boomerang"],"picked":"SKIP","floor":14},{"not_picked":["Headbutt","Clash"],"picked":"Thunderclap+1","floor":18},{"not_picked":["Clash+1","Clothesline"],"picked":"Warcry+1","floor":19},{"not_picked":["Clothesline","Shockwave+1","Perfected Strike"],"picked":"SKIP","floor":24},{"not_picked":["Pommel Strike","Disarm+1"],"picked":"Warcry+1","floor":25},{"not_picked":["Shockwave+1","Carnage","Rampage"],"picked":"SKIP","floor":29},{"not_picked":["Ghostly Armor+1","Clothesline+1"],"picked":"Flex+1","floor":31},{"not_picked":["Clothesline","Armaments+1","Thunderclap+1"],"picked":"SKIP","floor":35},{"not_picked":["Warcry+1","Bloodletting+1","Hemokinesis"],"picked":"SKIP","floor":38},{"not_picked":["Pummel","Spot Weakness+1","Feel No Pain+1"],"picked":"SKIP","floor":40},{"not_picked":["Bloodletting+1","Pummel"],"picked":"Intimidate+1","floor":42},{"not_picked":["Thunderclap","Dual Wield+1","Pommel Strike+1"],"picked":"SKIP","floor":44},{"not_picked":["Dual Wield+1","Uppercut","Hemokinesis"],"picked":"SKIP","floor":45},{"not_picked":["Twin Strike","Anger","Dual Wield+1"],"picked":"SKIP","floor":46},{"not_picked":["Perfected Strike","Pommel Strike+1","Power Through+1"],"picked":"SKIP","floor":48},{"not_picked":["Reckless Charge","Corruption","Searing Blow"],"picked":"SKIP","floor":54}],"player_experience":210854,"relics_obtained":[{"floor":5,"key":"Tiny Chest"},{"floor":9,"key":"Matryoshka"},{"floor":11,"key":"Toxic Egg 2"},{"floor":21,"key":"Bag of Preparation"},{"floor":24,"key":"Calipers"},{"floor":26,"key":"PreservedInsect"},{"floor":26,"key":"Bronze Scales"},{"floor":36,"key":"Charon\u0027s Ashes"},{"floor":39,"key":"Bottled Tornado"},{"floor":40,"key":"Anchor"},{"floor":43,"key":"Meat on the Bone"},{"floor":54,"key":"Ornamental Fan"}],"event_choices":[{"damage_healed":0,"gold_gain":0,"player_choice":"Grow","damage_taken":0,"max_hp_gain":0,"max_hp_loss":0,"event_name":"Living Wall","floor":2,"gold_loss":0,"cards_upgraded":["Feed"]},{"damage_healed":0,"gold_gain":0,"player_choice":"Got Potions","damage_taken":0,"max_hp_gain":0,"max_hp_loss":0,"event_name":"Lab","floor":3,"gold_loss":0},{"damage_healed":0,"gold_gain":0,"player_choice":"Relic ","damage_taken":12,"max_hp_gain":0,"max_hp_loss":0,"event_name":"betterThird:BetterScrap","floor":6,"gold_loss":0,"cards_obtained":["Echo Form"]},{"damage_healed":0,"gold_gain":0,"player_choice":"Box","damage_taken":0,"relics_obtained":["Pen Nib"],"max_hp_gain":0,"max_hp_loss":0,"event_name":"Big Fish","floor":13,"gold_loss":0,"cards_obtained":["Regret"]},{"damage_healed":0,"gold_gain":180,"player_choice":"GOLD GOLD ","damage_taken":19,"max_hp_gain":0,"max_hp_loss":0,"event_name":"Knowing Skull","floor":20,"potions_obtained":[],"gold_loss":0,"cards_obtained":[]},{"damage_healed":0,"gold_gain":0,"player_choice":"Fight","damage_taken":0,"max_hp_gain":0,"max_hp_loss":0,"event_name":"Mysterious Sphere","floor":36,"gold_loss":0},{"damage_healed":0,"gold_gain":0,"player_choice":"Copied","damage_taken":0,"max_hp_gain":0,"max_hp_loss":0,"event_name":"Duplicator","floor":37,"gold_loss":0,"cards_obtained":["Metallicize"]}],"is_beta":false,"boss_relics":[{"not_picked":["Tiny House","SacredBark"],"picked":"Mark of Pain"},{"not_picked":["Velvet Choker","Runic Cube"],"picked":"Fusion Hammer"}],"items_purged_floors":[22,47],"is_endless":false,"potions_floor_spawned":[4,14,16,18,24,31,35,38,42,44,45,48],"killed_by":"The Heart","ascension_level":2}}