{"host":"9qgbal69wq5palas","time":1614267495,"event":{"mods":["2.2 Compatiblity","Abigail Mod","AchievementEnabler","Act Like it!","Aspiration","Astrologer","Bartender","BaseMod","Better Altar","Better Note","Better Skull","Better Third Choice","Colored Powertips","Hallownest","Hermit","Highlight Path","Hubris","Infinite Spire","Jorbs\u0027s Wanderer Trilogy","Koishi","Lobotomy","Minty Spire (QoL Compilation)","Potionbrewer","Quick Restart","Random Character Button","Replay The Spire","Shade Mod","Shop Mod","Spicy Shops","StSLib","The Animator","The Bug Knight","The Cursed","The Disciple","The Exalted","The Hierophant","The Necromancer","The Servant 0.9.4","Wandering Minibosses"],"gold_per_floor":[110,128,128,139,14,14,33,58,112,112,12,25,50,66,66,171,171,191,208,208,225,236,270,297,338,403,415,452,464,511,540,552,667,679,709,732,763,775,807,852,880,921,933,975,1010,189,189,205,205,205,205,205,205,8,37,37],"floor_reached":57,"language":"ENG","playtime":6202,"items_purged":["Pain","Koishi:BasicStrike","Koishi:BasicDefend","Koishi:BasicStrike","Koishi:BasicDefend","Koishi:BasicStrike"],"score":1809,"play_id":"3633b341-8029-455a-9c2e-b0250914f253","local_time":"20210225163815","is_ascension_mode":true,"campfire_choices":[{"data":"Koishi:PredatoryInstincts","floor":6,"key":"SMITH"},{"data":"Koishi:MindNumbingTerror","floor":10,"key":"SMITH"},{"data":"Koishi:JumpScare","floor":15,"key":"SMITH"},{"data":"Koishi:PerfectMindControl","floor":29,"key":"SMITH"},{"data":"Koishi:BramblyRoseGarden","floor":32,"key":"SMITH"},{"floor":49,"key":"RECALL"},{"data":"Koishi:HeartStoppingHorror","floor":53,"key":"SMITH"}],"circlet_count":0,"master_deck":["Koishi:BasicStrike","Koishi:BasicDefend","Koishi:BasicDefend","Koishi:Provoke","Koishi:HauntingSlash","Koishi:DNAsFlaw","Koishi:EmbryosDream","Koishi:PredatoryInstincts+1","Koishi:MindNumbingTerror+1","Koishi:YoukaiPolygraph","Koishi:Catatonia","Koishi:JumpScare+1","Koishi:DreadfulBlow","Koishi:PerfectMindControl+1","Koishi:RacingHeart","Koishi:BramblyRoseGarden+1","Koishi:PredatoryInstincts","Koishi:YoukaiPolygraph+1","Koishi:Untouchable+1","Koishi:TraumaticStroke","Koishi:BloodcurdlingScream+1","Koishi:HeartStoppingHorror+1","Koishi:TremblingHands+1","Koishi:PerfectMindControl","Koishi:VengefulSpirit+1","Koishi:RoseHell","Koishi:RuptureMind","Koishi:PredatoryInstincts","ReplayTheSpireMod:Private Reserves","Panache","Koishi:MindNumbingTerror+1","Koishi:BramblyRoseGarden"],"relics":["Koishi:ImaginaryFriend","Smiling Mask","WarpedTongs","Replay:Baseball","aspiration:Lifesprig","Bag of Marbles","SacredBark","MawBank","hubris:MysteriousPyramids","aspiration:RitualStick","Bromod:ArcaneMomentum","HornCleat","aspiration:SecretTechniqueScroll","infinitespire:Satchel","Mercury Hourglass","aspiration:FetidBarrel","Orichalcum","Akabeko","potionbrewer:Torch","HandDrill","Strawberry"],"acts_visited":["Exordium","TheCity","TheBeyond","TheEnding"],"potions_floor_usage":[12,16,23,30,33,50,54,55,55,56,56,56,56,56],"damage_taken":[{"damage":0,"enemies":"2 Louse","floor":1,"turns":4},{"damage":1,"enemies":"Cultist","floor":2,"turns":6},{"damage":3,"enemies":"Small Slimes","floor":4,"turns":9},{"damage":6,"enemies":"Looter","floor":7,"turns":3},{"damage":32,"enemies":"Gremlin Nob","floor":8,"turns":6},{"damage":0,"enemies":"Gremlin Gang","floor":12,"turns":4},{"damage":5,"enemies":"3 Sentries","floor":13,"turns":9},{"damage":2,"enemies":"Large Slime","floor":14,"turns":5},{"damage":45,"enemies":"Fading Forest","floor":16,"turns":11},{"damage":23,"enemies":"3 Byrds","floor":18,"turns":5},{"damage":4,"enemies":"Spheric Guardian","floor":19,"turns":3},{"damage":1,"enemies":"Snake Plant","floor":21,"turns":4},{"damage":25,"enemies":"Sentry and Sphere","floor":22,"turns":6},{"damage":7,"enemies":"Slavers","floor":23,"turns":7},{"damage":24,"enemies":"Shelled Parasite and Fungi","floor":24,"turns":4},{"damage":18,"enemies":"Gremlin Leader","floor":25,"turns":5},{"damage":39,"enemies":"Slavers","floor":28,"turns":5},{"damage":10,"enemies":"Book of Stabbing","floor":30,"turns":6},{"damage":8,"enemies":"Cultist and Chosen","floor":31,"turns":5},{"damage":16,"enemies":"Collector","floor":33,"turns":8},{"damage":5,"enemies":"3 Shapes","floor":35,"turns":4},{"damage":0,"enemies":"Orb Walker","floor":36,"turns":4},{"damage":34,"enemies":"Maw","floor":37,"turns":7},{"damage":11,"enemies":"Spire Growth","floor":39,"turns":5},{"damage":0,"enemies":"Nemesis","floor":40,"turns":6},{"damage":0,"enemies":"3 Darklings","floor":41,"turns":4},{"damage":0,"enemies":"R_Hoarder","floor":42,"turns":6},{"damage":12,"enemies":"Reptomancer","floor":44,"turns":4},{"damage":0,"enemies":"Sphere and 2 Shapes","floor":48,"turns":3},{"damage":0,"enemies":"hubris:GrandSnecko","floor":50,"turns":9},{"damage":0,"enemies":"Shield and Spear","floor":55,"turns":3},{"damage":65,"enemies":"The Heart","floor":56,"turns":6}],"seed_played":"-4816922466989310194","potions_obtained":[{"floor":4,"key":"potionbrewer:InfectionPotion"},{"floor":7,"key":"SpeedPotion"},{"floor":13,"key":"SteroidPotion"},{"floor":21,"key":"potionbrewer:NoxiousPotion"},{"floor":24,"key":"GamblersBrew"},{"floor":25,"key":"potionbrewer:BarricadePotion"},{"floor":28,"key":"potionbrewer:NoxiousPotion"},{"floor":31,"key":"EntropicBrew"},{"floor":35,"key":"Milkshake"},{"floor":37,"key":"potionbrewer:DiscountPotion"},{"floor":44,"key":"EntropicBrew"}],"is_trial":false,"path_per_floor":["M","M","?","M","$","R","M","E","T","R","$","M","E","M","R","B",null,"M","M","?","M","M","E","M","E","T","?","E","R","E","M","R","B",null,"M","M","M","?","M","E","M","E","T","E","T","$","?","M","R","B",null,null,"R","$","E","B",null],"character_chosen":"KOISHI","items_purchased":["Koishi:MindNumbingTerror","Koishi:PredatoryInstincts","ReplayTheSpireMod:Private Reserves","potionbrewer:Torch","HandDrill","Panache","Fruit Juice"],"campfire_rested":0,"item_purchase_floors":[5,46,46,46,46,46,54],"current_hp_per_floor":[55,56,56,54,54,54,56,32,32,32,32,45,44,57,57,34,54,53,58,58,60,46,60,60,60,60,48,43,43,54,60,60,60,60,60,60,50,50,59,60,60,60,60,60,60,60,60,60,60,60,60,60,60,70,77,38],"gold":37,"neow_bonus":"RANDOM_COMMON_RELIC","is_daily":false,"chose_seed":false,"campfire_upgraded":6,"win_rate":0.0,"timestamp":1614267495,"path_taken":["M","M","?","M","$","R","?","E","T","R","$","M","E","M","R","BOSS","M","?","?","M","M","E","?","E","T","?","E","R","E","M","R","BOSS","M","M","M","?","M","E","M","E","T","E","?","$","?","M","R","BOSS","R","$","E","BOSS"],"items_purchased_type":["Card","Card","Card","Relic","Relic","Card","Potion"],"build_version":"2020-12-22","purchased_purges":6,"victory":true,"max_hp_per_floor":[60,60,60,60,60,60,60,60,60,60,60,60,60,60,60,60,60,60,60,60,60,60,60,60,60,60,60,60,60,60,60,60,60,60,60,60,60,60,60,60,60,60,60,60,60,60,60,60,60,60,60,60,60,70,77,77],"card_choices":[{"not_picked":["Koishi:SubterraneanRose","Koishi:SubconsciousSweep"],"picked":"Koishi:DNAsFlaw","floor":1},{"not_picked":["Koishi:RorschachInDanmaku","Koishi:ApparitionsStalkTheNight"],"picked":"Koishi:EmbryosDream","floor":2},{"not_picked":["Koishi:PhantomBarrier","Koishi:UnconsciousUprising"],"picked":"Koishi:PredatoryInstincts","floor":4},{"not_picked":["Koishi:JumpScare","Koishi:BramblyRoseGarden"],"picked":"Koishi:YoukaiPolygraph","floor":7},{"not_picked":["Koishi:UnansweredLove","Koishi:SubconsciousSweep","Koishi:RorschachInDanmaku"],"picked":"SKIP","floor":8},{"not_picked":["Koishi:DanmakuParanoia","Koishi:DNAsFlaw"],"picked":"Koishi:Catatonia","floor":12},{"not_picked":["Koishi:Possession","Koishi:RacingHeart"],"picked":"Koishi:JumpScare","floor":13},{"not_picked":["Koishi:Vanish","Koishi:StrangeCloudFist"],"picked":"Koishi:DreadfulBlow","floor":14},{"not_picked":["Koishi:SuperEgo","Koishi:FadingMemory"],"picked":"Koishi:PerfectMindControl","floor":16},{"not_picked":["Koishi:EmbryosDream+1","Koishi:RorschachInDanmaku"],"picked":"Koishi:RacingHeart","floor":18},{"not_picked":["Koishi:StingingMind","Koishi:Jaunt","Koishi:SubterraneanRose"],"picked":"SKIP","floor":19},{"not_picked":["Koishi:PhantomBarrier","Koishi:Prune+1","Koishi:Vanish"],"picked":"SKIP","floor":21},{"not_picked":["Koishi:GhostParty","Koishi:ParalyzingFear"],"picked":"Koishi:BramblyRoseGarden","floor":22},{"not_picked":["Koishi:FleetingPhantom","Koishi:ReflexRadar"],"picked":"Koishi:PredatoryInstincts","floor":23},{"not_picked":["Koishi:Jaunt","Koishi:UnansweredLove"],"picked":"Koishi:YoukaiPolygraph+1","floor":24},{"not_picked":["Koishi:RacingHeart+1","Koishi:YoukaiPolygraph"],"picked":"Koishi:Untouchable+1","floor":25},{"not_picked":["Koishi:GrowingPain","Koishi:ReleaseOfTheId","Koishi:SpiritedAway"],"picked":"SKIP","floor":28},{"not_picked":["Koishi:PerfectMindControl","Koishi:SubterraneanRose"],"picked":"Koishi:TraumaticStroke","floor":30},{"not_picked":["Koishi:Jaunt","Koishi:PhantomStrike"],"picked":"Koishi:BloodcurdlingScream+1","floor":31},{"not_picked":["Koishi:MentalBreakdown","Koishi:Ego"],"picked":"Koishi:HeartStoppingHorror","floor":33},{"not_picked":["Koishi:PhantomStrike","Koishi:DreadfulBlow+1"],"picked":"Koishi:TremblingHands+1","floor":35},{"not_picked":["Koishi:FleetingPhantom","Koishi:Prune"],"picked":"Koishi:PerfectMindControl","floor":36},{"not_picked":["Koishi:IdleWhim+1","Koishi:Prune+1","Koishi:StingingMind"],"picked":"SKIP","floor":37},{"not_picked":["Koishi:Jaunt+1","Koishi:DreadfulBlow","Koishi:RacingHeart+1"],"picked":"SKIP","floor":39},{"not_picked":["Koishi:IdleWhim+1","Koishi:Prune"],"picked":"Koishi:VengefulSpirit+1","floor":40},{"not_picked":["Koishi:Jaunt","Koishi:SpiritedAway"],"picked":"Koishi:RoseHell","floor":41},{"not_picked":["Koishi:UnconsciousUrges+1","Koishi:RacingHeart"],"picked":"Koishi:RuptureMind","floor":42},{"not_picked":["Koishi:UnconsciousUrges","Koishi:Whimsy","Koishi:TraumaticStroke+1"],"picked":"SKIP","floor":44},{"not_picked":["Koishi:SubconsciousSweep+1","Koishi:DreadfulBlow","Koishi:SpiritedAway+1"],"picked":"SKIP","floor":48},{"not_picked":["Koishi:HeartfeltFancy+1","Koishi:UnansweredLove+1"],"picked":"Koishi:BramblyRoseGarden","floor":55}],"player_experience":2813272,"relics_obtained":[{"floor":8,"key":"Replay:Baseball"},{"floor":9,"key":"aspiration:Lifesprig"},{"floor":13,"key":"Bag of Marbles"},{"floor":23,"key":"MawBank"},{"floor":25,"key":"hubris:MysteriousPyramids"},{"floor":28,"key":"Bromod:ArcaneMomentum"},{"floor":30,"key":"HornCleat"},{"floor":40,"key":"infinitespire:Satchel"},{"floor":42,"key":"Mercury Hourglass"},{"floor":43,"key":"aspiration:FetidBarrel"},{"floor":44,"key":"Orichalcum"},{"floor":45,"key":"Akabeko"},{"floor":55,"key":"Strawberry"}],"event_choices":[{"damage_healed":0,"gold_gain":0,"player_choice":"Rummage","damage_taken":0,"relics_obtained":["WarpedTongs"],"max_hp_gain":0,"max_hp_loss":0,"event_name":"Accursed Blacksmith","floor":3,"gold_loss":0,"cards_obtained":["Pain"]},{"damage_healed":0,"gold_gain":0,"player_choice":"Ignored","damage_taken":0,"max_hp_gain":0,"max_hp_loss":0,"event_name":"The Mausoleum","floor":20,"gold_loss":0},{"damage_healed":0,"gold_gain":0,"player_choice":"Copied","damage_taken":0,"max_hp_gain":0,"max_hp_loss":0,"event_name":"Duplicator","floor":47,"gold_loss":0,"cards_obtained":["Koishi:MindNumbingTerror"]}],"is_beta":false,"boss_relics":[{"not_picked":["Snecko Eye","hubris:HollowSoul"],"picked":"SacredBark"},{"not_picked":["Calling Bell","hubris:BlackHole"],"picked":"aspiration:SecretTechniqueScroll"}],"items_purged_floors":[5,11,11,46,54,54],"is_endless":false,"potions_floor_spawned":[4,7,13,21,24,25,28,31,35,37,40,42,44],"ascension_level":6}}