{"host":"9l1knhxfturzliqa","time":1614225877,"event":{"mods":["AchievementEnabler","BaseMod","Colored Map","Colored Powertips","DeckTracker","Highlight Path","Keyboard Shortcuts","Minty Spire (QoL Compilation)","Random Character Button"],"gold_per_floor":[112,131,141,141,66,91,108,143,143,174,187,187,202,215,215,289,289,303,303,303,321,334,364,364,394,418,444,95,123,135,148,148,224,224,244,260,285,42,57,92,92,127,174,190,201,201,219,94,94,94],"floor_reached":51,"language":"KOR","playtime":5185,"items_purged":["Strike_B","Writhe","Defend_B"],"score":1470,"play_id":"3fe4bccb-003d-40cc-ae7d-f1f2435c39d6","local_time":"20210225130437","is_ascension_mode":true,"campfire_choices":[{"data":"Defragment","floor":12.0,"key":"SMITH"},{"floor":15.0,"key":"REST"},{"data":"Amplify","floor":24.0,"key":"SMITH"},{"data":"Echo Form","floor":32,"key":"SMITH"},{"data":"Strike_B","floor":41,"key":"PURGE"},{"data":"Electrodynamics","floor":46,"key":"SMITH"},{"floor":49,"key":"REST"}],"circlet_count":0,"master_deck":["AscendersBane","Strike_B","Defend_B","Zap+1","Dualcast+1","Defragment+1","BootSequence","Glacier+1","Core Surge","Ball Lightning","Capacitor","Cold Snap","Amplify+1","Leap+1","Coolheaded+1","Undo+1","Go for the Eyes+1","Storm","Thunder Strike","Echo Form+1","Lockon","Fusion+1","Chill+1","White Noise+1","Blizzard+1","Consume","Electrodynamics+1","Tempest+1","Conserve Battery+1"],"relics":["Cracked Core","NeowsBlessing","Mango","Pantograph","Peace Pipe","Turnip","Astrolabe","PreservedInsect","Meat on the Bone","Bronze Scales","Thread and Needle","Ancient Tea Set","Ginger","War Paint","Pocketwatch","Inserter","Torii","Strange Spoon","Kunai","Darkstone Periapt","Whetstone"],"acts_visited":["Exordium","TheCity","TheBeyond"],"potions_floor_usage":[42,42,45,47,50],"damage_taken":[{"damage":0.0,"enemies":"Cultist","floor":1.0,"turns":1.0},{"damage":0.0,"enemies":"Jaw Worm","floor":2.0,"turns":1.0},{"damage":0.0,"enemies":"2 Louse","floor":3.0,"turns":1.0},{"damage":18.0,"enemies":"Gremlin Nob","floor":6.0,"turns":6.0},{"damage":6.0,"enemies":"Exordium Wildlife","floor":7.0,"turns":5.0},{"damage":10.0,"enemies":"Lagavulin","floor":8.0,"turns":7.0},{"damage":10.0,"enemies":"Gremlin Nob","floor":10.0,"turns":4.0},{"damage":4.0,"enemies":"Red Slaver","floor":11.0,"turns":3.0},{"damage":12.0,"enemies":"2 Fungi Beasts","floor":13.0,"turns":3.0},{"damage":0.0,"enemies":"Looter","floor":14.0,"turns":4.0},{"damage":12.0,"enemies":"The Guardian","floor":16.0,"turns":10.0},{"damage":6.0,"enemies":"Shell Parasite","floor":18.0,"turns":6.0},{"damage":0.0,"enemies":"Chosen","floor":21.0,"turns":6.0},{"damage":4.0,"enemies":"Centurion and Healer","floor":22.0,"turns":15.0},{"damage":21.0,"enemies":"Gremlin Leader","floor":23.0,"turns":8.0},{"damage":6.0,"enemies":"Slavers","floor":25.0,"turns":6.0},{"damage":19.0,"enemies":"Book of Stabbing","floor":27.0,"turns":5.0},{"damage":25.0,"enemies":"Slavers","floor":29.0,"turns":5.0},{"damage":0,"enemies":"Snecko","floor":30,"turns":5},{"damage":21,"enemies":"3 Cultists","floor":31,"turns":6},{"damage":42,"enemies":"Automaton","floor":33,"turns":11},{"damage":25,"enemies":"3 Darklings","floor":35,"turns":7},{"damage":0,"enemies":"3 Shapes","floor":36,"turns":6},{"damage":0,"enemies":"Mind Bloom Boss Battle","floor":37,"turns":8},{"damage":0,"enemies":"Sphere and 2 Shapes","floor":39,"turns":5},{"damage":2,"enemies":"Giant Head","floor":40,"turns":10},{"damage":10,"enemies":"Reptomancer","floor":42,"turns":7},{"damage":1,"enemies":"3 Darklings","floor":44,"turns":5},{"damage":26,"enemies":"Writhing Mass","floor":45,"turns":5},{"damage":1,"enemies":"Spire Growth","floor":47,"turns":6},{"damage":88,"enemies":"Awakened One","floor":50,"turns":10}],"seed_played":"3116977063792025664","potions_obtained":[{"floor":1.0,"key":"FearPotion"},{"floor":2.0,"key":"Weak Potion"},{"floor":7.0,"key":"Energy Potion"},{"floor":10.0,"key":"SteroidPotion"},{"floor":13.0,"key":"Block Potion"},{"floor":22.0,"key":"Weak Potion"},{"floor":23.0,"key":"Energy Potion"},{"floor":27.0,"key":"Fire Potion"},{"floor":30,"key":"PotionOfCapacity"},{"floor":31,"key":"BlessingOfTheForge"},{"floor":37,"key":"Explosive Potion"},{"floor":42,"key":"FairyPotion"},{"floor":44,"key":"ColorlessPotion"},{"floor":45,"key":"Swift Potion"},{"floor":47,"key":"Explosive Potion"}],"is_trial":false,"path_per_floor":["M","M","M","?","$","E","M","E","T","E","M","R","M","M","R","B",null,"M","?","T","M","M","E","R","E","T","E","$","E","M","M","R","B",null,"M","M","?","$","M","E","R","E","T","M","M","R","M","$","R","B",null],"character_chosen":"DEFECT","items_purchased":["War Paint","Lockon","Consume","Strange Spoon"],"campfire_rested":2,"item_purchase_floors":[28,28,38,38],"current_hp_per_floor":[64,64,64,64,64,60,54,44,44,34,30,30,18,18,43,56,78,72,72,72,72,68,47,47,53,53,46,46,33,45,36,36,31,72,47,47,72,72,72,70,70,60,60,59,45,45,44,44,69,36],"gold":94,"neow_bonus":"THREE_ENEMY_KILL","is_daily":false,"chose_seed":false,"campfire_upgraded":4,"win_rate":0.0,"timestamp":1614225877,"path_taken":["M","?","M","?","$","E","M","E","T","E","M","R","M","?","R","BOSS","M","?","?","M","M","E","R","E","T","E","$","E","M","M","R","BOSS","M","M","?","$","M","E","R","E","T","M","M","R","M","$","R","BOSS"],"items_purchased_type":["Relic","Card","Card","Relic"],"build_version":"2020-12-22","purchased_purges":3,"victory":true,"max_hp_per_floor":[71,71,71,71,71,85,85,85,85,85,85,85,85,85,85,85,85,85,85,85,85,85,85,85,85,85,85,85,85,85,85,85,85,85,85,85,85,85,85,85,85,85,85,85,85,85,85,85,85,85],"card_choices":[{"not_picked":["Conserve Battery","Cold Snap"],"picked":"Defragment","floor":1.0},{"not_picked":["Compile Driver","Turbo"],"picked":"BootSequence","floor":2.0},{"not_picked":["Compile Driver","Rip and Tear"],"picked":"Glacier","floor":3.0},{"not_picked":["Force Field","Gash"],"picked":"Core Surge","floor":6.0},{"not_picked":["Darkness","Stack"],"picked":"Ball Lightning","floor":7.0},{"not_picked":["Steam","Redo","Turbo"],"picked":"SKIP","floor":8.0},{"not_picked":["Defragment","Compile Driver"],"picked":"Capacitor","floor":10.0},{"not_picked":["Gash","Chaos","Capacitor"],"picked":"SKIP","floor":11.0},{"not_picked":["Beam Cell","Compile Driver"],"picked":"Cold Snap","floor":13.0},{"not_picked":["Reprogram","Scrape"],"picked":"Amplify","floor":14.0},{"not_picked":["FTL","BootSequence"],"picked":"Go for the Eyes","floor":18.0},{"not_picked":["Gash","Go for the Eyes"],"picked":"Storm","floor":21.0},{"not_picked":["Turbo","Steam","Conserve Battery"],"picked":"SKIP","floor":22.0},{"not_picked":["Streamline","Redo","Darkness"],"picked":"SKIP","floor":23.0},{"not_picked":["Turbo","All For One"],"picked":"Thunder Strike","floor":25.0},{"not_picked":["Tempest","Capacitor"],"picked":"Echo Form","floor":27.0},{"not_picked":["Barrage","Storm","Steam"],"picked":"SKIP","floor":29.0},{"not_picked":["Steam","Coolheaded+1","Ball Lightning"],"picked":"SKIP","floor":30},{"not_picked":["Ball Lightning","Capacitor"],"picked":"Fusion+1","floor":31},{"not_picked":["Cold Snap+1","Compile Driver"],"picked":"Chill+1","floor":35},{"not_picked":["Beam Cell","Ball Lightning"],"picked":"White Noise+1","floor":36},{"not_picked":["Turbo+1","Aggregate"],"picked":"Blizzard","floor":37},{"not_picked":["Hologram","Cold Snap","Darkness"],"picked":"SKIP","floor":39},{"not_picked":["Leap","Storm"],"picked":"Electrodynamics","floor":40},{"not_picked":["Steam","Ball Lightning","Genetic Algorithm"],"picked":"SKIP","floor":42},{"not_picked":["Ball Lightning","FTL","Chill"],"picked":"SKIP","floor":44},{"not_picked":["Undo","Doom and Gloom"],"picked":"Tempest+1","floor":45},{"not_picked":["Melter+1","Go for the Eyes"],"picked":"Conserve Battery+1","floor":47}],"player_experience":734678,"relics_obtained":[{"floor":6.0,"key":"Mango"},{"floor":8.0,"key":"Pantograph"},{"floor":9.0,"key":"Peace Pipe"},{"floor":10.0,"key":"Turnip"},{"floor":20.0,"key":"Meat on the Bone"},{"floor":23.0,"key":"Bronze Scales"},{"floor":25.0,"key":"Thread and Needle"},{"floor":26.0,"key":"Ancient Tea Set"},{"floor":27.0,"key":"Ginger"},{"floor":29.0,"key":"Pocketwatch"},{"floor":37,"key":"Torii"},{"floor":40,"key":"Kunai"},{"floor":42,"key":"Darkstone Periapt"},{"floor":43,"key":"Whetstone"}],"event_choices":[{"damage_healed":0.0,"max_hp_gain":0.0,"max_hp_loss":0.0,"gold_gain":0.0,"event_name":"Upgrade Shrine","player_choice":"Upgraded","floor":4.0,"gold_loss":0.0,"damage_taken":0.0,"cards_upgraded":["Zap"]},{"damage_healed":0.0,"max_hp_gain":0.0,"max_hp_loss":0.0,"gold_gain":0.0,"event_name":"The Mausoleum","player_choice":"Opened","floor":19.0,"gold_loss":0.0,"damage_taken":0.0,"relics_obtained":["PreservedInsect"],"cards_obtained":["Writhe"]},{"damage_healed":0,"gold_gain":0,"player_choice":"Fight","damage_taken":0,"max_hp_gain":0,"max_hp_loss":0,"event_name":"MindBloom","floor":37,"gold_loss":0}],"is_beta":false,"boss_relics":[{"not_picked":["Philosopher\u0027s Stone","Cursed Key"],"picked":"Astrolabe"},{"not_picked":["Tiny House","Coffee Dripper"],"picked":"Inserter"}],"items_purged_floors":[5,28,48],"is_endless":false,"potions_floor_spawned":[1,2,7,10,13,22,23,27,30,31,37,42,44,45,47],"ascension_level":16}}