{"host":"ws1rigs6jhqnf67d","time":1614248767,"event":{"mods":["BaseMod","Friendly Minions","KinomotoSakuraMod(ƒæ÷Æ±æ”£)","Kiyohime£®«Âºß£©","Lobotomy","LobotomyExtend","Marisa£®ÏF”Í°°ƒß¿Ì…≥£©","Minty Spire (QoL Compilation)","Remilia£®¿Ÿ√◊¿Ú—«£©","StSLib","The Bug Knight","The Marked","The Senshi","WarShipGirlsR/’ΩΩ¢…Ÿ≈ÆR mod","Youmu£®ªÍ∆«—˝√Œ£©","[IsaacMod]“‘»ˆº‚À˛"],"gold_per_floor":[116,41,61,71,86,86,97,123,168,179,208,208,228,261,273,387,399,411,435,447,479,491,503,503],"floor_reached":23,"language":"ZHS","playtime":1085,"items_purged":["theMarked:Strike"],"score":317,"play_id":"1774bee4-3d2a-417c-a414-18627f89874d","local_time":"20210225182607","is_ascension_mode":true,"campfire_choices":[{"data":"theMarked:SoldierOfQuellstein","floor":6.0,"key":"SMITH"},{"data":"theMarked:ComboAttacks","floor":15.0,"key":"SMITH"}],"circlet_count":0,"master_deck":["theMarked:Strike","theMarked:Strike","theMarked:Strike","theMarked:Strike","theMarked:Defend","theMarked:Defend","theMarked:Defend","theMarked:Defend","theMarked:SoldierOfQuellstein+1","theMarked:Abjuration","theMarked:BanishingStrike","theMarked:Defy","theMarked:MysticalArsenal","theMarked:WardOff","theMarked:WardOff","theMarked:Heritage","theMarked:ComboAttacks+1","theMarked:EternalStudent","theMarked:EmpowerWeapon","theMarked:RogueSparks"],"relics":["theMarked:ArtifactOfAir","HushsDoor","HollowMod:QueensCombRelic","DeadEye","LetterFromLob","BookOfRevelations","Toy Ornithopter","Molten Egg 2","MawBank","theMarked:Eyepatch","Boot"],"acts_visited":["Exordium","TheCity"],"potions_floor_usage":[23,23,23],"damage_taken":[{"damage":0.0,"enemies":"Jaw Worm","floor":1.0,"turns":3.0},{"damage":1.0,"enemies":"Cultist","floor":3.0,"turns":3.0},{"damage":0.0,"enemies":"2 Louse","floor":4.0,"turns":2.0},{"damage":14.0,"enemies":"Large Slime","floor":5.0,"turns":5.0},{"damage":3.0,"enemies":"Blue Slaver","floor":7.0,"turns":3.0},{"damage":9.0,"enemies":"3 Sentries","floor":8.0,"turns":5.0},{"damage":4.0,"enemies":"2 Fungi Beasts","floor":10.0,"turns":3.0},{"damage":27.0,"enemies":"Gremlin Nob","floor":11.0,"turns":4.0},{"damage":0.0,"enemies":"3 Louse","floor":13.0,"turns":1.0},{"damage":0.0,"enemies":"Lagavulin","floor":14.0,"turns":5.0},{"damage":0.0,"enemies":"The Guardian","floor":16.0,"turns":9.0},{"damage":18.0,"enemies":"2 Thieves","floor":19.0,"turns":5.0},{"damage":21.0,"enemies":"Spheric Guardian","floor":21.0,"turns":5.0},{"damage":42,"enemies":"Slavers","floor":23,"turns":3}],"seed_played":"6640402738360009648","potions_obtained":[{"floor":4.0,"key":"FearPotion"},{"floor":7.0,"key":"Weak Potion"},{"floor":8.0,"key":"Explosive Potion"},{"floor":21.0,"key":"FearPotion"}],"is_trial":false,"path_per_floor":["M","$","M","M","M","R","M","E","T","M","E","?","M","E","R","B",null,"M","M","?","M","?","E"],"character_chosen":"THE_DEFAULT","items_purchased":[],"campfire_rested":0,"item_purchase_floors":[],"current_hp_per_floor":[48,48,47,48,34,34,39,38,38,42,21,21,25,45,45,48,48,48,30,30,17,17,0,0],"gold":503,"neow_bonus":"ONE_RANDOM_RARE_CARD","is_daily":false,"chose_seed":false,"campfire_upgraded":2,"win_rate":0.0,"timestamp":1614248767,"path_taken":["M","$","M","M","M","R","M","E","T","M","E","?","M","E","R","BOSS","M","M","?","M","?","E"],"items_purchased_type":[],"build_version":"2020-12-22","purchased_purges":1,"victory":false,"max_hp_per_floor":[48,48,48,48,48,48,48,48,48,48,48,48,48,48,48,48,48,48,48,48,48,48,48,48],"card_choices":[{"not_picked":["theMarked:HeightenedSenses","theMarked:ContemptForTheProud"],"picked":"theMarked:BanishingStrike","floor":1.0},{"not_picked":["theMarked:WastefulAttack","theMarked:TheMission","theMarked:Parkour"],"picked":"SKIP","floor":3.0},{"not_picked":["theMarked:MuscleMemory","theMarked:TheMission"],"picked":"theMarked:Defy","floor":4.0},{"not_picked":["theMarked:StartUp","theMarked:Memento","theMarked:HeightenedSenses"],"picked":"SKIP","floor":5.0},{"not_picked":["theMarked:Aftermath","theMarked:Panic"],"picked":"theMarked:MysticalArsenal","floor":7.0},{"not_picked":["theMarked:BiggerThanFate","theMarked:Convert"],"picked":"theMarked:WardOff","floor":8.0},{"not_picked":["theMarked:Parry","theMarked:Frustration"],"picked":"theMarked:WardOff","floor":10.0},{"not_picked":["theMarked:WastefulAttack+1","theMarked:Aftermath"],"picked":"theMarked:Heritage","floor":11.0},{"not_picked":["theMarked:Parkour+1","theMarked:WastefulAttack+1"],"picked":"theMarked:ComboAttacks","floor":13.0},{"not_picked":["theMarked:TakeCover","theMarked:ChainLightning+1","theMarked:Overcharge"],"picked":"SKIP","floor":14.0},{"not_picked":["theMarked:ThrowWeapon+1","theMarked:Abjuration+1"],"picked":"theMarked:EternalStudent","floor":16.0},{"not_picked":["theMarked:RepellingDischarge+1","theMarked:HeightenedSenses+1"],"picked":"theMarked:EmpowerWeapon","floor":19.0},{"not_picked":["theMarked:GodGivenPower","theMarked:EmpowerWeapon"],"picked":"theMarked:RogueSparks","floor":21.0}],"player_experience":936907,"relics_obtained":[{"floor":1.0,"key":"LetterFromLob"},{"floor":8.0,"key":"BookOfRevelations"},{"floor":9.0,"key":"Toy Ornithopter"},{"floor":11.0,"key":"Molten Egg 2"},{"floor":14.0,"key":"MawBank"}],"event_choices":[{"damage_healed":0.0,"max_hp_gain":0.0,"max_hp_loss":0.0,"gold_gain":0.0,"event_name":"The Mausoleum","player_choice":"Opened","floor":20.0,"gold_loss":0.0,"damage_taken":0.0,"relics_obtained":["Boot"]},{"damage_healed":0.0,"max_hp_gain":0.0,"max_hp_loss":0.0,"gold_gain":0.0,"event_name":"Ghosts","player_choice":"Ignored","floor":22.0,"gold_loss":0.0,"damage_taken":0.0}],"is_beta":false,"boss_relics":[{"not_picked":["Ectoplasm","Cursed Key"],"picked":"theMarked:Eyepatch"},{"not_picked":[]}],"items_purged_floors":[2],"is_endless":false,"potions_floor_spawned":[4,7,8,13,14,21],"killed_by":"Slavers","ascension_level":2}}