{"host":"m3nvt13i50wb5dv0","time":1614259112,"event":{"mods":["2.2 Compatiblity","Act Like it!","BaseMod","Bossed Relics","Curses Come First","Downfall","Fox Events","Minty Spire (QoL Compilation)","Relic Stats","Reliquary","Robot Space Explorer","Ruina","Spire Arcade","StSLib"],"gold_per_floor":[19,38,38,113,113,146,146,160,214,214,65,65,98,108,108,203,203,220,73,185,204,224,224,257,257,257,274,304,304,324,324,324,419,419,439,339,389,389,409,437,437,437,437,452,779,794,794,827,827,827],"floor_reached":51,"language":"ENG","playtime":4929,"items_purged":["Strike_P","Defend_P+1"],"score":1051,"play_id":"5a8b0ba8-55b3-4f20-b055-2dc310301ceb","local_time":"20210225201832","is_ascension_mode":true,"campfire_choices":[{"data":"SashWhip","floor":7.0,"key":"SMITH"},{"data":"Perseverance","floor":10.0,"key":"SMITH"},{"data":"CrushJoints","floor":15.0,"key":"SMITH"},{"data":"SpiritShield","floor":23.0,"key":"SMITH"},{"floor":25.0,"key":"REST"},{"floor":32.0,"key":"REST"},{"data":"TalkToTheHand","floor":41,"key":"SMITH"},{"floor":49,"key":"REST"}],"circlet_count":0,"master_deck":["AscendersBane","Eruption+1","Vigilance","TalkToTheHand+1","Vengeance","SashWhip+1","Perseverance+1","EmptyBody","SpiritShield+1","WindmillStrike+1","CrushJoints+1","LessonLearned+1","CutThroughFate+1","Adaptation+1","Wallop+1","BowlingBash","Omniscience+1","Meditate+1","Devotion+1","Wallop+1","Crescendo","CutThroughFate","Halt","Brilliance"],"relics":["PureWater","Oddly Smooth Stone","Art of War","reliquary:SilkGlove","Velvet Choker","reliquary:RoseTintedGlasses","reliquary:IvoryTrinket","Lizard Tail","Empty Cage","CaptainsWheel","reliquary:Spinner","Bottled Tornado","Singing Bowl","Old Coin","Smiling Mask"],"acts_visited":["Exordium","ruina:Briah","TheBeyond"],"potions_floor_usage":[37,48],"damage_taken":[{"damage":0.0,"enemies":"2 Louse","floor":1.0,"turns":2.0},{"damage":0.0,"enemies":"Small Slimes","floor":2.0,"turns":3.0},{"damage":20.0,"enemies":"Gremlin Nob","floor":6.0,"turns":3.0},{"damage":0.0,"enemies":"Jaw Worm","floor":8.0,"turns":3.0},{"damage":7.0,"enemies":"3 Sentries","floor":13.0,"turns":14.0},{"damage":0.0,"enemies":"Looter","floor":14.0,"turns":3.0},{"damage":0.0,"enemies":"Slime Boss","floor":16.0,"turns":3.0},{"damage":0.0,"enemies":"ruina:2_Scarecrows","floor":18.0,"turns":5.0},{"damage":0.0,"enemies":"ruina:Nosferatu","floor":21.0,"turns":8.0},{"damage":2.0,"enemies":"ruina:QueenOfHate","floor":22.0,"turns":5.0},{"damage":29.0,"enemies":"ruina:Mountain","floor":24.0,"turns":8.0},{"damage":12.0,"enemies":"ruina:Nos_and_Bat","floor":27.0,"turns":8.0},{"damage":4.0,"enemies":"ruina:ServantOfWrath","floor":28.0,"turns":7.0},{"damage":3.0,"enemies":"ruina:KnightOfDespair","floor":30.0,"turns":6.0},{"damage":10.0,"enemies":"ruina:Ozma","floor":33.0,"turns":15.0},{"damage":0.0,"enemies":"Orb Walker","floor":35.0,"turns":3.0},{"damage":12,"enemies":"Mind Bloom Boss Battle","floor":37,"turns":7},{"damage":11,"enemies":"3 Shapes","floor":39,"turns":5},{"damage":28,"enemies":"Reptomancer","floor":40,"turns":5},{"damage":0,"enemies":"Maw","floor":44,"turns":7},{"damage":12,"enemies":"Nemesis","floor":45,"turns":7},{"damage":0,"enemies":"3 Darklings","floor":46,"turns":7},{"damage":17,"enemies":"Reptomancer","floor":48,"turns":6},{"damage":25,"enemies":"Awakened One","floor":50,"turns":9}],"seed_played":"959672092155339449","potions_obtained":[{"floor":1.0,"key":"champ:CounterPotion"},{"floor":6.0,"key":"SkillPotion"},{"floor":16.0,"key":"Fruit Juice"},{"floor":22.0,"key":"BottledMiracle"},{"floor":27.0,"key":"Weak Potion"},{"floor":28.0,"key":"BlessingOfTheForge"},{"floor":33.0,"key":"Regen Potion"},{"floor":39,"key":"FairyPotion"},{"floor":44,"key":"FearPotion"}],"is_trial":false,"path_per_floor":["M","M","?","?","?","E","R","M","T","R","$","?","E","M","R","B",null,"M","$","?","M","M","R","E","R","T","M","E","?","M","?","R","B",null,"M","$","?","?","M","E","R","T","T","M","E","M","?","E","R","B",null],"character_chosen":"WATCHER","items_purchased":["SpiritShield","Adaptation","Wallop"],"campfire_rested":3,"item_purchase_floors":[11,19,19],"current_hp_per_floor":[65,65,65,54,59,39,39,39,39,39,39,39,32,32,32,32,66,66,66,66,66,64,64,35,58,58,51,47,47,44,44,68,58,76,76,76,79,79,68,40,40,40,40,40,30,30,30,15,40,15],"gold":827,"neow_bonus":"TRANSFORM_TWO_CARDS","is_daily":false,"chose_seed":false,"campfire_upgraded":5,"win_rate":0.0,"timestamp":1614259112,"path_taken":["M","M","?","?","?","E","R","M","T","R","?","?","E","M","R","BOSS","M","$","?","M","M","R","E","R","T","?","E","?","M","?","R","BOSS","M","$","?","?","?","E","R","?","T","M","E","M","?","E","R","BOSS"],"items_purchased_type":["Card","Card","Card"],"build_version":"2020-12-22","purchased_purges":2,"victory":true,"max_hp_per_floor":[72,72,72,72,77,77,77,77,77,77,77,77,77,77,77,77,77,77,77,77,77,77,77,77,77,77,82,82,82,82,82,82,82,82,82,82,82,82,82,82,82,82,82,82,84,84,84,86,86,86],"relic_stats":{"Lizard Tail":0,"Singing Bowl":4,"counters":[24,149],"Art of War":[31],"Smiling Mask":0,"obtain_stats":[{"reliquary:IvoryTrinket":26,"reliquary:SilkGlove":13,"Singing Bowl":43,"Oddly Smooth Stone":6,"Velvet Choker":17,"reliquary:Spinner":40,"Bottled Tornado":42,"Empty Cage":34,"Smiling Mask":48,"Old Coin":45,"Frozen Eye":18,"Lizard Tail":28,"CaptainsWheel":37,"reliquary:RoseTintedGlasses":24,"Art of War":9,"PureWater":0},{"reliquary:IvoryTrinket":11,"reliquary:SilkGlove":5,"Singing Bowl":19,"Oddly Smooth Stone":3,"Velvet Choker":7,"reliquary:Spinner":19,"Bottled Tornado":19,"Empty Cage":15,"Smiling Mask":23,"Old Coin":21,"Frozen Eye":7,"Lizard Tail":13,"CaptainsWheel":17,"reliquary:RoseTintedGlasses":11,"Art of War":4,"PureWater":0},{"reliquary:IvoryTrinket":57,"reliquary:SilkGlove":25,"Singing Bowl":113,"Oddly Smooth Stone":8,"Velvet Choker":31,"reliquary:Spinner":113,"Bottled Tornado":113,"Empty Cage":93,"Smiling Mask":140,"Old Coin":127,"Frozen Eye":31,"Lizard Tail":72,"CaptainsWheel":103,"reliquary:RoseTintedGlasses":57,"Art of War":11,"PureWater":0}]},"card_choices":[{"not_picked":["Vengeance","MentalFortress"],"picked":"SashWhip","floor":1.0},{"not_picked":["MentalFortress","WreathOfFlame"],"picked":"Perseverance","floor":2.0},{"not_picked":["JustLucky","ThirdEye"],"picked":"EmptyFist","floor":6.0},{"not_picked":["Protect","FollowUp"],"picked":"EmptyBody","floor":8.0},{"not_picked":["Wish","SashWhip"],"picked":"WindmillStrike","floor":13.0},{"not_picked":["FlyingSleeves","Evaluate"],"picked":"CrushJoints","floor":14.0},{"not_picked":["Judgement","Blasphemy"],"picked":"LessonLearned","floor":16.0},{"not_picked":["WreathOfFlame","Vengeance"],"picked":"CutThroughFate+1","floor":18.0},{"not_picked":["FlyingSleeves","Study"],"picked":"BowlingBash","floor":21.0},{"not_picked":["SashWhip","Swivel","Perseverance"],"picked":"SKIP","floor":22.0},{"not_picked":["JustLucky+1","Protect"],"picked":"Omniscience","floor":24.0},{"not_picked":["ThirdEye","Weave","Evaluate"],"picked":"SKIP","floor":27.0},{"not_picked":["WheelKick","EmptyFist+1","FollowUp"],"picked":"SKIP","floor":28.0},{"not_picked":["SignatureMove","ThirdEye"],"picked":"Meditate+1","floor":30.0},{"not_picked":["LessonLearned","Omniscience"],"picked":"Devotion","floor":33.0},{"not_picked":["PathToVictory+1","Wallop","EmptyFist+1"],"picked":"SKIP","floor":35.0},{"not_picked":["PathToVictory+1","EmptyFist+1"],"picked":"Wallop","floor":35.0},{"not_picked":["BattleHymn","FlyingSleeves"],"picked":"Crescendo","floor":39},{"not_picked":["FlurryOfBlows","SashWhip"],"picked":"CutThroughFate","floor":40},{"not_picked":["Crescendo+1","CutThroughFate"],"picked":"Halt","floor":44},{"not_picked":["FollowUp","Pray+1","WheelKick"],"picked":"Singing Bowl","floor":45},{"not_picked":["Adaptation","Prostrate"],"picked":"Brilliance","floor":46},{"not_picked":["CarveReality","ClearTheMind","EmptyBody"],"picked":"Singing Bowl","floor":48}],"player_experience":1448408,"relics_obtained":[{"floor":6.0,"key":"Oddly Smooth Stone"},{"floor":9.0,"key":"Art of War"},{"floor":13.0,"key":"reliquary:SilkGlove"},{"floor":24.0,"key":"reliquary:RoseTintedGlasses"},{"floor":26.0,"key":"reliquary:IvoryTrinket"},{"floor":28.0,"key":"Lizard Tail"},{"floor":37,"key":"CaptainsWheel"},{"floor":40,"key":"reliquary:Spinner"},{"floor":42,"key":"Bottled Tornado"},{"floor":43,"key":"Singing Bowl"},{"floor":45,"key":"Old Coin"},{"floor":48,"key":"Smiling Mask"}],"event_choices":[{"damage_healed":0.0,"max_hp_gain":0.0,"max_hp_loss":0.0,"gold_gain":0.0,"event_name":"Liars Game","player_choice":"Ignored","floor":3.0,"gold_loss":0.0,"damage_taken":0.0},{"damage_healed":0.0,"max_hp_gain":0.0,"max_hp_loss":0.0,"gold_gain":75.0,"event_name":"World of Goop","player_choice":"Gather Gold","floor":4.0,"gold_loss":0.0,"damage_taken":11.0},{"damage_healed":0.0,"max_hp_gain":5.0,"max_hp_loss":0.0,"gold_gain":0.0,"event_name":"Big Fish","player_choice":"Donut","floor":5.0,"gold_loss":0.0,"damage_taken":0.0},{"damage_healed":0.0,"max_hp_gain":0.0,"max_hp_loss":0.0,"gold_gain":0.0,"event_name":"Living Wall","player_choice":"Grow","floor":12.0,"gold_loss":0.0,"damage_taken":0.0,"cards_upgraded":["Eruption"]},{"damage_healed":0,"gold_gain":0,"player_choice":"Fight","damage_taken":0,"max_hp_gain":0,"max_hp_loss":0,"event_name":"MindBloom","floor":37,"gold_loss":0},{"cards_removed":["Defend_P"],"damage_healed":0,"gold_gain":0,"player_choice":"Purged","damage_taken":0,"max_hp_gain":0,"max_hp_loss":0,"event_name":"Purifier","floor":38,"gold_loss":0},{"cards_removed":["EmptyFist"],"damage_healed":0,"gold_gain":0,"player_choice":"Removed Attack","damage_taken":0,"max_hp_gain":0,"max_hp_loss":0,"event_name":"Falling","floor":47,"gold_loss":0}],"is_beta":false,"boss_relics":[{"not_picked":["reliquary:Craggleroot","Sozu"],"picked":"Velvet Choker"},{"not_picked":["reliquary:KinkedSpring","SacredBark"],"picked":"Empty Cage"}],"items_purged_floors":[11,36],"is_endless":false,"potions_floor_spawned":[1,6,16,22,27,28,33,39,44],"ascension_level":12}}