{"host":"gxcrkmpoa14hk0os","time":1614281656,"event":{"mods":["AchievementEnabler","BaseMod","Better Third Choice","BetterRewards","Conspire","Hubris","Infinite Spire","Minty Spire (QoL Compilation)","Relic Stats","Replay The Spire","Shop Mod","StSLib"],"gold_per_floor":[116,128,128,128,140,170,170,16,16,31,55,80,91,124,124,226,226,236,236,236,253,219,219,232,247,271,271,271,305,354,373,373,468,468,488,505,522,533,533,558,558,570,570,670,680,707,719,737,737,737,737],"floor_reached":50,"language":"ENG","playtime":7032,"items_purged":["Strike_R","Strike_R"],"score":621,"play_id":"efb073e3-51c7-4c43-aa36-8b38974457a8","local_time":"20210225133416","is_ascension_mode":false,"campfire_choices":[{"data":"Body Slam","floor":7,"key":"SMITH"},{"data":"infinitespire:Collect","floor":23,"key":"SMITH"},{"floor":32,"key":"REST"},{"data":"Limit Break","floor":41,"key":"SMITH"},{"floor":49,"key":"REST"}],"circlet_count":0,"master_deck":["Strike_R+1","Strike_R+2","Strike_R+2","Defend_R+1","Defend_R+1","Defend_R+1","Iron Wave","Flame Barrier+1","Body Slam+1","Impervious","Shrug It Off","Feed+1","Pommel Strike","Limit Break+1","infinitespire:Collect+1","Inflame","Rampage","ReplayTheSpireMod:Strike From Hell"],"relics":["Burning Blood","NeowsBlessing","Simple Rune","hubris:Potato","Anchor","hubris:SlimyHat","hubris:ChampionShield","Nilry\u0027s Codex","Calipers","MerchantsRug","Champion Belt","Happy Flower","Replay:Bronze Core","hubris:SphereOfDissonance","Onion Ring","Tiny Chest"],"acts_visited":["Exordium","TheCity","TheBeyond"],"potions_floor_usage":[12,14,16,25,30,33,40,45,46,50],"damage_taken":[{"damage":0,"enemies":"Cultist","floor":1,"turns":1},{"damage":0,"enemies":"Jaw Worm","floor":2,"turns":1},{"damage":0,"enemies":"Small Slimes","floor":5,"turns":1},{"damage":17,"enemies":"Replay:BlueRogue","floor":6,"turns":7},{"damage":0,"enemies":"Looter","floor":10,"turns":3},{"damage":8,"enemies":"Lagavulin","floor":12,"turns":8},{"damage":0,"enemies":"Blue Slaver","floor":13,"turns":3},{"damage":10,"enemies":"Gremlin Nob","floor":14,"turns":4},{"damage":35,"enemies":"Fading Forest","floor":16,"turns":11},{"damage":0,"enemies":"3 Byrds","floor":18,"turns":3},{"damage":17,"enemies":"Spheric Guardian","floor":21,"turns":6},{"damage":9,"enemies":"Snake Plant","floor":24,"turns":5},{"damage":9,"enemies":"Centurion and Healer","floor":25,"turns":5},{"damage":1,"enemies":"conspire:Head Lice","floor":29,"turns":7},{"damage":26,"enemies":"conspire:MimicChest","floor":30,"turns":9},{"damage":27,"enemies":"Cultist and Chosen","floor":31,"turns":5},{"damage":60,"enemies":"Collector","floor":33,"turns":11},{"damage":12,"enemies":"3 Darklings","floor":35,"turns":6},{"damage":0,"enemies":"Orb Walker","floor":36,"turns":4},{"damage":9,"enemies":"3 Darklings","floor":37,"turns":11},{"damage":17,"enemies":"Spire Growth","floor":38,"turns":5},{"damage":60,"enemies":"Nightmare","floor":40,"turns":12},{"damage":0,"enemies":"Transient","floor":42,"turns":5},{"damage":26,"enemies":"3 Darklings","floor":45,"turns":6},{"damage":13,"enemies":"R_Hoarder","floor":46,"turns":7},{"damage":0,"enemies":"Jaw Worm Horde","floor":47,"turns":3},{"damage":0,"enemies":"4 Shapes","floor":48,"turns":5},{"damage":82,"enemies":"Donu and Deca","floor":50,"turns":8}],"seed_played":"7987714407500801097","potions_obtained":[{"floor":1,"key":"FairyPotion"},{"floor":5,"key":"infinitespire:BlackPotion"},{"floor":12,"key":"Weak Potion"},{"floor":13,"key":"SkillPotion"},{"floor":18,"key":"PowerPotion"},{"floor":24,"key":"Fire Potion"},{"floor":25,"key":"Death Potion"},{"floor":31,"key":"AttackPotion"},{"floor":33,"key":"LifebloodPotion"},{"floor":35,"key":"ElixirPotion"},{"floor":38,"key":"DistilledChaos"},{"floor":40,"key":"LiquidBronze"},{"floor":42,"key":"infinitespire:BlackPotion"},{"floor":45,"key":"ColorlessPotion"},{"floor":48,"key":"Death Potion"}],"is_trial":false,"path_per_floor":["M","M","?","?","M","E","R","$","T","M","T","E","M","E","R","B",null,"M","?","AVR","M","$","R","M","M","T","?","?","E","?","M","R","B",null,"M","M","M","M","?","NM","R","M","T","?","M","E","M","M","R","B"],"character_chosen":"IRONCLAD","items_purchased":["Simple Rune","MerchantsRug"],"campfire_rested":2,"item_purchase_floors":[8,22],"current_hp_per_floor":[80,80,80,73,79,68,68,68,68,74,74,72,78,77,83,62,83,87,71,71,64,64,64,65,66,66,66,66,71,51,30,59,39,103,97,103,104,97,97,43,43,49,49,49,39,32,38,48,82,0,0],"gold":737,"neow_bonus":"THREE_ENEMY_KILL","is_daily":false,"chose_seed":false,"campfire_upgraded":3,"win_rate":0.0,"timestamp":1614281656,"path_taken":["M","M","?","?","M","E","R","$","T","M","?","E","M","E","R","BOSS","M","?","AVR","M","$","R","M","M","T","?","?","E","?","M","R","BOSS","M","M","?","M","?","NM","R","M","T","?","M","E","M","?","R","BOSS"],"items_purchased_type":["Relic","Relic"],"build_version":"2020-12-22","purchased_purges":2,"victory":false,"max_hp_per_floor":[80,80,80,80,80,80,80,80,80,80,80,80,80,83,83,83,83,87,87,87,91,91,91,95,99,99,99,99,99,99,99,99,103,103,103,103,107,111,111,111,111,111,111,111,111,111,111,115,115,115,115],"relic_stats":{"Happy Flower":[29],"counters":[28,162],"Tiny Chest":0,"Champion Belt":[11],"obtain_stats":[{"MerchantsRug":22,"Calipers":20,"NeowsBlessing":0,"Replay:Towering Pillar of Hats":6,"Happy Flower":30,"Nilry\u0027s Codex":19,"hubris:SphereOfDissonance":40,"hubris:SlimyHat":12,"Burning Blood":0,"Anchor":11,"hubris:Stopwatch":17,"Replay:Bronze Core":34,"Simple Rune":8,"Onion Ring":43,"Tiny Chest":46,"Champion Belt":29,"hubris:ChampionShield":14,"hubris:Potato":9},{"MerchantsRug":11,"Calipers":10,"NeowsBlessing":0,"Replay:Towering Pillar of Hats":4,"Happy Flower":15,"Nilry\u0027s Codex":10,"hubris:SphereOfDissonance":22,"hubris:SlimyHat":6,"Burning Blood":0,"Anchor":5,"hubris:Stopwatch":9,"Replay:Bronze Core":17,"Simple Rune":4,"Onion Ring":23,"Tiny Chest":25,"Champion Belt":14,"hubris:ChampionShield":8,"hubris:Potato":4},{"MerchantsRug":48,"Calipers":42,"NeowsBlessing":0,"Replay:Towering Pillar of Hats":10,"Happy Flower":74,"Nilry\u0027s Codex":42,"hubris:SphereOfDissonance":128,"hubris:SlimyHat":21,"Burning Blood":0,"Anchor":13,"hubris:Stopwatch":39,"Replay:Bronze Core":90,"Simple Rune":10,"Onion Ring":133,"Tiny Chest":146,"Champion Belt":65,"hubris:ChampionShield":28,"hubris:Potato":10}],"Burning Blood":144},"card_choices":[{"not_picked":["Sword Boomerang","Shockwave"],"picked":"Iron Wave","floor":1},{"not_picked":["Replay:Undeath\u0027s Touch","Dark Embrace"],"picked":"Flame Barrier","floor":2},{"not_picked":["Perfected Strike","hubris:SharpeningStone"],"picked":"Body Slam","floor":5},{"not_picked":["Armaments","Cleave"],"picked":"Impervious","floor":6},{"not_picked":["Run Through","Clash"],"picked":"Shrug It Off","floor":10},{"not_picked":["Power Through","Pummel"],"picked":"Feed","floor":12},{"not_picked":["hubris:ReadiedAction","Burning Pact","Replay:Undeath\u0027s Touch"],"picked":"SKIP","floor":13},{"not_picked":["Sever Soul","Evolve"],"picked":"Pommel Strike","floor":14},{"not_picked":["Reaper","Replay:Many Hands"],"picked":"Limit Break","floor":16},{"not_picked":["Iron Wave","Reckless Charge","Replay:Undeath\u0027s Touch"],"picked":"SKIP","floor":18},{"not_picked":["Warcry","Shrug It Off+1"],"picked":"Inflame","floor":21},{"not_picked":["infinitespire:OneForAll","Power Through+1","Dropkick"],"picked":"SKIP","floor":24},{"not_picked":["Twin Strike","Clothesline"],"picked":"Rampage","floor":25},{"not_picked":["hubris:SharpeningStone+1","Defy Death","Run Through"],"picked":"SKIP","floor":29},{"not_picked":["Thunderclap","Clash+1"],"picked":"ReplayTheSpireMod:Strike From Hell","floor":31},{"not_picked":["Infernal Blade+1","Flex+1","Headbutt+1"],"picked":"SKIP","floor":35},{"not_picked":["Twin Strike+1","Run Through+1","Flame Barrier"],"picked":"SKIP","floor":36},{"not_picked":["Sword Boomerang","True Grit","Heavy Blade"],"picked":"SKIP","floor":37},{"not_picked":["Anger+1","Body Slam","Dual Wield+1"],"picked":"SKIP","floor":38},{"not_picked":["Clash+1","Sword Boomerang+1","Wild Strike+1"],"picked":"SKIP","floor":40},{"not_picked":["Havoc","Flex","Thunderclap"],"picked":"SKIP","floor":42},{"not_picked":["Replay:Undeath\u0027s Touch","Second Wind","Combust"],"picked":"SKIP","floor":45},{"not_picked":["Searing Blow+1","Twin Strike+1","Body Slam+1"],"picked":"SKIP","floor":46},{"not_picked":["Reaper","ReplayTheSpireMod:Muscle Training+1","Anger+1"],"picked":"SKIP","floor":47},{"not_picked":["Clothesline+1","Carnage","Havoc+1"],"picked":"SKIP","floor":48}],"player_experience":603960,"relics_obtained":[{"floor":6,"key":"Replay:Towering Pillar of Hats"},{"floor":9,"key":"hubris:Potato"},{"floor":11,"key":"Anchor"},{"floor":12,"key":"hubris:SlimyHat"},{"floor":14,"key":"hubris:ChampionShield"},{"floor":19,"key":"Nilry\u0027s Codex"},{"floor":29,"key":"Champion Belt"},{"floor":30,"key":"Happy Flower"},{"floor":40,"key":"hubris:SphereOfDissonance"},{"floor":43,"key":"Onion Ring"},{"floor":46,"key":"Tiny Chest"}],"event_choices":[{"cards_removed":["Defend_R"],"damage_healed":0,"gold_gain":0,"player_choice":"Card Removal","damage_taken":7,"max_hp_gain":0,"max_hp_loss":0,"event_name":"Golden Wing","floor":4,"gold_loss":0},{"damage_healed":0,"gold_gain":0,"player_choice":"Obtained Book","damage_taken":16,"max_hp_gain":0,"max_hp_loss":0,"event_name":"Cursed Tome","floor":19,"gold_loss":0},{"damage_healed":0,"gold_gain":0,"player_choice":"Simplicity","damage_taken":0,"max_hp_gain":0,"max_hp_loss":6,"event_name":"betterThird:BetterWriting","floor":28,"gold_loss":0},{"cards_removed":["Bash"],"damage_healed":0,"gold_gain":0,"player_choice":"Removed Attack","damage_taken":0,"max_hp_gain":0,"max_hp_loss":0,"event_name":"Falling","floor":39,"gold_loss":0},{"damage_healed":0,"gold_gain":100,"player_choice":"Pray","damage_taken":0,"max_hp_gain":0,"max_hp_loss":0,"event_name":"Golden Shrine","floor":44,"gold_loss":0}],"is_beta":false,"boss_relics":[{"not_picked":["Ectoplasm","Runic Dome"],"picked":"hubris:Stopwatch"},{"not_picked":["hubris:HollowSoul","infinitespire:Cupcake"],"picked":"Replay:Bronze Core"}],"items_purged_floors":[20,22],"is_endless":true,"potions_floor_spawned":[1,5,12,13,18,24,25,31,33,35,38,40,42,45,48],"killed_by":"Donu and Deca","ascension_level":0}}