{"host":"clf2hd4adhiiw0zf","time":1614240424,"event":{"mods":["AchievementEnabler","Aspiration","BaseMod","Beaked The Cultist","Bestiary","Dark Map","Downfall","Gremlin Mod","Hermit","Hubris","Infinite Spire","Jorbs\u0027s Wanderer Trilogy","Marisa????????","Minty Spire (QoL Compilation)","Monster B Gone","Quick Restart","Reliquary","Replay The Spire","Shop Mod","Spire Arcade","StSLib","The Construct","The Cursed","The Disciple","The Marked","Wide Potions"],"gold_per_floor":[99,99,99,99,177,77,77,77,106,106,106,106,106,116,127,127,127,127],"floor_reached":16,"language":"ENG","playtime":1170,"items_purged":[],"score":141,"play_id":"24a6895a-ec32-4739-9240-a5ad89b7e925","local_time":"20210225010704","is_ascension_mode":true,"campfire_choices":[{"floor":1.0,"key":"RECALL"},{"floor":11.0,"key":"REST"},{"data":"Guardian:TwinSlam","floor":13.0,"key":"SMITH"}],"circlet_count":0,"master_deck":["AscendersBane","Guardian:Strike_Guardian","Guardian:Strike_Guardian","Guardian:Strike_Guardian","Guardian:Strike_Guardian","Guardian:Defend_Guardian","Guardian:Defend_Guardian","Guardian:Defend_Guardian","Guardian:Defend_Guardian","Guardian:CurlUp","Guardian:TwinSlam+1","Guardian:Gem_Lightblue","Guardian:Gem_Cyan","Guardian:Gem_Red","Guardian:Gem_Orange","Guardian:Gem_Red","Guardian:TemporalStrike","Guardian:CrystalBeam","Guardian:Harden","Guardian:DonusPower"],"relics":["Guardian:ModeShifter","downfall:HeartsMalice","Guardian:PickAxe","Tiny Chest","reliquary:HotPoker","downfall:HeartBlessingRed","Bird Faced Urn","Lantern","hubris:Towel","Frozen Egg 2"],"acts_visited":["Exordium"],"potions_floor_usage":[16],"damage_taken":[{"damage":0.0,"enemies":"Small Slimes","floor":2.0,"turns":1.0},{"damage":0.0,"enemies":"Small Slimes","floor":3.0,"turns":1.0},{"damage":0.0,"enemies":"2 Louse","floor":8.0,"turns":1.0},{"damage":46.0,"enemies":"Replay:BlueRogue","floor":9.0,"turns":10.0},{"damage":3.0,"enemies":"Cultist","floor":14.0,"turns":3.0},{"damage":11.0,"enemies":"3 Louse","floor":15.0,"turns":3.0},{"damage":19,"enemies":"SI_SHIV_ARCHETYPE","floor":16,"turns":8}],"seed_played":"-3081930491650368002","potions_obtained":[{"floor":15.0,"key":"Block Potion"}],"is_trial":false,"path_per_floor":["R","M","?","?","T","R","T","M","E","?","R","T","R","M","M","B"],"character_chosen":"GUARDIAN","items_purchased":[],"campfire_rested":1,"item_purchase_floors":[],"current_hp_per_floor":[72,72,54,54,54,54,54,54,8,8,32,32,32,29,18,0,0,0],"gold":127,"neow_bonus":"THREE_ENEMY_KILL","is_daily":false,"chose_seed":false,"campfire_upgraded":1,"win_rate":0.0,"timestamp":1614240424,"path_taken":["R","M","?","?","?","R","T","?","E","?","R","?","R","?","M","BOSS"],"items_purchased_type":[],"build_version":"2020-12-22","purchased_purges":0,"victory":false,"max_hp_per_floor":[80,80,80,80,80,80,80,80,80,80,80,80,80,80,80,80,80,80],"card_choices":[{"not_picked":["Guardian:CrystalBeam","Guardian:Planning"],"picked":"Guardian:Gem_Cyan","floor":2.0},{"not_picked":["Guardian:ChargeCore","Guardian:RollAttack"],"picked":"Guardian:TemporalStrike","floor":8.0},{"not_picked":["Guardian:GuardianWhirl","Guardian:FloatingOrbs"],"picked":"Guardian:CrystalBeam","floor":9.0},{"not_picked":["Guardian:Gem_Green","Guardian:ChargeCore"],"picked":"Guardian:Harden","floor":14.0},{"not_picked":["Guardian:FastForward","Guardian:Gem_Lightblue"],"picked":"Guardian:DonusPower","floor":15.0}],"player_experience":406484,"relics_obtained":[{"floor":5.0,"key":"reliquary:HotPoker"},{"floor":7.0,"key":"Bird Faced Urn"},{"floor":9.0,"key":"Lantern"},{"floor":12.0,"key":"Frozen Egg 2"}],"event_choices":[],"is_beta":false,"boss_relics":[],"items_purged_floors":[],"is_endless":false,"potions_floor_spawned":[3,15],"killed_by":"SI_SHIV_ARCHETYPE","ascension_level":10}}