{"host":"0fd22hpf43j6tvvm","time":1614268682,"event":{"mods":["AchievementEnabler","BaseMod","Colored Map","Minty Spire (QoL Compilation)","Relic Stats"],"gold_per_floor":[117,23,33,53,53,83,33,33,33,33,208,242,242,257,257,355,355,368,368,379,395,395,395,395],"floor_reached":23,"language":"ENG","playtime":1393,"items_purged":[],"score":349,"play_id":"1a1969f2-3d37-4536-81d0-6d0e81f512a6","local_time":"20210225105802","is_ascension_mode":true,"campfire_choices":[{"data":"Dagger Spray","floor":8.0,"key":"SMITH"},{"data":"Neutralize","floor":10.0,"key":"SMITH"},{"data":"Leg Sweep","floor":15.0,"key":"SMITH"}],"circlet_count":0,"master_deck":["Strike_G","Strike_G","Strike_G","Defend_G","Defend_G","Defend_G","Defend_G","Survivor","Neutralize+1","Poisoned Stab","PiercingWail","Prepared","PiercingWail","Deadly Poison","Dagger Throw","Dagger Spray+1","Doubt","Backflip","Leg Sweep+1","Wraith Form v2","Acrobatics+1","Escape Plan+1","Adrenaline+1","Sucker Punch","Cloak And Dagger","PiercingWail","Dash","Writhe"],"relics":["Ring of the Snake","Shuriken","Vajra","Question Card","Darkstone Periapt","Astrolabe","Paper Crane"],"acts_visited":["Exordium","TheCity"],"potions_floor_usage":[21,23,23],"damage_taken":[{"damage":0.0,"enemies":"Cultist","floor":1.0,"turns":4.0},{"damage":3.0,"enemies":"Jaw Worm","floor":3.0,"turns":5.0},{"damage":1.0,"enemies":"2 Louse","floor":4.0,"turns":4.0},{"damage":23.0,"enemies":"3 Sentries","floor":6.0,"turns":11.0},{"damage":20.0,"enemies":"Gremlin Nob","floor":12.0,"turns":4.0},{"damage":1.0,"enemies":"2 Fungi Beasts","floor":14.0,"turns":2.0},{"damage":0.0,"enemies":"Slime Boss","floor":16.0,"turns":6.0},{"damage":0.0,"enemies":"3 Byrds","floor":18.0,"turns":4.0},{"damage":36.0,"enemies":"Chosen","floor":20.0,"turns":7.0},{"damage":9,"enemies":"Centurion and Healer","floor":21,"turns":11},{"damage":26,"enemies":"Slavers","floor":23,"turns":4}],"seed_played":"290732839378057122","potions_obtained":[{"floor":0.0,"key":"Strength Potion"},{"floor":0.0,"key":"FearPotion"},{"floor":0.0,"key":"Weak Potion"},{"floor":16.0,"key":"GamblersBrew"},{"floor":20.0,"key":"EssenceOfSteel"},{"floor":21,"key":"GamblersBrew"}],"is_trial":false,"path_per_floor":["M","$","M","M","T","E","$","R","T","R","?","E","?","M","R","B",null,"M","?","M","M","?","E"],"character_chosen":"THE_SILENT","items_purchased":["PiercingWail","Prepared","Dagger Spray"],"campfire_rested":0,"item_purchase_floors":[2,2,7],"current_hp_per_floor":[63,63,60,59,59,36,36,36,36,36,36,16,39,38,38,38,62,62,62,26,17,23,0,0],"gold":395,"neow_bonus":"THREE_SMALL_POTIONS","is_daily":false,"chose_seed":false,"campfire_upgraded":3,"win_rate":0.0,"timestamp":1614268682,"path_taken":["M","?","M","?","?","E","$","R","T","R","?","E","?","M","R","BOSS","M","?","M","M","?","E"],"items_purchased_type":["Card","Card","Card"],"build_version":"2020-12-22","purchased_purges":0,"victory":false,"max_hp_per_floor":[70,70,70,70,70,70,70,70,70,70,70,70,70,70,70,70,70,70,70,70,70,76,76,76],"relic_stats":{"Darkstone Periapt":6,"counters":[11,62],"Shuriken":[14],"Astrolabe":["Acrobatics","Escape Plan","Adrenaline"],"Question Card":6,"obtain_stats":[{"Darkstone Periapt":12,"Shuriken":5,"Astrolabe":17,"Vajra":6,"Paper Crane":22,"Question Card":9,"Ring of the Snake":0},{"Darkstone Periapt":5,"Shuriken":3,"Astrolabe":7,"Vajra":4,"Paper Crane":10,"Question Card":4,"Ring of the Snake":0},{"Darkstone Periapt":28,"Shuriken":13,"Astrolabe":36,"Vajra":24,"Paper Crane":58,"Question Card":24,"Ring of the Snake":0}],"Ring of the Snake":[22]},"card_choices":[{"not_picked":["Finisher","Heel Hook"],"picked":"Poisoned Stab","floor":1.0},{"not_picked":["Underhanded Strike","Acrobatics"],"picked":"PiercingWail","floor":3.0},{"not_picked":["Escape Plan","Finisher"],"picked":"Deadly Poison","floor":4.0},{"not_picked":["Backstab","Riddle With Holes"],"picked":"Dagger Throw","floor":6.0},{"not_picked":["Underhanded Strike","All Out Attack","Night Terror"],"picked":"Backflip","floor":12.0},{"not_picked":["Blade Dance","Outmaneuver","Calculated Gamble"],"picked":"Leg Sweep","floor":14.0},{"not_picked":["Die Die Die","Doppelganger","Night Terror"],"picked":"Wraith Form v2","floor":16.0},{"not_picked":["Acrobatics+1","Eviscerate","Deadly Poison"],"picked":"Sucker Punch","floor":18.0},{"not_picked":["Leg Sweep","Dagger Throw","Concentrate"],"picked":"PiercingWail","floor":20.0},{"not_picked":["Riddle With Holes","Quick Slash","Dodge and Roll+1"],"picked":"Dash","floor":21}],"player_experience":587900,"relics_obtained":[{"floor":5.0,"key":"Shuriken"},{"floor":6.0,"key":"Vajra"},{"floor":9.0,"key":"Question Card"},{"floor":12.0,"key":"Darkstone Periapt"}],"event_choices":[{"damage_healed":0.0,"max_hp_gain":0.0,"max_hp_loss":0.0,"gold_gain":175.0,"event_name":"Liars Game","player_choice":"AGREE","floor":11.0,"gold_loss":0.0,"damage_taken":0.0,"cards_obtained":["Doubt"]},{"damage_healed":23.0,"max_hp_gain":0.0,"max_hp_loss":0.0,"gold_gain":0.0,"event_name":"Big Fish","player_choice":"Banana","floor":13.0,"gold_loss":0.0,"damage_taken":0.0},{"damage_healed":0.0,"max_hp_gain":0.0,"max_hp_loss":0.0,"gold_gain":0.0,"event_name":"The Library","player_choice":"Read","floor":19.0,"gold_loss":0.0,"damage_taken":0.0,"cards_obtained":["Cloak And Dagger"]},{"damage_healed":0,"gold_gain":0,"player_choice":"Opened","damage_taken":0,"relics_obtained":["Paper Crane"],"max_hp_gain":0,"max_hp_loss":0,"event_name":"The Mausoleum","floor":22,"gold_loss":0,"cards_obtained":["Writhe"]}],"is_beta":false,"boss_relics":[{"not_picked":["Empty Cage","Ectoplasm"],"picked":"Astrolabe"}],"items_purged_floors":[],"is_endless":false,"potions_floor_spawned":[6,16,20,21],"killed_by":"Slavers","ascension_level":8}}