{"host":"5lv0icc8l08nkbqt","time":1614254469,"event":{"mods":["Act Like it!","Aspiration","BaseMod","Colored Map","Conspire","Elementarium","Energized Spire","Gensokyo","Hallownest","Hubris","JesterMod","Jorbs\u0027s Wanderer Trilogy","Marisa????????","Menagerie","Minty Spire (QoL Compilation)","Pale of the Ancients","Reliquary","Replay The Spire","Ruina","Shade Mod","Spicy Shops","StSLib","The Blue Laboratory","The Disciple","The Hierophant","The Marked","Wandering Minibosses"],"gold_per_floor":[118,129,129,129,24,52,67,67,94,94,109,109,134,157,157,256,256,273,273,288,58,76,105,105,105,105],"floor_reached":25,"language":"ENG","playtime":1145,"items_purged":["Bouncing Flask"],"score":265,"play_id":"c8a3e51d-dc2f-4f7b-8d56-d33e5318a530","local_time":"20210225160109","is_ascension_mode":true,"campfire_choices":[{"data":"jesterMod:Taunt","floor":8,"key":"SMITH"},{"data":"conspire:PoisonWeapons","floor":10,"key":"SMITH"},{"data":"Menagerie:BeastSpirit","floor":12,"key":"SMITH"},{"floor":15,"key":"REST"},{"floor":24,"key":"REST"}],"circlet_count":0,"master_deck":["jesterMod:Strike","jesterMod:Strike","jesterMod:Strike","jesterMod:Sickle","jesterMod:Defend","jesterMod:Defend","jesterMod:Dodge","jesterMod:Exasperation","jesterMod:Contradiction","Menagerie:BeastSpirit+1","ReplayTheSpireMod:Tripwire","conspire:PoisonWeapons+1","jesterMod:Taunt+1","jesterMod:TrickyDodge","jesterMod:Talion","jesterMod:Overthink","jesterMod:Tinker","aspiration:Lunge","hubris:Counter","jesterMod:LaughingGas","Pot Of Greed","Pot Of Greed","jesterMod:Tinker+1"],"relics":["jesterMod:JesterCap","NeowsBlessing","ReplayFunnel","Bag of Marbles","hubris:TinFlute","reliquary:RosewoodLute","ReplayTheSpireMod:DimensionalGlitch","Grinning Jar","BranchBurnRelic"],"acts_visited":["Exordium","Menagerie:Menagerie"],"potions_floor_usage":[16,23],"damage_taken":[{"damage":0,"enemies":"Menagerie:MonstrousExperiment","floor":1,"turns":1},{"damage":0,"enemies":"Menagerie:WhisperingWraith","floor":2,"turns":1},{"damage":0,"enemies":"Menagerie:VoidReaper","floor":6,"turns":1},{"damage":6,"enemies":"Menagerie:StygianBoar","floor":7,"turns":4},{"damage":15,"enemies":"Menagerie:KEEPER_AND_YOUNG_SUNEATER","floor":11,"turns":5},{"damage":24,"enemies":"Menagerie:Hydra","floor":13,"turns":5},{"damage":38,"enemies":"Menagerie:Suneater","floor":16,"turns":7},{"damage":10,"enemies":"Elementarium:Cyclone","floor":18,"turns":5},{"damage":5,"enemies":"Elementarium:2_ELEMENTALS","floor":20,"turns":2},{"damage":12,"enemies":"Elementarium:STONE_GOLEMS","floor":22,"turns":3},{"damage":19,"enemies":"Elementarium:WarGolem","floor":23,"turns":3},{"damage":54,"enemies":"Gensokyo:Tenshi","floor":25,"turns":4}],"seed_played":"477498069266567948","potions_obtained":[{"floor":1,"key":"Swift Potion"},{"floor":2,"key":"ColorlessPotion"},{"floor":11,"key":"Explosive Potion"},{"floor":16,"key":"blueLaboratory:HeartbeatPotion"},{"floor":18,"key":"DuplicationPotion"},{"floor":22,"key":"blueLaboratory:BottledHope"}],"is_trial":false,"path_per_floor":["M","M","?","?","$","E","M","R","T","R","M","R","E","T","R","B",null,"M","?","M","$","M","E","R","?"],"character_chosen":"THE_JESTER","items_purchased":["jesterMod:Taunt","Grinning Jar"],"campfire_rested":2,"item_purchase_floors":[5,21],"current_hp_per_floor":[70,70,67,67,67,67,61,61,61,61,46,46,22,22,42,4,67,57,57,52,52,40,21,41,0,0],"gold":105,"neow_bonus":"THREE_ENEMY_KILL","is_daily":false,"chose_seed":false,"campfire_upgraded":3,"win_rate":0.0,"timestamp":1614254469,"path_taken":["M","M","?","?","$","E","?","R","T","R","M","R","E","?","R","BOSS","M","?","?","$","M","E","R","?"],"items_purchased_type":["Card","Relic"],"build_version":"2020-12-22","purchased_purges":1,"victory":false,"max_hp_per_floor":[70,70,67,67,67,67,67,67,67,67,67,67,67,67,67,67,67,67,67,67,67,67,67,67,67,67],"card_choices":[{"not_picked":["jesterMod:Flee","jesterMod:Precipitation"],"picked":"jesterMod:Exasperation","floor":1},{"not_picked":["jesterMod:Twirl","jesterMod:Patience"],"picked":"jesterMod:Contradiction","floor":2},{"not_picked":["jesterMod:Disposophobia","jesterMod:Schizophrenia","jesterMod:Precipitation"],"picked":"SKIP","floor":6},{"not_picked":["jesterMod:BouncingKnife","jesterMod:SelfMockery"],"picked":"jesterMod:TrickyDodge","floor":7},{"not_picked":["jesterMod:DancingMad","jesterMod:JackInTheBox","jesterMod:Hide"],"picked":"SKIP","floor":11},{"not_picked":["jesterMod:MudBall","jesterMod:Encore"],"picked":"jesterMod:Talion","floor":13},{"not_picked":["jesterMod:LaughingGas","jesterMod:BoilDown"],"picked":"jesterMod:Overthink","floor":16},{"not_picked":["jesterMod:Discretion+1","jesterMod:DancingMad"],"picked":"jesterMod:Tinker","floor":18},{"not_picked":["jesterMod:Disposophobia","jesterMod:Precipitation"],"picked":"jesterMod:LaughingGas","floor":20},{"not_picked":["jesterMod:Haste","jesterMod:FlameDance+1"],"picked":"jesterMod:Tinker+1","floor":22},{"not_picked":["jesterMod:ButterflyDance","jesterMod:Mending","jesterMod:Precipitation"],"picked":"SKIP","floor":23}],"player_experience":1772387,"relics_obtained":[{"floor":6,"key":"ReplayFunnel"},{"floor":9,"key":"Bag of Marbles"},{"floor":13,"key":"hubris:TinFlute"},{"floor":14,"key":"reliquary:RosewoodLute"},{"floor":23,"key":"Dead Branch"}],"event_choices":[{"damage_healed":0,"gold_gain":0,"player_choice":"Knelt","damage_taken":0,"max_hp_gain":0,"max_hp_loss":3,"event_name":"Menagerie:BeastSpiritShrine","floor":3,"gold_loss":0,"cards_obtained":["Menagerie:BeastSpirit"]},{"damage_healed":0,"gold_gain":0,"player_choice":"Enter","damage_taken":0,"max_hp_gain":0,"max_hp_loss":0,"event_name":"Elementarium:OtherworldlyPassage","floor":25,"gold_loss":0}],"is_beta":false,"boss_relics":[{"not_picked":["Runic Pyramid","Replay:Wanted Poster"],"picked":"ReplayTheSpireMod:DimensionalGlitch"}],"items_purged_floors":[21],"is_endless":false,"potions_floor_spawned":[1,2,11,16,18,22],"killed_by":"Gensokyo:Tenshi","ascension_level":1}}