{"host":"snd6571rw3150vxe","time":1614280896,"event":{"mods":["AchievementEnabler","BaseMod","Bestiary","Block Reminder","Colored Powertips","Dark Map","Downfall","Hermit","Highlight Path","Marisa????????","Minty Spire (QoL Compilation)","Morshu Shopkeeper","Quick Restart","Random Character Button","Relic Stats","StSLib","The Bug Knight","The Cursed","The Disciple","The Marked","The Necromancer","The Servant 0.9.4","slay the spire mod where everything is the same but ironclad has a cowboy hat"],"gold_per_floor":[99,112,130,143,128,142,142,142,127,127,112,112,112,126,145,245,245,245,257,272,284,284,269,314,314,146,158,175,200,100,118,131,232,232,232,251,264,283,34,34,34,5,5,55,71,87,104,32,47,47],"floor_reached":51,"language":"ENG","playtime":5071,"items_purged":["Guardian:Strike_Guardian"],"score":640,"play_id":"89e94003-2810-4eb1-8f32-c3c1d05afeb5","local_time":"20210225212136","is_ascension_mode":false,"campfire_choices":[{"data":"Guardian:TwinSlam","floor":1.0,"key":"SMITH"},{"data":"Guardian:ShieldCharger","floor":8.0,"key":"SMITH"},{"data":"Guardian:MultiBeam","floor":13.0,"key":"SMITH"},{"data":"Guardian:TimeSifter","floor":18.0,"key":"SMITH"},{"floor":25.0,"key":"REST"},{"floor":30.0,"key":"REST"},{"data":"Guardian:ArmoredProtocol","floor":35.0,"key":"SMITH"},{"floor":43,"key":"REST"}],"circlet_count":0,"master_deck":["Guardian:Strike_Guardian","Guardian:Strike_Guardian+1","Guardian:Strike_Guardian+1","Guardian:Defend_Guardian","Guardian:Defend_Guardian","Guardian:CurlUp","Guardian:TwinSlam+1","Guardian:ShieldCharger+1","Guardian:PiercingHide","Guardian:ArmoredProtocol+1","Guardian:DecasProtection+1","Guardian:MultiBeam+1","Guardian:Reroute","Guardian:TimeSifter+1","Guardian:TemporalStrike","Guardian:Recover+1","Guardian:FloatingOrbs","Guardian:RollAttack","Guardian:CrystalBeam","Guardian:PiercingHide+1","CurseOfTheBell","Guardian:DecasProtection+1","Guardian:CrystalBeam+1","expansioncontent:YouAreMine+1","Guardian:ArmoredProtocol+1","expansioncontent:QuickStudy+1","Guardian:ArmoredProtocol+1","Guardian:Harden+1","Guardian:SpikerProtocol+1","Guardian:EvasiveProtocol+1"],"relics":["Guardian:ModeShifter","Toxic Egg 2","Guardian:StasisSlotReductionRelic","Akabeko","HandDrill","StrikeDummy","downfall:HeartBlessingGreen","Calling Bell","Regal Pillow","Frozen Egg 2","Du-Vu Doll","HollowMod:PaleOreRelic","HornCleat","Medical Kit","Ice Cream"],"acts_visited":["Exordium","TheCity","TheBeyond"],"potions_floor_usage":[],"damage_taken":[{"damage":1.0,"enemies":"Cultist","floor":2.0,"turns":3.0},{"damage":5.0,"enemies":"Jaw Worm","floor":3.0,"turns":4.0},{"damage":0.0,"enemies":"2 Louse","floor":4.0,"turns":4.0},{"damage":0.0,"enemies":"downfall:FleeingMerchant","floor":5.0,"turns":4.0},{"damage":8.0,"enemies":"Red Slaver","floor":6.0,"turns":4.0},{"damage":0.0,"enemies":"downfall:FleeingMerchant","floor":9.0,"turns":4.0},{"damage":0.0,"enemies":"downfall:FleeingMerchant","floor":11.0,"turns":4.0},{"damage":5.0,"enemies":"Blue Slaver","floor":14.0,"turns":4.0},{"damage":18.0,"enemies":"Large Slime","floor":15.0,"turns":8.0},{"damage":37.0,"enemies":"IC_STATUS_ARCHETYPE","floor":16.0,"turns":16.0},{"damage":0.0,"enemies":"3 Byrds","floor":19.0,"turns":5.0},{"damage":0.0,"enemies":"Spheric Guardian","floor":20.0,"turns":4.0},{"damage":16.0,"enemies":"Snecko","floor":21.0,"turns":6.0},{"damage":20.0,"enemies":"downfall:FleeingMerchant","floor":23.0,"turns":4.0},{"damage":6.0,"enemies":"downfall:FleeingMerchant","floor":26.0,"turns":4.0},{"damage":10.0,"enemies":"Cultist and Chosen","floor":27.0,"turns":4.0},{"damage":0.0,"enemies":"Snake Plant","floor":28.0,"turns":2.0},{"damage":10.0,"enemies":"Book of Stabbing","floor":29.0,"turns":6.0},{"damage":15.0,"enemies":"Snecko","floor":31.0,"turns":4.0},{"damage":6.0,"enemies":"Centurion and Healer","floor":32.0,"turns":7.0},{"damage":38.0,"enemies":"SI_MIRROR_ARCHETYPE","floor":33.0,"turns":11.0},{"damage":0.0,"enemies":"Orb Walker","floor":36.0,"turns":4.0},{"damage":12.0,"enemies":"3 Shapes","floor":37.0,"turns":3.0},{"damage":49.0,"enemies":"Maw","floor":38.0,"turns":9.0},{"damage":0.0,"enemies":"downfall:FleeingMerchant","floor":39.0,"turns":4.0},{"damage":0.0,"enemies":"downfall:FleeingMerchant","floor":42.0,"turns":1.0},{"damage":4,"enemies":"downfall:FleeingMerchant","floor":44,"turns":6},{"damage":21,"enemies":"Transient","floor":45,"turns":5},{"damage":0,"enemies":"Spire Growth","floor":46,"turns":6},{"damage":0,"enemies":"4 Shapes","floor":47,"turns":6},{"damage":4,"enemies":"Jaw Worm Horde","floor":49,"turns":4},{"damage":21,"enemies":"WA_ARCHETYPE_DIVINITY","floor":50,"turns":12}],"seed_played":"421663077832164762","potions_obtained":[{"floor":3.0,"key":"DuplicationPotion"},{"floor":6.0,"key":"SkillPotion"},{"floor":14.0,"key":"FairyPotion"},{"floor":21.0,"key":"EntropicBrew"},{"floor":27.0,"key":"FairyPotion"}],"is_trial":false,"path_per_floor":["R","M","M","M","$","M","T","R","$","?","$","?","R","M","M","B",null,"R","M","M","M","?","$","T","R","$","M","M","E","R","M","M","B",null,"R","M","M","M","$","?","T","$","R","?","M","M","M","$","M","B",null],"character_chosen":"GUARDIAN","items_purchased":["HandDrill","HollowMod:PaleOreRelic","expansioncontent:YouAreMine","expansioncontent:QuickStudy","Medical Kit","Guardian:EvasiveProtocol+1"],"campfire_rested":3,"item_purchase_floors":[26,39,39,42,42,48],"current_hp_per_floor":[88,87,82,82,82,74,74,74,74,74,74,74,74,69,51,14,88,88,88,88,72,64,44,44,70,64,54,54,44,70,55,49,11,88,88,88,76,27,27,27,27,27,68,64,43,43,43,43,39,28],"gold":47,"neow_bonus":"TEN_PERCENT_HP_BONUS","is_daily":false,"chose_seed":false,"campfire_upgraded":5,"win_rate":0.0,"timestamp":1614280896,"path_taken":["R","M","M","M","$","M","T","R","$","?","$","?","R","M","M","BOSS","R","M","M","M","?","?","T","R","$","M","M","E","R","M","M","BOSS","R","M","M","M","$","?","T","$","R","?","?","M","M","$","M","BOSS"],"items_purchased_type":["Relic","Relic","Card","Card","Relic","Card"],"build_version":"2020-12-22","purchased_purges":1,"victory":true,"max_hp_per_floor":[88,88,88,88,88,88,88,88,88,88,88,88,88,88,88,88,88,88,88,88,88,88,88,88,88,88,88,88,88,88,88,88,88,88,88,88,88,88,88,88,88,88,88,88,88,88,88,88,88,88],"relic_stats":{"Regal Pillow":15,"counters":[32,172],"HandDrill":[64],"Medical Kit":[5],"obtain_stats":[{"Ice Cream":44,"Guardian:StasisSlotReductionRelic":17,"Regal Pillow":34,"Guardian:ModeShifter":0,"downfall:HeartBlessingGreen":30,"Frozen Egg 2":34,"Medical Kit":42,"Akabeko":24,"Calling Bell":34,"Du-Vu Doll":34,"downfall:BrokenWingStatue":12,"HornCleat":41,"HandDrill":26,"HollowMod:PaleOreRelic":39,"Toxic Egg 2":7,"StrikeDummy":29},{"Ice Cream":27,"Guardian:StasisSlotReductionRelic":10,"Regal Pillow":21,"Guardian:ModeShifter":0,"downfall:HeartBlessingGreen":18,"Frozen Egg 2":21,"Medical Kit":26,"Akabeko":14,"Calling Bell":21,"Du-Vu Doll":21,"downfall:BrokenWingStatue":7,"HornCleat":25,"HandDrill":15,"HollowMod:PaleOreRelic":25,"Toxic Egg 2":5,"StrikeDummy":18},{"Ice Cream":139,"Guardian:StasisSlotReductionRelic":55,"Regal Pillow":112,"Guardian:ModeShifter":0,"downfall:HeartBlessingGreen":90,"Frozen Egg 2":112,"Medical Kit":133,"Akabeko":74,"Calling Bell":112,"Du-Vu Doll":112,"downfall:BrokenWingStatue":27,"HornCleat":132,"HandDrill":78,"HollowMod:PaleOreRelic":132,"Toxic Egg 2":19,"StrikeDummy":90}]},"card_choices":[{"not_picked":["Guardian:Planning","Guardian:VentSteam"],"picked":"Guardian:Gem_Green","floor":2.0},{"not_picked":["Guardian:Gem_Lightblue","Guardian:ShieldSpikes"],"picked":"Guardian:ShieldCharger","floor":3.0},{"not_picked":["Guardian:CrystalBeam","Guardian:Suspension"],"picked":"Guardian:Gem_Fragmented","floor":4.0},{"not_picked":["Guardian:ShieldCharger","Guardian:Gem_Orange"],"picked":"Guardian:PiercingHide","floor":5.0},{"not_picked":["Guardian:WalkerClaw","Guardian:PrismaticBarrier"],"picked":"Guardian:ArmoredProtocol","floor":6.0},{"not_picked":["Guardian:PrismaticBeam","Guardian:RollAttack"],"picked":"Guardian:DecasProtection+1","floor":9.0},{"not_picked":["Guardian:WalkerClaw","Guardian:Gem_Crimson"],"picked":"Guardian:MultiBeam","floor":11.0},{"not_picked":["Guardian:WalkerClaw","Guardian:Gem_Lightblue","Guardian:ShieldCharger+1"],"picked":"SKIP","floor":14.0},{"not_picked":["Guardian:Gem_White","Guardian:PrismaticBeam"],"picked":"Guardian:Reroute","floor":15.0},{"not_picked":["Guardian:StasisStrike","Guardian:Gem_Orange"],"picked":"Guardian:TimeSifter","floor":16.0},{"not_picked":["Guardian:CrystalBeam","Guardian:WalkerClaw+1"],"picked":"Guardian:TemporalStrike","floor":19.0},{"not_picked":["Guardian:Planning+1","Guardian:Suspension+1"],"picked":"Guardian:Recover+1","floor":20.0},{"not_picked":["Guardian:TemporalShield+1","Guardian:Emergency+1"],"picked":"Guardian:FloatingOrbs","floor":21.0},{"not_picked":["Guardian:TemporalStrike","Guardian:StasisStrike"],"picked":"Guardian:Gem_Red","floor":23.0},{"not_picked":["Guardian:Recover+1","Guardian:Gem_Lightblue"],"picked":"Guardian:RollAttack","floor":26.0},{"not_picked":["Guardian:VentSteam+1","Guardian:Gem_Green","Guardian:Gem_Cyan"],"picked":"SKIP","floor":27.0},{"not_picked":["Guardian:RollAttack","Guardian:PiercingHide+1","Guardian:Incinerate"],"picked":"SKIP","floor":28.0},{"not_picked":["Guardian:RollAttack","Guardian:Gem_Cyan"],"picked":"Guardian:CrystalBeam","floor":29.0},{"not_picked":["Guardian:Gem_Cyan","Guardian:Gem_Yellow","Guardian:MultiBeam"],"picked":"SKIP","floor":31.0},{"not_picked":["Guardian:CrystalBeam+1","Guardian:Repulse"],"picked":"Guardian:PiercingHide+1","floor":32.0},{"not_picked":["Guardian:ExploitGems+1","Guardian:SphericShield+1"],"picked":"Guardian:Gem_Orange","floor":33.0},{"not_picked":["Guardian:CrystalBeam+1","Guardian:Recover+1"],"picked":"Guardian:DecasProtection+1","floor":36.0},{"not_picked":["Guardian:BodySlam","Guardian:ChargeCore"],"picked":"Guardian:Gem_Red","floor":37.0},{"not_picked":["Guardian:VentSteam+1","Guardian:Incinerate"],"picked":"Guardian:CrystalBeam+1","floor":38.0},{"not_picked":["Guardian:GuardianWhirl+1","Guardian:StasisStrike"],"picked":"Guardian:Gem_Blue","floor":39.0},{"not_picked":["Guardian:Suspension+1","Guardian:PrimingBeam+1"],"picked":"Guardian:ArmoredProtocol+1","floor":42.0},{"not_picked":["Guardian:CrystalBeam+1","Guardian:Incinerate"],"picked":"Guardian:ArmoredProtocol+1","floor":44},{"not_picked":["Guardian:PrimingBeam+1","Guardian:Gem_Orange"],"picked":"Guardian:Harden+1","floor":45},{"not_picked":["Guardian:Gem_Purple","Guardian:TemporalShield+1","Guardian:Incinerate+1"],"picked":"SKIP","floor":46},{"not_picked":["Guardian:CrystalBeam","Guardian:PrimingBeam"],"picked":"Guardian:SpikerProtocol+1","floor":47},{"not_picked":["Guardian:PiercingHide+1","Guardian:Planning+1","Guardian:WalkerClaw"],"picked":"SKIP","floor":49}],"player_experience":438164,"relics_obtained":[{"floor":7.0,"key":"Toxic Egg 2"},{"floor":24.0,"key":"Akabeko"},{"floor":29.0,"key":"StrikeDummy"},{"floor":34.0,"key":"Regal Pillow"},{"floor":34.0,"key":"Frozen Egg 2"},{"floor":34.0,"key":"Du-Vu Doll"},{"floor":41.0,"key":"HornCleat"},{"floor":44,"key":"Ice Cream"}],"event_choices":[{"cards_removed":["Guardian:Defend_Guardian"],"damage_healed":0.0,"max_hp_gain":0.0,"max_hp_loss":0.0,"gold_gain":0.0,"event_name":"Falling","player_choice":"Removed Skill","floor":40.0,"gold_loss":0.0,"damage_taken":0.0}],"is_beta":false,"boss_relics":[{"not_picked":["bronze:MakeshiftBattery","Philosopher\u0027s Stone"],"picked":"Guardian:StasisSlotReductionRelic"},{"not_picked":["Snecko Eye","Velvet Choker"],"picked":"Calling Bell"}],"items_purged_floors":[42],"is_endless":false,"potions_floor_spawned":[3,6,14,15,21,27,28,29,32,36,38,46,47,49],"ascension_level":0}}