{"host":"z4nt7tdd4gjrinn7","time":1614270712,"event":{"mods":["100% Spire Juice","BaseMod","Minty Spire (QoL Compilation)","StSLib"],"gold_per_floor":[113,113,129,31,31,31,66,66,144,163,180,180,355,305,305,410,410,429,442,442,288,300,300,318,331,331,31,46,66,66,81,81,179,179,195,247,257,257,0,0,0,0],"floor_reached":41,"language":"ENG","playtime":4904,"items_purged":[],"score":393,"play_id":"7e409030-a83e-4275-a016-0503c5127425","local_time":"20210225113152","is_ascension_mode":false,"campfire_choices":[{"floor":6,"key":"REST"},{"floor":12,"key":"REST"},{"data":"Static Discharge","floor":15,"key":"SMITH"},{"floor":23,"key":"REST"},{"floor":30,"key":"REST"},{"floor":32,"key":"REST"},{"floor":40,"key":"REST"}],"circlet_count":0,"master_deck":["Strike_B","Strike_B","Strike_B","Strike_B","Defend_B","Defend_B","Defend_B","Defend_B","Dualcast","Capacitor","Conserve Battery","Rebound","Rip and Tear+1","Ball Lightning+1","Static Discharge+1","Electrodynamics","Bandage Up+1","Glacier+1","Chill+1","Redo+1","Doom and Gloom","Storm","FTL","Leap","Conserve Battery","Barrage","Barrage+1","Thunder Strike","Steam+1","Conserve Battery+1","Self Repair+1"],"relics":["Cracked Core","Eternal Feather","Ancient Tea Set","Sundial","Astrolabe","Whetstone","Darkstone Periapt","Strawberry","Orichalcum","Nuclear Battery","Ginger","Mummified Hand"],"acts_visited":["Exordium","TheCity","TheBeyond"],"potions_floor_usage":[7,19,33,33,33,36,41,41],"damage_taken":[{"damage":1,"enemies":"Jaw Worm","floor":1,"turns":3},{"damage":5,"enemies":"Small Slimes","floor":3,"turns":4},{"damage":16,"enemies":"Gremlin Nob","floor":7,"turns":4},{"damage":0,"enemies":"2 Louse","floor":10,"turns":2},{"damage":16,"enemies":"Lots of Slimes","floor":11,"turns":4},{"damage":23,"enemies":"Slime Boss","floor":16,"turns":8},{"damage":29,"enemies":"Shell Parasite","floor":18,"turns":4},{"damage":24,"enemies":"Chosen","floor":19,"turns":4},{"damage":17,"enemies":"Snecko","floor":22,"turns":5},{"damage":36,"enemies":"Snake Plant","floor":24,"turns":4},{"damage":7,"enemies":"Sentry and Sphere","floor":25,"turns":3},{"damage":3,"enemies":"Snecko","floor":28,"turns":4},{"damage":19,"enemies":"Centurion and Healer","floor":29,"turns":5},{"damage":12,"enemies":"Shelled Parasite and Fungi","floor":31,"turns":4},{"damage":64,"enemies":"Collector","floor":33,"turns":8},{"damage":4,"enemies":"3 Darklings","floor":35,"turns":5},{"damage":44,"enemies":"2 Orb Walkers","floor":36,"turns":3},{"damage":7,"enemies":"3 Shapes","floor":37,"turns":4},{"damage":99,"enemies":"Giant Head","floor":41,"turns":8}],"seed_played":"-4366163692674300548","potions_obtained":[{"floor":1,"key":"PowerPotion"},{"floor":7,"key":"SteroidPotion"},{"floor":10,"key":"GamblersBrew"},{"floor":18,"key":"PotionOfCapacity"},{"floor":25,"key":"DuplicationPotion"},{"floor":31,"key":"FocusPotion"},{"floor":33,"key":"Fire Potion"},{"floor":36,"key":"Explosive Potion"},{"floor":37,"key":"DuplicationPotion"}],"is_trial":false,"path_per_floor":["M","?","M","$","?","R","E","?","T","M","M","R","?","?","R","B",null,"M","M","?","$","M","R","M","M","T","$","M","M","R","M","R","B",null,"M","?","M","?","$","R","E"],"character_chosen":"DEFECT","items_purchased":["Rebound","Blizzard","Whetstone","Strawberry","Orichalcum","Mummified Hand"],"campfire_rested":6,"item_purchase_floors":[4,4,21,27,27,39],"current_hp_per_floor":[81,81,76,76,73,82,66,66,66,66,50,82,82,82,82,59,82,53,35,35,35,18,54,24,23,23,30,27,14,55,49,89,31,89,85,47,46,46,46,89,0,0],"gold":0,"neow_bonus":"TEN_PERCENT_HP_BONUS","is_daily":false,"chose_seed":false,"campfire_upgraded":1,"win_rate":0.0,"timestamp":1614270712,"path_taken":["M","?","M","$","?","R","E","?","T","?","M","R","?","?","R","BOSS","M","M","?","$","M","R","M","M","T","$","M","M","R","M","R","BOSS","M","?","M","?","$","R","E"],"items_purchased_type":["Card","Card","Relic","Relic","Relic","Relic"],"build_version":"2020-12-22","purchased_purges":0,"victory":false,"max_hp_per_floor":[82,82,82,82,82,82,82,82,82,82,82,82,82,82,82,82,82,82,82,82,82,82,82,82,82,82,89,89,89,89,89,89,89,89,89,89,89,89,89,89,89,89],"card_choices":[{"not_picked":["Glacier","Lockon"],"picked":"Capacitor","floor":1},{"not_picked":["Go for the Eyes","Consume"],"picked":"Conserve Battery","floor":3},{"not_picked":["Force Field","Barrage"],"picked":"Rip and Tear","floor":7},{"not_picked":["Barrage","Coolheaded"],"picked":"Ball Lightning","floor":10},{"not_picked":["Coolheaded","Sweeping Beam"],"picked":"Static Discharge","floor":11},{"not_picked":["Thunder Strike","Machine Learning"],"picked":"Electrodynamics","floor":16},{"not_picked":["Coolheaded","Cold Snap"],"picked":"Redo+1","floor":18},{"not_picked":["Redo","Recycle+1"],"picked":"Doom and Gloom","floor":19},{"not_picked":["Hologram","Consume"],"picked":"Storm","floor":22},{"not_picked":["Glacier","Chaos"],"picked":"FTL","floor":24},{"not_picked":["Capacitor","Chill"],"picked":"Leap","floor":25},{"not_picked":["Compile Driver","Cold Snap"],"picked":"Conserve Battery","floor":28},{"not_picked":["Heatsinks","Rebound+1"],"picked":"Barrage","floor":29},{"not_picked":["Coolheaded","Compile Driver"],"picked":"Barrage+1","floor":31},{"not_picked":["Seek","Buffer"],"picked":"Thunder Strike","floor":33},{"not_picked":["Glacier+1","Sweeping Beam+1"],"picked":"Steam+1","floor":35},{"not_picked":["Darkness","Consume"],"picked":"Conserve Battery+1","floor":36},{"not_picked":["Double Energy","Cold Snap+1"],"picked":"Self Repair+1","floor":37}],"player_experience":245715,"relics_obtained":[{"floor":7,"key":"Ancient Tea Set"},{"floor":9,"key":"Sundial"},{"floor":26,"key":"Darkstone Periapt"},{"floor":36,"key":"Ginger"}],"event_choices":[{"damage_healed":0,"gold_gain":0,"player_choice":"Ignored","damage_taken":0,"max_hp_gain":0,"max_hp_loss":0,"event_name":"Golden Wing","floor":2,"gold_loss":0},{"damage_healed":0,"gold_gain":0,"player_choice":"Success","damage_taken":3,"relics_obtained":["Eternal Feather"],"max_hp_gain":0,"max_hp_loss":0,"event_name":"Scrap Ooze","floor":5,"gold_loss":0},{"damage_healed":0,"gold_gain":0,"player_choice":"2 cards matched","damage_taken":0,"max_hp_gain":0,"max_hp_loss":0,"event_name":"Match and Keep!","floor":8,"gold_loss":0,"cards_obtained":["Rainbow","Good Instincts"]},{"damage_healed":0,"gold_gain":175,"player_choice":"AGREE","damage_taken":0,"max_hp_gain":0,"max_hp_loss":0,"event_name":"Liars Game","floor":13,"gold_loss":0,"cards_obtained":["Doubt"]},{"cards_removed":["Doubt"],"damage_healed":0,"gold_gain":0,"player_choice":"Card Removal","damage_taken":0,"max_hp_gain":0,"max_hp_loss":0,"event_name":"The Cleric","floor":14,"gold_loss":50},{"damage_healed":0,"gold_gain":0,"player_choice":"Ignored","damage_taken":0,"max_hp_gain":0,"max_hp_loss":0,"event_name":"Cursed Tome","floor":20,"gold_loss":0},{"damage_healed":0,"gold_gain":0,"player_choice":"Fight","damage_taken":0,"max_hp_gain":0,"max_hp_loss":0,"event_name":"Mysterious Sphere","floor":36,"gold_loss":0},{"cards_removed":["Zap"],"damage_healed":0,"gold_gain":0,"player_choice":"Removed Skill","damage_taken":0,"max_hp_gain":0,"max_hp_loss":0,"event_name":"Falling","floor":38,"gold_loss":0}],"is_beta":false,"boss_relics":[{"not_picked":["Coffee Dripper","Runic Dome"],"picked":"Astrolabe"},{"not_picked":["Snecko Eye","Pandora\u0027s Box"],"picked":"Nuclear Battery"}],"items_purged_floors":[],"is_endless":false,"potions_floor_spawned":[1,7,10,18,25,31,33,36,37],"killed_by":"Giant Head","ascension_level":0}}