{"host":"xqy2zcdkw56uhhws","time":1614248336,"event":{"mods":["Ascension Reborn","BaseMod","GungeonMod","Hermit","KOR Keyword Fix","Koishi","Minty Spire (QoL Compilation)","Replay The Spire","StSLib","The Bug Knight","The Cursed","The Dragon Tamer","The Hierophant","The Runesmith"],"gold_per_floor":[115,129,140,13,13,13,30,30,58,58,83,95,109,121,150,100,100,202,202,215,298,309,309,309],"floor_reached":23,"language":"KOR","playtime":4125,"items_purged":["Koishi:BasicDefend"],"score":228,"play_id":"ac44a4d0-876b-4be2-9c2d-6cfd2606ad8e","local_time":"20210225191856","is_ascension_mode":true,"campfire_choices":[{"data":"Koishi:HauntingSlash","floor":8,"key":"SMITH"}],"circlet_count":0,"master_deck":["Koishi:BasicStrike","Koishi:BasicStrike","Koishi:BasicDefend","Koishi:BasicDefend","Koishi:BasicDefend","Koishi:Provoke","Koishi:HauntingSlash+1","Koishi:EmbryosDream+1","Koishi:ParalyzingFear","Koishi:SprinkleStarAndHeart","Koishi:SubterraneanRose","Koishi:DreadfulBlow","Koishi:HeartAttack","Koishi:PhantomStrike","Koishi:Jaunt","Koishi:Jaunt","Koishi:DreadfulBlow","Koishi:BramblyRoseGarden","Koishi:MindStellarRelief","Koishi:GhostParty+1","ReplayTheSpireMod:Splinters","Koishi:StrangeCloudFist","Koishi:JumpScare"],"relics":["Koishi:ImaginaryFriend","HollowMod:PaleOreRelic","ReplayFunnel","Centennial Puzzle","Black Star","Replay:Mystery Machine"],"acts_visited":["Exordium","TheCity"],"potions_floor_usage":[],"damage_taken":[{"damage":10,"enemies":"Small Slimes","floor":1,"turns":5},{"damage":3,"enemies":"Cultist","floor":2,"turns":5},{"damage":2,"enemies":"Jaw Worm","floor":3,"turns":5},{"damage":7,"enemies":"Looter","floor":7,"turns":3},{"damage":0,"enemies":"HollowMod:MossKnight","floor":9,"turns":11},{"damage":0,"enemies":"Exordium Thugs","floor":12,"turns":4},{"damage":0,"enemies":"Blue Slaver","floor":13,"turns":2},{"damage":0,"enemies":"Large Slime","floor":14,"turns":4},{"damage":14,"enemies":"Gremlin Nob","floor":15,"turns":4},{"damage":14,"enemies":"Fading Forest","floor":18,"turns":11},{"damage":0,"enemies":"3 Byrds","floor":20,"turns":2},{"damage":22,"enemies":"Spheric Guardian","floor":22,"turns":6},{"damage":52,"enemies":"Shelled Parasite and Fungi","floor":23,"turns":3}],"seed_played":"-3730090716768617429","potions_obtained":[{"floor":1,"key":"Strength Potion"},{"floor":7,"key":"Energy Potion"},{"floor":12,"key":"Toxic Potion"},{"floor":18,"key":"Energy Potion"}],"is_trial":false,"path_per_floor":["M","M","M","$","PTL","PTL","M","R","E","?","T","M","M","M","E","?","R","B",null,"M","?","M","M"],"character_chosen":"KOISHI","items_purchased":["Koishi:SubterraneanRose"],"campfire_rested":0,"item_purchase_floors":[4],"current_hp_per_floor":[57,56,56,56,56,56,50,50,60,60,60,60,61,62,49,49,49,40,66,66,66,45,0,0],"gold":309,"neow_bonus":"TEN_PERCENT_HP_BONUS","is_daily":false,"chose_seed":false,"campfire_upgraded":1,"win_rate":0.0,"timestamp":1614248336,"path_taken":["M","M","M","$","PTL","PTL","M","R","E","?","T","?","M","M","E","?","R","BOSS","M","?","M","M"],"items_purchased_type":["Card"],"build_version":"2020-12-22","purchased_purges":1,"victory":false,"max_hp_per_floor":[66,66,66,66,66,66,66,66,66,66,66,66,66,66,66,66,66,66,66,66,66,66,66,66],"card_choices":[{"not_picked":["Koishi:UnconsciousUprising","Koishi:ApparitionsStalkTheNight"],"picked":"Koishi:EmbryosDream","floor":1},{"not_picked":["Koishi:FleetingPhantom","Koishi:ReflexRadar"],"picked":"Koishi:ParalyzingFear","floor":2},{"not_picked":["Koishi:SubterraneanRose","Koishi:PhantomStrike"],"picked":"Koishi:SprinkleStarAndHeart","floor":3},{"not_picked":["Koishi:HeartAttack","Koishi:EmbryosDream"],"picked":"Koishi:DreadfulBlow","floor":7},{"not_picked":["Koishi:FleetingPhantom","Koishi:Heartbroken"],"picked":"Koishi:HeartAttack","floor":9},{"not_picked":["Koishi:Prune","Koishi:PhantomBarrier"],"picked":"Koishi:PhantomStrike","floor":12},{"not_picked":["Koishi:EmbryosDream","Koishi:VengefulSpirit"],"picked":"Koishi:Jaunt","floor":13},{"not_picked":["Koishi:CatchAndRose","Koishi:FreudianInstinct"],"picked":"Koishi:Jaunt","floor":14},{"not_picked":["Koishi:RorschachInDanmaku","Koishi:Jaunt"],"picked":"Koishi:DreadfulBlow","floor":15},{"not_picked":["Koishi:Heartbroken","Koishi:FormlessExistence"],"picked":"Koishi:MindStellarRelief","floor":18},{"not_picked":["Koishi:Whimsy","Koishi:FleetingPhantom+1"],"picked":"Koishi:GhostParty+1","floor":20},{"not_picked":["Koishi:PhantomBarrier","Koishi:FleetingPhantom+1"],"picked":"Koishi:StrangeCloudFist","floor":21},{"not_picked":["Koishi:Jaunt+1","Koishi:UnansweredLove"],"picked":"Koishi:JumpScare","floor":22}],"player_experience":23139,"relics_obtained":[{"floor":9,"key":"HollowMod:PaleOreRelic"},{"floor":11,"key":"ReplayFunnel"},{"floor":15,"key":"Centennial Puzzle"},{"floor":21,"key":"Replay:Mystery Machine"}],"event_choices":[{"damage_healed":0,"gold_gain":0,"player_choice":"Upgraded","damage_taken":0,"max_hp_gain":0,"max_hp_loss":0,"event_name":"Upgrade Shrine","floor":10,"gold_loss":0,"cards_upgraded":["Koishi:EmbryosDream"]},{"cards_removed":["Koishi:BasicStrike"],"damage_healed":0,"gold_gain":0,"player_choice":"Card Removal","damage_taken":0,"max_hp_gain":0,"max_hp_loss":0,"event_name":"The Cleric","floor":16,"gold_loss":50}],"is_beta":false,"boss_relics":[{"not_picked":["Runesmith:UraniumAnvil","Replay:Wanted Poster"],"picked":"Black Star"}],"items_purged_floors":[4],"is_endless":false,"potions_floor_spawned":[1,7,12,13,14,18,20],"killed_by":"Shelled Parasite and Fungi","ascension_level":0}}