{"host":"dvz52zoduqbx9zr0","time":1614242290,"event":{"mods":["AchievementEnabler","Always Whale","Aspiration","BaseMod","BetterRewards","Colored Map","Conspire","Custom Start","Downfall","Halation","Hubris","Jedi Mod","Minty Spire (QoL Compilation)","Relic Sorter","Replay The Spire","Shop Mod","StSLib","SuperFastMode"],"gold_per_floor":[99,115,115,140,152,152,152,183,175,175,195,195,195,210,230,335,335,335,358,401,419,440,467,467,467,140,155,176,176,196,51,71,175,175,75,93,93,111,124,149,149,149,149,149],"floor_reached":42,"language":"ENG","playtime":3125,"items_purged":["hexamod:DynamicBlow","hexamod:Defend"],"score":554,"play_id":"5194f367-62a0-4c21-99f8-5fec9c24376c","local_time":"20210225183810","is_ascension_mode":false,"campfire_choices":[{"data":"hexamod:Sear","floor":1,"key":"SMITH"},{"data":"hexamod:Float","floor":6,"key":"SMITH"},{"data":"hexamod:FastForward","floor":10,"key":"SMITH"},{"floor":13,"key":"REST"},{"data":"hexamod:TimeOfNeed","floor":18,"key":"SMITH"},{"data":"hexamod:NightmareGuise","floor":25,"key":"SMITH"},{"data":"hexamod:HeatShield","floor":29,"key":"SMITH"},{"floor":35,"key":"RECALL"}],"circlet_count":0,"master_deck":["hexamod:Strike","hexamod:Strike","hexamod:Strike+1","hexamod:Strike","hexamod:Defend","hexamod:Defend","hexamod:Defend","hexamod:Sear+1","hexamod:Float+1","hexamod:SpectersWail+1","hexamod:FastForward+1","hexamod:HeatShield+1","hexamod:FirstSeal","hexamod:SecondSeal","hexamod:SpectersWail+1","hexamod:NightmareGuise+1","hexamod:TimeOfNeed+1","hexamod:NightmareStrike+1","hexamod:GhostOfSpireFuture","hexamod:PhantomFireball+1","hexamod:Hexaguard","hexamod:HauntingEcho","hexamod:ShieldOfDarkness+1","hexamod:RecurringNightmare","hexamod:EmpoweredFlame+1","hexamod:AdvancingGuard","hexamod:NightmareStrike","hexamod:FlamesFromBeyond","hexamod:GhostShield+1","hexamod:SpectersWail+1","hexamod:SixthSeal","hexamod:Again+1","hexamod:FlamesFromBeyond+1","hexamod:BurningTouch+1"],"relics":["hexamod:SpiritBrand","hubris:Icosahedron","Blue Doll","jedi:angrymask","hubris:TenFootPole","hubris:EvacipatedBox","ChewingGum","jedi:crownofsimplicity","Membership Card","MerchantsRug","Strange Spoon","aspiration:SecretTechniqueScroll","downfall:HeartBlessingBlue","Replay:Baseball"],"acts_visited":["Exordium","TheCity","TheBeyond"],"potions_floor_usage":[8,19,23,30,31,33,39,42,42],"damage_taken":[{"damage":7,"enemies":"Small Slimes","floor":2,"turns":4},{"damage":1,"enemies":"Jaw Worm","floor":5,"turns":3},{"damage":8,"enemies":"3 Sentries","floor":8,"turns":8},{"damage":4,"enemies":"2 Louse","floor":11,"turns":3},{"damage":31,"enemies":"Gremlin Gang","floor":14,"turns":5},{"damage":5,"enemies":"downfall:LooterAlt","floor":15,"turns":3},{"damage":29,"enemies":"IC_STATUS_ARCHETYPE","floor":16,"turns":9},{"damage":21,"enemies":"3 Byrds","floor":19,"turns":5},{"damage":14,"enemies":"conspire:MimicChest","floor":20,"turns":7},{"damage":5,"enemies":"Spheric Guardian","floor":21,"turns":4},{"damage":5,"enemies":"Centurion and Healer","floor":22,"turns":6},{"damage":21,"enemies":"Sentry and Sphere","floor":23,"turns":6},{"damage":0,"enemies":"downfall:FleeingMerchant","floor":26,"turns":4},{"damage":17,"enemies":"Shelled Parasite and Fungi","floor":27,"turns":5},{"damage":0,"enemies":"Snecko","floor":28,"turns":6},{"damage":14,"enemies":"Snake Plant","floor":30,"turns":4},{"damage":3,"enemies":"downfall:FleeingMerchant","floor":31,"turns":4},{"damage":2,"enemies":"Centurion and Healer","floor":32,"turns":5},{"damage":31,"enemies":"SI_MIRROR_ARCHETYPE","floor":33,"turns":11},{"damage":0,"enemies":"Orb Walker","floor":36,"turns":3},{"damage":29,"enemies":"3 Darklings","floor":38,"turns":5},{"damage":22,"enemies":"Sphere and 2 Shapes","floor":39,"turns":3},{"damage":22,"enemies":"Spire Growth","floor":40,"turns":6},{"damage":36,"enemies":"Nemesis","floor":42,"turns":6}],"seed_played":"-2103714387912619882","potions_obtained":[{"floor":0,"key":"Adrenaline Potion"},{"floor":0,"key":"BlessingOfTheForge"},{"floor":0,"key":"sneckomod:MuddlingPotion"},{"floor":8,"key":"SpeedPotion"},{"floor":16,"key":"PowerPotion"},{"floor":20,"key":"Guardian:BlockOnCardUsePotion"},{"floor":21,"key":"hexamod:EctoCoolerPotion"},{"floor":27,"key":"AttackPotion"},{"floor":30,"key":"SkillPotion"},{"floor":32,"key":"champ:CounterPotion"},{"floor":33,"key":"Death Potion"},{"floor":40,"key":"Strength Potion"}],"is_trial":false,"path_per_floor":["R","M","?","T","M","R","T","E","?","R","M","$","R","M","M","B",null,"R","M","?","M","M","M","T","R","$","M","M","R","M","$","M","B",null,"R","M","?","M","M","M","T","E"],"character_chosen":"THE_SPIRIT","items_purchased":["hubris:EvacipatedBox","Membership Card","hexamod:RecurringNightmare","hexamod:EmpoweredFlame+1","MerchantsRug","hexamod:SpectersWail+1","Strange Spoon"],"campfire_rested":1,"item_purchase_floors":[12,26,26,26,26,31,31],"current_hp_per_floor":[70,63,63,63,62,62,62,54,51,51,54,35,56,32,34,5,70,70,56,49,51,53,39,39,39,46,36,43,43,36,40,45,14,70,80,80,80,58,36,21,21,0,0,0],"gold":149,"neow_bonus":"THREE_SMALL_POTIONS","is_daily":false,"chose_seed":false,"campfire_upgraded":6,"win_rate":0.0,"timestamp":1614242290,"path_taken":["R","M","?","?","M","R","T","E","?","R","M","?","R","M","M","BOSS","R","M","?","M","M","?","T","R","$","M","M","R","M","$","M","BOSS","R","M","?","M","M","M","T","E"],"items_purchased_type":["Relic","Relic","Card","Card","Relic","Card","Relic"],"build_version":"2020-12-22","purchased_purges":2,"victory":false,"max_hp_per_floor":[70,70,70,70,70,70,70,70,70,70,70,70,70,70,70,70,70,70,70,70,70,70,70,70,70,70,70,70,70,70,70,70,70,70,80,80,80,80,80,80,80,80,80,80],"card_choices":[{"not_picked":["hexamod:BurningTouch","hexamod:SwordOfDarkness"],"picked":"hexamod:SpectersWail","floor":2},{"not_picked":["hexamod:ThirdSeal","hexamod:GhostLash"],"picked":"hexamod:FastForward","floor":5},{"not_picked":["hexamod:HeatCrush","hexamod:Firestarter"],"picked":"hexamod:HeatShield","floor":8},{"not_picked":["hexamod:NightmareGuise","hexamod:ThermalTransfer"],"picked":"hexamod:DynamicBlow","floor":11},{"not_picked":["hexamod:Hexaguard","hexamod:InspiringFlames"],"picked":"hexamod:SpectersWail","floor":14},{"not_picked":["hexamod:GhostLash","hexamod:FirstSeal"],"picked":"hexamod:NightmareGuise","floor":15},{"not_picked":["hexamod:FifthSeal","hexamod:GiftsFromTheDead"],"picked":"hexamod:TimeOfNeed","floor":16},{"not_picked":["hexamod:NecessarySacrifice","hexamod:ThermalTransfer"],"picked":"hexamod:NightmareStrike+1","floor":19},{"not_picked":["hexamod:ThermalTransfer","hexamod:SpectersWail+1"],"picked":"hexamod:GhostOfSpireFuture","floor":20},{"not_picked":["hexamod:BurningTouch","hexamod:Firestarter"],"picked":"hexamod:PhantomFireball+1","floor":21},{"not_picked":["hexamod:SpectersWail","hexamod:Firestarter"],"picked":"hexamod:Hexaguard","floor":22},{"not_picked":["hexamod:RetreatToShadows","hexamod:ShieldOfDarkness+1"],"picked":"hexamod:HauntingEcho","floor":23},{"not_picked":["hexamod:WildfireWeapon","hexamod:NightmareStrike"],"picked":"hexamod:ShieldOfDarkness+1","floor":26},{"not_picked":["hexamod:BacktrackSmack+1","hexamod:ChargedBarrage"],"picked":"hexamod:AdvancingGuard","floor":27},{"not_picked":["hexamod:BacktrackSmack","hexamod:HeatMetal"],"picked":"hexamod:NightmareStrike","floor":28},{"not_picked":["hexamod:SwordOfDarkness","hexamod:InspiringFlames"],"picked":"hexamod:FlamesFromBeyond","floor":30},{"not_picked":["hexamod:BacktrackSmack","hexamod:SearingWound"],"picked":"hexamod:GhostShield+1","floor":31},{"not_picked":["hexamod:NecessarySacrifice","hexamod:FourthSeal","hexamod:HauntingEcho"],"picked":"SKIP","floor":32},{"not_picked":["hexamod:TurnItUp","hexamod:HexaLevel"],"picked":"hexamod:SixthSeal","floor":33},{"not_picked":["hexamod:RetreatToShadows","hexamod:Haunt"],"picked":"hexamod:Again+1","floor":36},{"not_picked":["hexamod:NightmareGuise+1","hexamod:Rewind"],"picked":"hexamod:FlamesFromBeyond+1","floor":38},{"not_picked":["hexamod:ThirdSeal","hexamod:SoulSteal+1","hexamod:RainOfEmbers+1"],"picked":"SKIP","floor":39},{"not_picked":["hexamod:RainOfEmbers","hexamod:BacktrackSmack"],"picked":"hexamod:BurningTouch+1","floor":40}],"player_experience":232641,"relics_obtained":[{"floor":4,"key":"Blue Doll"},{"floor":7,"key":"jedi:angrymask"},{"floor":8,"key":"hubris:TenFootPole"},{"floor":20,"key":"jedi:crownofsimplicity"},{"floor":41,"key":"Replay:Baseball"}],"event_choices":[],"is_beta":false,"boss_relics":[{"not_picked":["conspire:RunicOctahedron","Coffee Dripper","halation:PinkAlligatorPlush"],"picked":"ChewingGum"},{"not_picked":["Philosopher\u0027s Stone","SlaversCollar","halation:Risk"],"picked":"aspiration:SecretTechniqueScroll"}],"items_purged_floors":[26,31],"is_endless":false,"potions_floor_spawned":[2,8,16,20,21,27,28,30,32,33,38,40],"killed_by":"Nemesis","ascension_level":0}}