{"host":"i29s15dsg0c43zmx","time":1614277358,"event":{"mods":["AchievementEnabler","BaseMod","Colored Map","Minty Spire (QoL Compilation)","StSLib"],"gold_per_floor":[111,125,125,143,157,189,202,202,229,229,104,131,165,186,186,293,293,306,221,221,100,113,153,153,153,153,153,153,190,190,206,206,318,327,352,379,136,156,180,180,99,118,118,78,78,78,97,140,140,140],"floor_reached":51,"language":"ENG","playtime":2339,"items_purged":["Strike_P","Strike_P","Strike_P+1","Parasite"],"score":732,"play_id":"63323732-8e4d-4558-a417-9c6b5fac0e29","local_time":"20210225192238","is_ascension_mode":false,"campfire_choices":[{"data":"Eruption","floor":8,"key":"SMITH"},{"floor":15,"key":"REST"},{"data":"DevaForm","floor":25,"key":"SMITH"},{"data":"Tantrum","floor":28,"key":"SMITH"},{"floor":30,"key":"REST"},{"data":"FlurryOfBlows","floor":32,"key":"SMITH"},{"data":"TalkToTheHand","floor":40,"key":"SMITH"},{"data":"Crescendo","floor":45,"key":"SMITH"},{"data":"Vengeance","floor":49,"key":"SMITH"}],"circlet_count":0,"master_deck":["Defend_P+1","Defend_P+1","Defend_P+1","Defend_P+1","Eruption+1","Vigilance+1","FearNoEvil","ClearTheMind+1","Consecrate","DevaForm+1","Wireheading","EmptyBody","CutThroughFate","FollowUp+1","FlurryOfBlows+1","Tantrum+1","MasterReality+1","Wallop+1","Protect","Crescendo+1","Devotion","CurseOfTheBell","Tantrum+1","TalkToTheHand+1","Devotion","EmptyFist","Vengeance+1","EmptyFist+1","Weave"],"relics":["PureWater","NeowsBlessing","Smiling Mask","CeramicFish","Happy Flower","Busted Crown","Juzu Bracelet","Vajra","War Paint","Ornamental Fan","Red Mask","Calling Bell","MealTicket","Pear","FossilizedHelix","DollysMirror","Letter Opener","Yang"],"acts_visited":["Exordium","TheCity","TheBeyond"],"potions_floor_usage":[16,16,22,29,33,47,48,50],"damage_taken":[{"damage":0,"enemies":"Cultist","floor":1,"turns":1},{"damage":0,"enemies":"2 Louse","floor":2,"turns":1},{"damage":0,"enemies":"Small Slimes","floor":4,"turns":1},{"damage":4,"enemies":"3 Louse","floor":5,"turns":3},{"damage":27,"enemies":"Gremlin Nob","floor":6,"turns":4},{"damage":20,"enemies":"Exordium Wildlife","floor":7,"turns":4},{"damage":8,"enemies":"Lots of Slimes","floor":12,"turns":3},{"damage":13,"enemies":"3 Sentries","floor":13,"turns":6},{"damage":35,"enemies":"Gremlin Gang","floor":14,"turns":5},{"damage":42,"enemies":"The Guardian","floor":16,"turns":10},{"damage":5,"enemies":"3 Byrds","floor":18,"turns":5},{"damage":10,"enemies":"Spheric Guardian","floor":22,"turns":3},{"damage":20,"enemies":"Gremlin Leader","floor":23,"turns":7},{"damage":12,"enemies":"Masked Bandits","floor":29,"turns":2},{"damage":2,"enemies":"Centurion and Healer","floor":31,"turns":5},{"damage":48,"enemies":"Champ","floor":33,"turns":7},{"damage":0,"enemies":"3 Shapes","floor":35,"turns":3},{"damage":1,"enemies":"3 Darklings","floor":36,"turns":5},{"damage":6,"enemies":"Writhing Mass","floor":38,"turns":7},{"damage":22,"enemies":"Spire Growth","floor":39,"turns":3},{"damage":7,"enemies":"Jaw Worm Horde","floor":42,"turns":4},{"damage":0,"enemies":"Transient","floor":47,"turns":5},{"damage":17,"enemies":"Reptomancer","floor":48,"turns":6},{"damage":37,"enemies":"Donu and Deca","floor":50,"turns":8}],"seed_played":"5412706104631459710","potions_obtained":[{"floor":1,"key":"Ancient Potion"},{"floor":2,"key":"Dexterity Potion"},{"floor":12,"key":"LiquidBronze"},{"floor":16,"key":"SteroidPotion"},{"floor":18,"key":"PowerPotion"},{"floor":22,"key":"Explosive Potion"},{"floor":35,"key":"Regen Potion"}],"is_trial":false,"path_per_floor":["M","M","?","M","M","E","M","R","T","?","$","M","E","M","R","B",null,"M","?","?","$","M","E","?","R","T","?","R","?","R","M","R","B",null,"M","M","$","M","M","R","$","M","T","?","R","?","M","E","R","B",null],"character_chosen":"WATCHER","items_purchased":["CutThroughFate","FollowUp","Wallop","DollysMirror","PowerPotion","Vengeance"],"campfire_rested":2,"item_purchase_floors":[11,11,21,37,37,41],"current_hp_per_floor":[72,72,72,72,68,41,21,21,21,82,82,74,61,26,50,8,82,77,77,77,77,67,47,47,47,47,47,47,35,59,57,57,9,92,92,91,92,86,64,64,79,72,72,72,72,72,72,69,69,32],"gold":140,"neow_bonus":"THREE_ENEMY_KILL","is_daily":false,"chose_seed":false,"campfire_upgraded":7,"win_rate":0.0,"timestamp":1614277358,"path_taken":["M","M","?","M","?","E","M","R","T","?","$","?","E","M","R","BOSS","M","?","?","$","M","E","?","R","T","?","R","?","R","M","R","BOSS","M","M","$","M","M","R","$","M","T","?","R","?","M","E","R","BOSS"],"items_purchased_type":["Card","Card","Card","Relic","Potion","Card"],"build_version":"2020-12-22","purchased_purges":4,"victory":true,"max_hp_per_floor":[72,72,72,72,72,72,72,72,72,82,82,82,82,82,82,82,82,82,82,82,82,82,82,82,82,82,82,82,82,82,82,82,82,92,92,92,92,92,92,92,89,89,89,89,89,89,89,89,89,89],"card_choices":[{"not_picked":["Study","WheelKick"],"picked":"FearNoEvil","floor":1},{"not_picked":["Adaptation","ThirdEye"],"picked":"ClearTheMind","floor":2},{"not_picked":["Crescendo","EmptyMind"],"picked":"Consecrate","floor":4},{"not_picked":["BowlingBash","CarveReality"],"picked":"DevaForm","floor":5},{"not_picked":["ReachHeaven","Consecrate"],"picked":"Wireheading","floor":6},{"not_picked":["Nirvana","Weave"],"picked":"EmptyBody","floor":7},{"not_picked":["BattleHymn","WheelKick"],"picked":"FlurryOfBlows","floor":12},{"not_picked":["Wireheading","BattleHymn","JustLucky"],"picked":"SKIP","floor":13},{"not_picked":["Swivel","FlurryOfBlows"],"picked":"Tantrum","floor":14},{"not_picked":["SpiritShield","Vault"],"picked":"MasterReality","floor":16},{"not_picked":["CrushJoints"],"picked":"SKIP","floor":18},{"not_picked":["Evaluate"],"picked":"SKIP","floor":22},{"not_picked":[],"picked":"Protect","floor":23},{"not_picked":[],"picked":"Crescendo","floor":29},{"not_picked":["ThirdEye"],"picked":"SKIP","floor":31},{"not_picked":[],"picked":"Devotion","floor":33},{"not_picked":[],"picked":"Tantrum+1","floor":35},{"not_picked":[],"picked":"TalkToTheHand","floor":36},{"not_picked":["WheelKick"],"picked":"SKIP","floor":38},{"not_picked":[],"picked":"EmptyFist","floor":39},{"not_picked":["WreathOfFlame"],"picked":"SKIP","floor":42},{"not_picked":[],"picked":"EmptyFist+1","floor":47},{"not_picked":[],"picked":"Weave","floor":48}],"player_experience":135847,"relics_obtained":[{"floor":6,"key":"Smiling Mask"},{"floor":9,"key":"CeramicFish"},{"floor":13,"key":"Happy Flower"},{"floor":23,"key":"Vajra"},{"floor":26,"key":"War Paint"},{"floor":29,"key":"Red Mask"},{"floor":34,"key":"MealTicket"},{"floor":34,"key":"Pear"},{"floor":34,"key":"FossilizedHelix"},{"floor":43,"key":"Letter Opener"},{"floor":48,"key":"Yang"}],"event_choices":[{"damage_healed":0,"gold_gain":0,"cards_transformed":["Strike_P"],"player_choice":"Transformed","damage_taken":0,"max_hp_gain":0,"max_hp_loss":0,"event_name":"Transmorgrifier","floor":3,"gold_loss":0,"cards_obtained":["Alpha"]},{"cards_removed":["Alpha"],"damage_healed":51,"gold_gain":0,"player_choice":"Offered Rare","damage_taken":0,"max_hp_gain":10,"max_hp_loss":0,"event_name":"Bonfire Elementals","floor":10,"gold_loss":0},{"damage_healed":0,"gold_gain":0,"player_choice":"Obtained Relic","damage_taken":0,"relics_obtained":["Juzu Bracelet"],"max_hp_gain":0,"max_hp_loss":0,"event_name":"Addict","floor":19,"gold_loss":85},{"damage_healed":0,"gold_gain":0,"player_choice":"Ignored","damage_taken":0,"max_hp_gain":0,"max_hp_loss":0,"event_name":"Cursed Tome","floor":20,"gold_loss":0},{"damage_healed":0,"gold_gain":0,"player_choice":"Simplicity","damage_taken":0,"max_hp_gain":0,"max_hp_loss":0,"event_name":"Back to Basics","floor":24,"gold_loss":0,"cards_upgraded":["Strike_P","Defend_P","Defend_P","Defend_P","Defend_P"]},{"damage_healed":0,"gold_gain":0,"player_choice":"Opened","damage_taken":0,"relics_obtained":["Ornamental Fan"],"max_hp_gain":0,"max_hp_loss":0,"event_name":"The Mausoleum","floor":27,"gold_loss":0},{"damage_healed":0,"gold_gain":0,"player_choice":"Fought Bandits","damage_taken":0,"max_hp_gain":0,"max_hp_loss":0,"event_name":"Masked Bandits","floor":29,"gold_loss":0},{"damage_healed":0,"gold_gain":0,"player_choice":"Upgraded Two","damage_taken":0,"max_hp_gain":0,"max_hp_loss":0,"event_name":"Designer","floor":44,"gold_loss":40,"cards_upgraded":["MasterReality","FollowUp"]},{"damage_healed":0,"gold_gain":0,"player_choice":"Forge","damage_taken":0,"max_hp_gain":0,"max_hp_loss":0,"event_name":"Accursed Blacksmith","floor":46,"gold_loss":0,"cards_upgraded":["Wallop"]}],"is_beta":false,"boss_relics":[{"not_picked":["Empty Cage","Coffee Dripper"],"picked":"Busted Crown"},{"not_picked":["Velvet Choker","Pandora\u0027s Box"],"picked":"Calling Bell"}],"items_purged_floors":[11,21,37,41],"is_endless":false,"potions_floor_spawned":[1,2,12,13,14,16,18,22,35,38,42],"ascension_level":0}}