{"host":"ssbj2e5691x5ub3h","time":1614296474,"event":{"mods":["BaseMod","Minty Spire (QoL Compilation)","Quick Restart","StSLib","SuperFastMode","The Dragon Tamer","The Gatherer","The Hierophant","The Marked"],"gold_per_floor":[113,113,132,152,169,169,205,205,228,228,253,275,275,350,350,458,458,475,505,505,551,582,618,661,683,683,608,653,694,738,778,778,770,770],"floor_reached":33,"language":"ENG","playtime":2155,"items_purged":["hierophant:Defend_Hierophant"],"score":273,"play_id":"bc973147-47e0-44a2-98c4-1863a2cb3712","local_time":"20210225204114","is_ascension_mode":false,"campfire_choices":[{"data":"hierophant:ChurchCoffers","floor":6,"key":"SMITH"},{"floor":8,"key":"REST"},{"data":"hierophant:Punish","floor":10,"key":"SMITH"},{"data":"hierophant:Endure","floor":13,"key":"SMITH"},{"data":"hierophant:OrnateBuckler","floor":15,"key":"SMITH"},{"floor":32,"key":"REST"}],"circlet_count":0,"master_deck":["hierophant:Strike_Hierophant","hierophant:Strike_Hierophant","hierophant:Strike_Hierophant","hierophant:Strike_Hierophant","hierophant:Punish+1","hierophant:Defend_Hierophant","hierophant:Defend_Hierophant","hierophant:Defend_Hierophant","hierophant:ChurchCoffers+1","hierophant:Smite","hierophant:OrnateBuckler+1","hierophant:Endure+1","hierophant:Batter","hierophant:RustyCrate","hierophant:Doubloon","hierophant:Doubloon","hierophant:Zeal","hierophant:HolyVerse+1"],"relics":["hierophant:PropheticMaskRelic","Pen Nib","Blood Vial","Odd Mushroom","Sozu","Red Mask","Boot","Lizard Tail"],"acts_visited":["Exordium","TheCity"],"potions_floor_usage":[16,16,22],"damage_taken":[{"damage":3,"enemies":"Cultist","floor":1,"turns":5},{"damage":0,"enemies":"2 Louse","floor":3,"turns":2},{"damage":1,"enemies":"Jaw Worm","floor":4,"turns":4},{"damage":2,"enemies":"Exordium Wildlife","floor":5,"turns":6},{"damage":17,"enemies":"3 Sentries","floor":7,"turns":11},{"damage":10,"enemies":"The Mushroom Lair","floor":11,"turns":3},{"damage":2,"enemies":"Blue Slaver","floor":12,"turns":3},{"damage":60,"enemies":"Hexaghost","floor":16,"turns":15},{"damage":0,"enemies":"Chosen","floor":18,"turns":4},{"damage":9,"enemies":"Masked Bandits","floor":19,"turns":3},{"damage":2,"enemies":"Shell Parasite","floor":21,"turns":4},{"damage":15,"enemies":"3 Cultists","floor":22,"turns":5},{"damage":9,"enemies":"Slavers","floor":23,"turns":6},{"damage":1,"enemies":"Snecko","floor":24,"turns":5},{"damage":3,"enemies":"Snake Plant","floor":25,"turns":4},{"damage":0,"enemies":"Sentry and Sphere","floor":28,"turns":2},{"damage":22,"enemies":"Cultist and Chosen","floor":29,"turns":5},{"damage":17,"enemies":"Chosen and Byrds","floor":30,"turns":5},{"damage":17,"enemies":"Centurion and Healer","floor":31,"turns":6},{"damage":67,"enemies":"Automaton","floor":33,"turns":8}],"seed_played":"1976926390028974727","potions_obtained":[{"floor":7,"key":"Fire Potion"},{"floor":11,"key":"ColorlessPotion"},{"floor":16,"key":"Fire Potion"}],"is_trial":false,"path_per_floor":["M","$","M","M","M","R","E","R","T","R","?","M","R","?","R","B",null,"M","?","?","M","M","E","M","M","T","$","M","M","M","M","R","B"],"character_chosen":"HIEROPHANT","items_purchased":[],"campfire_rested":2,"item_purchase_floors":[],"current_hp_per_floor":[79,79,79,78,76,76,59,82,82,82,72,72,72,61,61,3,82,82,73,57,57,44,37,38,37,37,37,39,19,4,37,63,0,0],"gold":770,"neow_bonus":"TEN_PERCENT_HP_BONUS","is_daily":false,"chose_seed":false,"campfire_upgraded":4,"win_rate":0.0,"timestamp":1614296474,"path_taken":["M","?","M","?","M","R","E","R","T","R","?","M","R","?","R","BOSS","M","?","?","M","M","E","M","M","T","$","M","M","M","M","R","BOSS"],"items_purchased_type":[],"build_version":"2020-12-22","purchased_purges":1,"victory":false,"max_hp_per_floor":[82,82,82,82,82,82,82,82,82,82,82,82,82,82,82,82,82,82,82,87,87,87,87,87,87,87,87,87,87,87,87,87,87,87],"card_choices":[{"not_picked":["hierophant:PassingBell","hierophant:SolarFlare"],"picked":"hierophant:Smite","floor":1},{"not_picked":["hierophant:OrnateJavelin","hierophant:PassingBell"],"picked":"hierophant:OrnateBuckler","floor":3},{"not_picked":["hierophant:Shelter","hierophant:Sermon","hierophant:AuricBeam"],"picked":"SKIP","floor":4},{"not_picked":["hierophant:SecretStash","hierophant:Encroach","hierophant:DisplayOfPower"],"picked":"SKIP","floor":5},{"not_picked":["hierophant:Refuge","hierophant:FaithHealing","hierophant:WrathOfGod"],"picked":"SKIP","floor":7},{"not_picked":["hierophant:Prophecy","hierophant:SecretStash"],"picked":"hierophant:Endure","floor":12},{"not_picked":["hierophant:Levitation","hierophant:WrathOfGod"],"picked":"hierophant:Batter","floor":16},{"not_picked":["hierophant:Shelter+1","hierophant:Exaltation","hierophant:MirrorShield"],"picked":"SKIP","floor":18},{"not_picked":["hierophant:Endure+1","hierophant:FieryStrike"],"picked":"hierophant:RustyCrate","floor":19},{"not_picked":["hierophant:FieryStrike","hierophant:Smite","hierophant:Dazzle"],"picked":"SKIP","floor":21},{"not_picked":["hierophant:Smite","hierophant:Community"],"picked":"hierophant:Zeal","floor":22},{"not_picked":["hierophant:FaithHealing","hierophant:SolarFlare","hierophant:MintersHammer"],"picked":"SKIP","floor":23},{"not_picked":["hierophant:RustyCrate","hierophant:Sermon","hierophant:RecallFunds+1"],"picked":"SKIP","floor":24},{"not_picked":["hierophant:Dazzle","hierophant:HammerAndAnvil+1","hierophant:Sermon"],"picked":"SKIP","floor":25},{"not_picked":["hierophant:Empathy","hierophant:RepressedViolence"],"picked":"hierophant:HolyVerse+1","floor":28},{"not_picked":["hierophant:Purify","hierophant:Zeal+1","hierophant:ArchangelShield"],"picked":"SKIP","floor":29},{"not_picked":["hierophant:Patience+1","hierophant:Empathy+1","hierophant:FieryStrike"],"picked":"SKIP","floor":30},{"not_picked":["hierophant:FlamingChariot","hierophant:ThreeLashes+1","hierophant:HolyVerse"],"picked":"SKIP","floor":31}],"player_experience":144829,"relics_obtained":[{"floor":7,"key":"Pen Nib"},{"floor":9,"key":"Blood Vial"},{"floor":11,"key":"Odd Mushroom"},{"floor":19,"key":"Red Mask"},{"floor":23,"key":"Boot"},{"floor":26,"key":"Lizard Tail"}],"event_choices":[{"damage_healed":0,"gold_gain":0,"player_choice":"Fought Mushrooms","damage_taken":0,"max_hp_gain":0,"max_hp_loss":0,"event_name":"Mushrooms","floor":11,"gold_loss":0},{"damage_healed":0,"gold_gain":75,"player_choice":"Gather Gold","damage_taken":11,"max_hp_gain":0,"max_hp_loss":0,"event_name":"World of Goop","floor":14,"gold_loss":0},{"damage_healed":0,"gold_gain":0,"player_choice":"Fought Bandits","damage_taken":0,"max_hp_gain":0,"max_hp_loss":0,"event_name":"Masked Bandits","floor":19,"gold_loss":0},{"damage_healed":0,"gold_gain":0,"player_choice":"Shed Blood","damage_taken":21,"max_hp_gain":5,"max_hp_loss":0,"event_name":"Forgotten Altar","floor":20,"gold_loss":0}],"is_beta":false,"boss_relics":[{"not_picked":["Ectoplasm","Calling Bell"],"picked":"Sozu"}],"items_purged_floors":[27],"is_endless":false,"potions_floor_spawned":[7,11,16,19,21,22,28,30,31],"killed_by":"Automaton","ascension_level":0}}