{"host":"tod","time":1614268966,"event":{"mods":["ATMod(∞¢Ë™Mod)","AchievementEnabler","Act Like it!","BaseMod","CapriCore","Energized Spire","Highlight Path","Lobotomy","Marisa£®ÏF”Í°°ƒß¿Ì…≥£©","Minty Spire (QoL Compilation)","Quick Restart","Reimu£®≤©¿ˆ¡È√Œ£©","Relic Filter Mod","Relic Stats","Remilia£®¿Ÿ√◊¿Ú—«£©","Replay The Spire","Shop Mod","StSLib","The Cursed","The Immortal","Yakumo Yukari mod","Youmu£®ªÍ∆«—˝√Œ£©"],"gold_per_floor":[116,133,145,145,188,217,217,217,217,217,249,279,137,152,152,253,253,267,192,204,224,49,77,77,77,132,146,146,146,146,146,146,242,242,259,271,321,321,321,353,353,387,387,398,428,428,50,50,50,85,85,85,85],"floor_reached":54,"language":"ZHS","playtime":2779,"items_purged":["ReplayTheSpireMod:The Works","Defend_G","Survivor"],"score":899,"play_id":"02ca5f22-e7a7-4cf3-952b-b8706501f5eb","local_time":"20210226000246","is_ascension_mode":true,"campfire_choices":[{"data":"Cloak And Dagger","floor":7.0,"key":"SMITH"},{"data":"Blade Dance","floor":10.0,"key":"SMITH"},{"floor":15.0,"key":"REST"},{"floor":30.0,"key":"REST"},{"data":"AT_EssenceShift","floor":41.0,"key":"SMITH"},{"floor":51.0,"key":"REST"}],"circlet_count":0,"master_deck":["Strike_G","Strike_G","Strike_G","Strike_G","Strike_G","Defend_G","Defend_G","Neutralize","AT_BreakingExtremeWeapon","Cloak And Dagger+1","Blur+1","Blade Dance+1","Hidden Blade+1","AT_ArcaneSupremacy","Cloak And Dagger+1","Blur","Accuracy+1","AT_EssenceShift+1","Cloak And Dagger","Hidden Blade+1","Choke","Cloak And Dagger+1","Dagger Spray+1","Blur"],"relics":["Ring of the Snake","AT_ATBox","Replay:Accelerometer","InkBottle","MawBank","Sozu","Question Card","Replay:Mystery Machine","MutagenicStrength","Replay:Bronze Core","Durian","Blood Vial","AT_ArchangelStaff","Gremlin Food","AT_SpeedBoots","Replay:WaspNest","Letter Opener","Centennial Puzzle"],"acts_visited":["Exordium","TheCity","TheBeyond"],"potions_floor_usage":[],"damage_taken":[{"damage":0.0,"enemies":"Small Slimes","floor":1.0,"turns":2.0},{"damage":0.0,"enemies":"2 Louse","floor":2.0,"turns":2.0},{"damage":0.0,"enemies":"Jaw Worm","floor":3.0,"turns":3.0},{"damage":11.0,"enemies":"Lagavulin","floor":6.0,"turns":7.0},{"damage":2.0,"enemies":"3 Sentries","floor":11.0,"turns":5.0},{"damage":0.0,"enemies":"3 Louse","floor":12.0,"turns":3.0},{"damage":5.0,"enemies":"Red Slaver","floor":14.0,"turns":3.0},{"damage":28.0,"enemies":"The Guardian","floor":16.0,"turns":8.0},{"damage":9.0,"enemies":"3 Byrds","floor":18.0,"turns":4.0},{"damage":7.0,"enemies":"Shell Parasite","floor":20.0,"turns":5.0},{"damage":0.0,"enemies":"Centurion and Healer","floor":21.0,"turns":4.0},{"damage":11.0,"enemies":"Slavers","floor":23.0,"turns":6.0},{"damage":0.0,"enemies":"Cultist and Chosen","floor":27.0,"turns":5.0},{"damage":20.0,"enemies":"Collector","floor":33.0,"turns":5.0},{"damage":0.0,"enemies":"3 Darklings","floor":35.0,"turns":3.0},{"damage":4.0,"enemies":"3 Shapes","floor":36.0,"turns":3.0},{"damage":0.0,"enemies":"Mind Bloom Boss Battle","floor":37.0,"turns":5.0},{"damage":0.0,"enemies":"Nemesis","floor":40.0,"turns":5.0},{"damage":36.0,"enemies":"Reptomancer","floor":42.0,"turns":5.0},{"damage":3.0,"enemies":"Jaw Worm Horde","floor":44.0,"turns":3.0},{"damage":0.0,"enemies":"Nemesis","floor":45.0,"turns":5.0},{"damage":0.0,"enemies":"R_Hoarder","floor":50.0,"turns":5.0},{"damage":8,"enemies":"Replay:Hell Engine","floor":52,"turns":6}],"seed_played":"2377139865056092387","potions_obtained":[{"floor":3.0,"key":"LiquidBronze"},{"floor":5.0,"key":"PanachePotion"},{"floor":5.0,"key":"Adrenaline Potion"},{"floor":6.0,"key":"Fire Potion"},{"floor":11.0,"key":"Block Potion"},{"floor":16.0,"key":"DistilledChaos"}],"is_trial":false,"path_per_floor":["M","M","M","?","?","E","R","?","T","R","E","M","$","M","R","B",null,"M","?","M","M","$","E","?","?","T","M","$","?","R","?","R","B",null,"M","M","?","$","?","E","R","E","T","M","E","T","$","PTL","PTL","E","R","B",null,null],"character_chosen":"THE_SILENT","items_purchased":["AT_ArcaneSupremacy","Accuracy","Letter Opener"],"campfire_rested":3,"item_purchase_floors":[13,22,47],"current_hp_per_floor":[70,70,70,70,53,42,42,42,42,42,40,40,40,35,56,28,60,51,51,44,44,44,33,33,33,33,33,33,20,42,42,64,44,67,67,63,68,68,68,68,68,34,34,33,35,35,35,35,35,37,61,55,55],"gold":85,"neow_bonus":"RANDOM_COLORLESS_2","is_daily":false,"chose_seed":false,"campfire_upgraded":3,"win_rate":0.0,"timestamp":1614268966,"path_taken":["M","M","M","?","?","E","R","?","T","R","E","M","$","M","R","BOSS","M","?","M","M","$","E","?","?","T","?","$","?","R","?","R","BOSS","M","M","?","$","?","E","R","E","T","?","E","?","$","PTL","PTL","E","R","BOSS"],"items_purchased_type":["Card","Card","Relic"],"build_version":"2020-12-18","purchased_purges":3,"victory":true,"max_hp_per_floor":[70,70,70,70,70,70,70,70,70,70,70,70,70,70,70,70,70,70,70,70,70,70,70,70,70,70,70,70,75,75,75,75,75,75,75,75,80,80,80,80,80,80,80,80,80,80,80,80,80,80,80,80,80],"relic_stats":{"Sozu":8,"Blood Vial":10,"Centennial Puzzle":[3],"counters":[23,102],"Letter Opener":[24],"MawBank":24,"Question Card":10,"obtain_stats":[{"Gremlin Food":43,"Replay:Accelerometer":6,"AT_ATBox":0,"Replay:WaspNest":46,"Letter Opener":47,"Replay:Mystery Machine":26,"MawBank":11,"Question Card":23,"AT_ArchangelStaff":42,"Sozu":17,"Blood Vial":40,"AT_SpeedBoots":45,"Centennial Puzzle":50,"MutagenicStrength":31,"Replay:Bronze Core":34,"Durian":37,"InkBottle":9,"Ring of the Snake":0},{"Gremlin Food":19,"Replay:Accelerometer":4,"AT_ATBox":0,"Replay:WaspNest":21,"Letter Opener":21,"Replay:Mystery Machine":12,"MawBank":5,"Question Card":12,"AT_ArchangelStaff":19,"Sozu":8,"Blood Vial":18,"AT_SpeedBoots":21,"Centennial Puzzle":22,"MutagenicStrength":13,"Replay:Bronze Core":14,"Durian":17,"InkBottle":4,"Ring of the Snake":0},{"Gremlin Food":83,"Replay:Accelerometer":14,"AT_ATBox":0,"Replay:WaspNest":91,"Letter Opener":91,"Replay:Mystery Machine":52,"MawBank":19,"Question Card":52,"AT_ArchangelStaff":83,"Sozu":33,"Blood Vial":78,"AT_SpeedBoots":91,"Centennial Puzzle":96,"MutagenicStrength":57,"Replay:Bronze Core":62,"Durian":73,"InkBottle":14,"Ring of the Snake":0}],"InkBottle":[55],"Ring of the Snake":[46]},"card_choices":[{"not_picked":["Secret Technique","AT_FamilyPortrait"],"picked":"AT_BreakingExtremeWeapon","floor":0.0},{"not_picked":["Acrobatics","Blade Dance"],"picked":"Cloak And Dagger","floor":1.0},{"not_picked":["Calculated Gamble","ReplayTheSpireMod:The Works","ReplayTheSpireMod:Scrap Shanks"],"picked":"SKIP","floor":2.0},{"not_picked":["Distraction","PiercingWail","Underhanded Strike"],"picked":"SKIP","floor":3.0},{"not_picked":["Quick Slash","Dagger Throw"],"picked":"Blade Dance","floor":5.0},{"not_picked":["Terror","Bane","Dodge and Roll"],"picked":"SKIP","floor":6.0},{"not_picked":["Dagger Spray","Catalyst"],"picked":"Hidden Blade","floor":11.0},{"not_picked":["Acrobatics","PiercingWail","Deadly Poison"],"picked":"SKIP","floor":12.0},{"not_picked":["AT_TinkerSharpsword","Prepared","Corpse Explosion"],"picked":"SKIP","floor":14.0},{"not_picked":["Sneak Up","Concentrate","Bane"],"picked":"SKIP","floor":18.0},{"not_picked":["Masterful Stab","Deflect"],"picked":"Cloak And Dagger+1","floor":20.0},{"not_picked":["Blade Dance","Outmaneuver"],"picked":"Blur","floor":21.0},{"not_picked":["Dagger Throw+1","AT_TwilightShroud","Atom Bomb"],"picked":"SKIP","floor":23.0},{"not_picked":["Deflect","Crippling Poison","Sucker Punch","Draining Mist"],"picked":"SKIP","floor":27.0},{"not_picked":["Bullet Time","AT_KingSlayer","Atom Bomb"],"picked":"AT_EssenceShift","floor":33.0},{"not_picked":["Quick Slash+1","AT_TwilightShroud","PiercingWail+1","Dagger Spray+1"],"picked":"SKIP","floor":35.0},{"not_picked":["Underhanded Strike+1","Acrobatics","Outmaneuver"],"picked":"Cloak And Dagger","floor":36.0},{"not_picked":["Backflip+1","Acrobatics+1","Endless Agony+1"],"picked":"Hidden Blade+1","floor":37.0},{"not_picked":["Malaise","PiercingWail","All Out Attack","Flying Knee+1"],"picked":"SKIP","floor":40.0},{"not_picked":["Phantasmal Killer","PiercingWail+1","Dagger Throw"],"picked":"Cloak And Dagger+1","floor":42.0},{"not_picked":["Slice","Acrobatics+1","Noxious Fumes+1"],"picked":"Dagger Spray+1","floor":44.0},{"not_picked":["Dagger Throw+1","Outmaneuver+1","Sneak Up"],"picked":"Blur","floor":45.0},{"not_picked":["Flechettes+1","AT_WindFlip","Noxious Fumes","Doppelganger"],"picked":"SKIP","floor":50.0}],"player_experience":427479,"relics_obtained":[{"floor":6.0,"key":"Replay:Accelerometer"},{"floor":9.0,"key":"InkBottle"},{"floor":11.0,"key":"MawBank"},{"floor":23.0,"key":"Question Card"},{"floor":26.0,"key":"Replay:Mystery Machine"},{"floor":37.0,"key":"Durian"},{"floor":40.0,"key":"Blood Vial"},{"floor":42.0,"key":"AT_ArchangelStaff"},{"floor":43.0,"key":"Gremlin Food"},{"floor":45.0,"key":"AT_SpeedBoots"},{"floor":46.0,"key":"Replay:WaspNest"},{"floor":50.0,"key":"Centennial Puzzle"}],"event_choices":[{"damage_healed":0.0,"max_hp_gain":0.0,"max_hp_loss":0.0,"gold_gain":0.0,"cards_transformed":["Defend_G"],"event_name":"Living Wall","player_choice":"Change","floor":8.0,"gold_loss":0.0,"damage_taken":0.0,"cards_obtained":["ReplayTheSpireMod:The Works"]},{"cards_removed":["Strike_P"],"damage_healed":0.0,"max_hp_gain":0.0,"max_hp_loss":0.0,"gold_gain":0.0,"event_name":"Beggar","player_choice":"Gave Gold","floor":19.0,"gold_loss":75.0,"damage_taken":0.0},{"damage_healed":0.0,"max_hp_gain":0.0,"max_hp_loss":0.0,"gold_gain":0.0,"event_name":"The Woman in Blue","player_choice":"Bought 0 Potions","floor":25.0,"gold_loss":0.0,"damage_taken":0.0},{"damage_healed":0.0,"max_hp_gain":5.0,"max_hp_loss":0.0,"gold_gain":0.0,"event_name":"Forgotten Altar","player_choice":"Shed Blood","floor":29.0,"gold_loss":0.0,"damage_taken":18.0},{"damage_healed":0.0,"max_hp_gain":0.0,"max_hp_loss":0.0,"gold_gain":0.0,"event_name":"Drug Dealer","player_choice":"Inject Mutagens","floor":31.0,"gold_loss":0.0,"damage_taken":0.0,"relics_obtained":["MutagenicStrength"]},{"damage_healed":0.0,"max_hp_gain":0.0,"max_hp_loss":0.0,"gold_gain":0.0,"event_name":"MindBloom","player_choice":"Fight","floor":37.0,"gold_loss":0.0,"damage_taken":0.0},{"damage_healed":0.0,"max_hp_gain":0.0,"max_hp_loss":0.0,"gold_gain":0.0,"cards_transformed":["Defend_G"],"event_name":"Transmorgrifier","player_choice":"Transformed","floor":39.0,"gold_loss":0.0,"damage_taken":0.0,"cards_obtained":["Choke"]}],"is_beta":true,"boss_relics":[{"not_picked":["ReplayTheSpireMod:DimensionalGlitch","Philosopher\u0027s Stone"],"picked":"Sozu"},{"not_picked":["Astrolabe","Runic Pyramid"],"picked":"Replay:Bronze Core"}],"items_purged_floors":[13,22,47],"is_endless":false,"potions_floor_spawned":[3,6,11,16,20,21,23,27,36,40,44,45],"ascension_level":5}}