{"host":"x730sfaw5rd1mxd8","time":1614215451,"event":{"mods":["BaseMod","BetterRewards","Colored Powertips","Highlight Path","Minty Spire (QoL Compilation)","Relic Sorter","Relic Stats","Replay The Spire","StSLib"],"gold_per_floor":[18,36,54,66,66,66,95,95,95,124,139,165,177,177,177,251,251,270,281,281,281,281,311,311,336,336,346,374,384,411,430,430,507,507,519,544,544,556,556,585,585,636,636,636,662,334,368,368,368,368,368,368,368,149,181,181],"floor_reached":57,"language":"ENG","playtime":3535,"items_purged":["Strike_R","Strike_R","Strike_R"],"score":3372,"play_id":"8c655ab7-e113-4667-85b0-e1e1d0ffd08e","local_time":"20210224201051","is_ascension_mode":true,"campfire_choices":[{"data":"Whirlwind","floor":6,"key":"SMITH"},{"data":"True Grit","floor":15,"key":"SMITH"},{"data":"Limit Break","floor":24,"key":"SMITH"},{"data":"True Grit","floor":32,"key":"SMITH"},{"data":"True Grit","floor":32,"key":"SMITH"},{"data":"Feel No Pain","floor":41,"key":"SMITH"},{"data":"Bash","floor":41,"key":"SMITH"},{"floor":44,"key":"RECALL"},{"data":"ReplayTheSpireMod:Muscle Training","floor":49,"key":"SMITH"},{"data":"Shrug It Off","floor":49,"key":"SMITH"},{"data":"Shrug It Off","floor":53,"key":"SMITH"},{"data":"Defend_R","floor":53,"key":"SMITH"}],"circlet_count":0,"master_deck":["AscendersBane","Strike_R","Strike_R","Defend_R","Defend_R","Defend_R","Defend_R+1","Bash+1","Feel No Pain+1","Shrug It Off+1","True Grit+1","Pummel","Barricade+1","True Grit+1","Cleave","Whirlwind+1","Headbutt+1","Shrug It Off+1","Combust","Replay:Many Hands","ReplayTheSpireMod:Muscle Training+1","Immolate+1","Limit Break+1","True Grit+1","Body Slam+1","Sword Boomerang+1","True Grit+1","Impervious","Headbutt+1","Headbutt+1"],"relics":["Burning Blood","Pocketwatch","Garlic","Replay:Rubber Ducky","Replay:Bottled Snecko","ReplayFunnel","Oddly Smooth Stone","Paper Frog","Sling","ReplayTheSpireMod:TigerMarble","ReplayTheSpireMod:Shallot","Calipers","ChewingGum","Charon\u0027s Ashes","Mercury Hourglass","Du-Vu Doll","Incense Burner","Replay:Arrowhead","Molten Egg 2","Ooze Armor","Replay:Multitool","Eternal Feather","Magic Flower","Darkstone Periapt","StoneCalendar","Bag of Preparation","Guide Book","Divine Protection","Pet Ghost"],"acts_visited":["Exordium","TheCity","TheBeyond","TheEnding"],"potions_floor_usage":[12,16,56],"damage_taken":[{"damage":3,"enemies":"Jaw Worm","floor":1,"turns":4},{"damage":2,"enemies":"2 Louse","floor":2,"turns":2},{"damage":1,"enemies":"Cultist","floor":3,"turns":3},{"damage":2,"enemies":"Exordium Wildlife","floor":4,"turns":7},{"damage":1,"enemies":"3 Sentries","floor":7,"turns":5},{"damage":1,"enemies":"Lagavulin","floor":10,"turns":6},{"damage":1,"enemies":"Looter","floor":11,"turns":3},{"damage":4,"enemies":"Gremlin Nob","floor":12,"turns":3},{"damage":0,"enemies":"3 Louse","floor":13,"turns":1},{"damage":19,"enemies":"The Guardian","floor":16,"turns":9},{"damage":2,"enemies":"Chosen","floor":18,"turns":4},{"damage":1,"enemies":"2 Thieves","floor":19,"turns":3},{"damage":7,"enemies":"Replay:Snechameleon","floor":23,"turns":4},{"damage":2,"enemies":"Book of Stabbing","floor":25,"turns":4},{"damage":1,"enemies":"3 Cultists","floor":27,"turns":3},{"damage":1,"enemies":"Slavers","floor":28,"turns":3},{"damage":5,"enemies":"Snecko","floor":29,"turns":4},{"damage":0,"enemies":"Replay:Snechameleon","floor":30,"turns":2},{"damage":1,"enemies":"Centurion and Healer","floor":31,"turns":4},{"damage":2,"enemies":"Champ","floor":33,"turns":10},{"damage":4,"enemies":"3 Darklings","floor":35,"turns":2},{"damage":1,"enemies":"Mind Bloom Boss Battle","floor":36,"turns":5},{"damage":1,"enemies":"3 Shapes","floor":38,"turns":2},{"damage":36,"enemies":"Giant Head","floor":40,"turns":5},{"damage":7,"enemies":"2 Orb Walkers","floor":42,"turns":3},{"damage":6,"enemies":"R_Hoarder","floor":45,"turns":3},{"damage":74,"enemies":"Giant Head","floor":47,"turns":7},{"damage":0,"enemies":"Replay:Hell Engine","floor":50,"turns":10},{"damage":17,"enemies":"Donu and Deca","floor":51,"turns":9},{"damage":20,"enemies":"Shield and Spear","floor":55,"turns":7},{"damage":9,"enemies":"The Heart","floor":56,"turns":12}],"seed_played":"1278099758508050844","potions_obtained":[{"floor":1,"key":"PowerPotion"},{"floor":2,"key":"Ancient Potion"},{"floor":12,"key":"Fruit Juice"},{"floor":13,"key":"Adrenaline Potion"},{"floor":19,"key":"Weak Potion"},{"floor":27,"key":"SpeedPotion"},{"floor":30,"key":"PowerPotion"},{"floor":38,"key":"FairyPotion"}],"is_trial":false,"path_per_floor":["M","M","M","M","$","R","E","?","T","E","M","E","M","?","R","B",null,"M","M","?","$","T","E","R","E","T","M","E","M","E","M","R","B",null,"M","?","?","M","?","E","R","?","T","R","E","$","E","?","R","B","B",null,"R","$","E","B",null],"character_chosen":"IRONCLAD","items_purchased":["Pocketwatch","Feel No Pain","Shrug It Off","True Grit","Pummel","Garlic","Replay:Rubber Ducky","Barricade","True Grit","Cleave","Replay:Bottled Snecko","Whirlwind","ReplayFunnel","Headbutt+1","Shrug It Off","Oddly Smooth Stone","Paper Frog","Combust","Sling","Replay:Many Hands","Bag of Preparation","Guide Book","Impervious","Headbutt+1"],"campfire_rested":0,"item_purchase_floors":[0,0,0,0,0,0,0,0,0,0,0,0,0,0,0,0,0,0,0,0,46,46,54,54],"current_hp_per_floor":[71,75,75,75,75,75,75,80,80,80,80,85,85,85,85,72,82,85,85,85,85,85,84,84,85,85,85,85,85,85,85,85,85,85,85,85,85,85,85,55,70,69,69,84,85,85,20,20,35,44,36,73,85,85,74,74],"gold":181,"neow_bonus":"","is_daily":false,"chose_seed":false,"campfire_upgraded":11,"win_rate":0.0,"timestamp":1614215451,"path_taken":["M","M","M","M","$","R","E","?","T","E","M","E","M","?","R","BOSS","M","M","?","?","?","E","R","E","T","M","E","M","E","M","R","BOSS","M","?","?","?","?","E","R","?","T","R","E","$","E","?","R","BOSS","BOSS","R","$","E","BOSS"],"items_purchased_type":["Relic","Card","Card","Card","Card","Relic","Relic","Card","Card","Card","Relic","Card","Relic","Card","Card","Relic","Relic","Card","Relic","Card","Relic","Relic","Card","Card"],"build_version":"2020-12-22","purchased_purges":3,"victory":true,"max_hp_per_floor":[75,75,75,75,75,75,75,80,80,80,80,85,85,85,85,85,85,85,85,85,85,85,85,85,85,85,85,85,85,85,85,85,85,85,85,85,85,85,85,85,85,85,85,85,85,85,85,85,85,85,85,85,85,85,85,85],"relic_stats":{"Darkstone Periapt":0,"counters":[830,3741],"Magic Flower":[16],"Eternal Feather":66,"StoneCalendar":[316],"Charon\u0027s Ashes":[516],"Bag of Preparation":[10],"obtain_stats":[{"Golden Egg":8,"Replay:Accelerometer":52,"Whetstone":14,"Ginger":6,"Bottled Tornado":44,"Boot":53,"Sling":0,"Old Coin":47,"Ring of Searing":4,"Blood Vial":20,"Replay:Wanted Poster":34,"Replay:Ringing Soul":54,"Sundial":28,"Replay:Bronze Core":34,"MealTicket":27,"Fusion Hammer":19,"Replay:Bottled Flurry":0,"Necronomicon":21,"Kunai":53,"Replay:Wax Seal":43,"Electric Blood":17,"Replay:Bottled Steam":6,"Runic Cube":17,"Pear":9,"Blue Candle":30,"Counterbalance":11,"Velvet Choker":19,"Eternal Feather":9,"Pen Nib":28,"Akabeko":27,"SlaversCollar":17,"Ooze Armor":34,"Bird Faced Urn":12,"MutagenicStrength":31,"Snecko Eye":17,"Pandora\u0027s Box":34,"Mark of Pain":0,"Kintsugi":17,"StrikeDummy":0,"Abe\u0027s Treasure":17,"Unceasing Top":49,"Regal Pillow":9,"Lantern":14,"Singing Bowl":10,"Torii":0,"Magic Flower":11,"StoneCalendar":14,"Painkiller Herb":17,"Blue Doll":27,"King of Hearts":12,"Bag of Preparation":9,"Replay:Multitool":36,"Cursed Key":34,"Smiling Mask":24,"Ancient Tea Set":40,"Burning Blood":0,"Pet Ghost":23,"Replay:Rubber Ducky":0,"Matryoshka":0,"Shovel":46,"WingedGreaves":8,"Chemical X":41,"Replay:Bottled Eggs":27,"Ring of Panic":45,"InkBottle":26,"Paper Frog":9,"Potion Belt":48,"Lee\u0027s Waffle":20,"Golden Idol":11,"Self Forming Clay":7,"Thread and Needle":50,"The Courier":14,"PreservedInsect":22,"Omamori":40,"Ring of Greed":45,"Frozen Egg 2":0,"MawBank":26,"Replay:Arrowhead":48,"Busted Crown":17,"Ornamental Fan":50,"Ring of Misfortune":20,"Orrery":0,"Turnip":46,"Art of War":40,"Garlic":32,"Durian":25,"Champion Belt":56,"Bottled Lightning":9,"ReplayTheSpireMod:Lightbulb":0,"Toy Ornithopter":25,"Ice Cream":14,"Divine Protection":42,"Calipers":6,"Tiny House":17,"Gremlin Horn":9,"CeramicFish":43,"Vajra":0,"Sozu":17,"Centennial Puzzle":9,"Lizard Tail":38,"HornCleat":28,"DollysMirror":43,"Strawberry":28,"Honey Jar":17,"Philosopher\u0027s Stone":17,"Iron Hammer":0,"Toxic Egg 2":9,"Girya":19,"Happy Flower":27,"Ring of Hypnosis":4,"ReplayTheSpireMod:CursedCoin":0,"Dead Branch":13,"Replay:Grab Bag":17,"Oddly Smooth Stone":26,"Charon\u0027s Ashes":39,"Letter Opener":25,"Replay:Kaleidoscope":50,"War Paint":8,"Question Card":0,"Du-Vu Doll":25,"OrangePellets":53,"Replay:Baseball":38,"ReplayTheSpireMod:Spearhead":24,"ReplayTheSpireMod:Shallot":30,"Shuriken":55,"Bronze Scales":12,"Simple Rune":28,"Onion Ring":45,"Molten Egg 2":7,"ReplayTheSpireMod:TigerMarble":13,"Black Star":17,"Grinning Jar":25,"Pocketwatch":0,"Meat on the Bone":43,"NlothsMask":30,"Darkstone Periapt":5,"ReplayFunnel":19,"ReplayTheSpireMod:Ring of Exchange":37,"Iron Core":3,"Replay:PocketPolymizer":34,"Black Blood":17,"Mango":6,"Juzu Bracelet":42,"Incense Burner":12,"Replay:Mystery Machine":0,"Empty Cage":34,"ClockworkSouvenir":0,"Dream Catcher":43,"Nunchaku":38,"Replay:Bandana":0,"TheAbacus":0,"Chameleon Ring":24,"Mummified Hand":0,"Pantograph":23,"Gambling Chip":24,"Replay:Bottled Snecko":6,"Red Skull":6,"Runic Pyramid":34,"Gremlin Food":0,"BargainBundle":0,"ReplayTheSpireMod:Ninjato":0,"Replay:Towering Pillar of Hats":0,"Quantum Egg":32,"Guide Book":53,"Replay:WaspNest":0,"Orichalcum":48,"Odd Mushroom":10,"Medical Kit":53,"White Beast Statue":0,"Mercury Hourglass":43,"Calling Bell":34,"Cauldron":54,"Strange Spoon":47,"Anchor":10,"CaptainsWheel":49,"ChewingGum":17,"Another Sword":42,"Snack Pack":8,"Bag of Marbles":12,"Membership Card":0,"TungstenRod":40,"FossilizedHelix":28},{"Golden Egg":68,"Replay:Accelerometer":153,"Whetstone":70,"Ginger":401,"Bottled Tornado":247,"Boot":153,"Sling":360,"Old Coin":88,"Ring of Searing":546,"Blood Vial":26,"Replay:Wanted Poster":241,"Replay:Ringing Soul":220,"Sundial":108,"Replay:Bronze Core":311,"MealTicket":58,"Fusion Hammer":456,"Replay:Bottled Flurry":251,"Necronomicon":590,"Kunai":153,"Replay:Wax Seal":438,"Electric Blood":51,"Replay:Bottled Steam":364,"Runic Cube":682,"Pear":347,"Blue Candle":30,"Counterbalance":349,"Velvet Choker":72,"Eternal Feather":255,"Pen Nib":754,"Akabeko":138,"SlaversCollar":24,"Ooze Armor":819,"Bird Faced Urn":22,"MutagenicStrength":755,"Snecko Eye":520,"Pandora\u0027s Box":208,"Mark of Pain":0,"Kintsugi":352,"StrikeDummy":543,"Abe\u0027s Treasure":102,"Unceasing Top":120,"Regal Pillow":275,"Lantern":324,"Singing Bowl":21,"Torii":186,"Magic Flower":49,"StoneCalendar":166,"Painkiller Herb":259,"Blue Doll":358,"King of Hearts":277,"Bag of Preparation":68,"Replay:Multitool":821,"Cursed Key":31,"Smiling Mask":106,"Ancient Tea Set":437,"Burning Blood":0,"Pet Ghost":56,"Replay:Rubber Ducky":93,"Matryoshka":93,"Shovel":151,"WingedGreaves":255,"Chemical X":114,"Replay:Bottled Eggs":78,"Ring of Panic":635,"InkBottle":377,"Paper Frog":226,"Potion Belt":119,"Lee\u0027s Waffle":340,"Golden Idol":5,"Self Forming Clay":97,"Thread and Needle":90,"The Courier":7,"PreservedInsect":11,"Omamori":245,"Ring of Greed":635,"Frozen Egg 2":14,"MawBank":106,"Replay:Arrowhead":763,"Busted Crown":8,"Ornamental Fan":120,"Ring of Misfortune":590,"Orrery":330,"Turnip":38,"Art of War":36,"Garlic":109,"Durian":719,"Champion Belt":92,"Bottled Lightning":129,"ReplayTheSpireMod:Lightbulb":93,"Toy Ornithopter":306,"Ice Cream":23,"Divine Protection":148,"Calipers":294,"Tiny House":619,"Gremlin Horn":20,"CeramicFish":115,"Vajra":221,"Sozu":338,"Centennial Puzzle":5,"Lizard Tail":567,"HornCleat":625,"DollysMirror":469,"Strawberry":13,"Honey Jar":231,"Philosopher\u0027s Stone":167,"Iron Hammer":155,"Toxic Egg 2":192,"Girya":134,"Happy Flower":203,"Ring of Hypnosis":546,"ReplayTheSpireMod:CursedCoin":155,"Dead Branch":165,"Replay:Grab Bag":279,"Oddly Smooth Stone":57,"Charon\u0027s Ashes":213,"Letter Opener":266,"Replay:Kaleidoscope":474,"War Paint":163,"Question Card":221,"Du-Vu Doll":813,"OrangePellets":219,"Replay:Baseball":83,"ReplayTheSpireMod:Spearhead":202,"ReplayTheSpireMod:Shallot":206,"Shuriken":91,"Bronze Scales":6,"Simple Rune":78,"Onion Ring":116,"Molten Egg 2":226,"ReplayTheSpireMod:TigerMarble":132,"Black Star":407,"Grinning Jar":137,"Pocketwatch":41,"Meat on the Bone":601,"NlothsMask":690,"Darkstone Periapt":18,"ReplayFunnel":103,"ReplayTheSpireMod:Ring of Exchange":757,"Iron Core":188,"Replay:PocketPolymizer":433,"Black Blood":279,"Mango":19,"Juzu Bracelet":87,"Incense Burner":131,"Replay:Mystery Machine":93,"Empty Cage":722,"ClockworkSouvenir":123,"Dream Catcher":37,"Nunchaku":83,"Replay:Bandana":123,"TheAbacus":61,"Chameleon Ring":170,"Mummified Hand":155,"Pantograph":12,"Gambling Chip":27,"Replay:Bottled Snecko":161,"Red Skull":47,"Runic Pyramid":142,"Gremlin Food":155,"BargainBundle":251,"ReplayTheSpireMod:Ninjato":477,"Replay:Towering Pillar of Hats":444,"Quantum Egg":80,"Guide Book":249,"Replay:WaspNest":93,"Orichalcum":218,"Odd Mushroom":422,"Medical Kit":394,"White Beast Statue":155,"Mercury Hourglass":181,"Calling Bell":433,"Cauldron":574,"Strange Spoon":636,"Anchor":69,"CaptainsWheel":152,"ChewingGum":279,"Another Sword":181,"Snack Pack":48,"Bag of Marbles":257,"Membership Card":93,"TungstenRod":214,"FossilizedHelix":239},{"Golden Egg":270,"Replay:Accelerometer":693,"Whetstone":276,"Ginger":1860,"Bottled Tornado":1111,"Boot":693,"Sling":1690,"Old Coin":374,"Ring of Searing":2535,"Blood Vial":107,"Replay:Wanted Poster":1084,"Replay:Ringing Soul":1002,"Sundial":475,"Replay:Bronze Core":1396,"MealTicket":230,"Fusion Hammer":2097,"Replay:Bottled Flurry":1133,"Necronomicon":2746,"Kunai":693,"Replay:Wax Seal":2016,"Electric Blood":208,"Replay:Bottled Steam":1707,"Runic Cube":3141,"Pear":1608,"Blue Candle":123,"Counterbalance":1619,"Velvet Choker":287,"Eternal Feather":1149,"Pen Nib":3394,"Akabeko":613,"SlaversCollar":100,"Ooze Armor":3677,"Bird Faced Urn":86,"MutagenicStrength":3401,"Snecko Eye":2418,"Pandora\u0027s Box":935,"Mark of Pain":0,"Kintsugi":1635,"StrikeDummy":2528,"Abe\u0027s Treasure":449,"Unceasing Top":539,"Regal Pillow":1226,"Lantern":1469,"Singing Bowl":82,"Torii":830,"Magic Flower":200,"StoneCalendar":746,"Painkiller Herb":1169,"Blue Doll":1675,"King of Hearts":1234,"Bag of Preparation":270,"Replay:Multitool":3684,"Cursed Key":130,"Smiling Mask":466,"Ancient Tea Set":2011,"Burning Blood":0,"Pet Ghost":224,"Replay:Rubber Ducky":411,"Matryoshka":411,"Shovel":679,"WingedGreaves":1149,"Chemical X":510,"Replay:Bottled Eggs":311,"Ring of Panic":2961,"InkBottle":1760,"Paper Frog":1023,"Potion Belt":538,"Lee\u0027s Waffle":1566,"Golden Idol":17,"Self Forming Clay":425,"Thread and Needle":385,"The Courier":25,"PreservedInsect":40,"Omamori":1101,"Ring of Greed":2961,"Frozen Egg 2":51,"MawBank":466,"Replay:Arrowhead":3449,"Busted Crown":30,"Ornamental Fan":539,"Ring of Misfortune":2746,"Orrery":1509,"Turnip":156,"Art of War":146,"Garlic":481,"Durian":3279,"Champion Belt":400,"Bottled Lightning":578,"ReplayTheSpireMod:Lightbulb":411,"Toy Ornithopter":1366,"Ice Cream":93,"Divine Protection":660,"Calipers":1310,"Tiny House":2877,"Gremlin Horn":78,"CeramicFish":521,"Vajra":1010,"Sozu":1554,"Centennial Puzzle":17,"Lizard Tail":2618,"HornCleat":2908,"DollysMirror":2147,"Strawberry":48,"Honey Jar":1045,"Philosopher\u0027s Stone":751,"Iron Hammer":713,"Toxic Egg 2":857,"Girya":598,"Happy Flower":908,"Ring of Hypnosis":2535,"ReplayTheSpireMod:CursedCoin":713,"Dead Branch":743,"Replay:Grab Bag":1251,"Oddly Smooth Stone":226,"Charon\u0027s Ashes":957,"Letter Opener":1198,"Replay:Kaleidoscope":2176,"War Paint":736,"Question Card":1010,"Du-Vu Doll":3651,"OrangePellets":999,"Replay:Baseball":343,"ReplayTheSpireMod:Spearhead":903,"ReplayTheSpireMod:Shallot":922,"Shuriken":395,"Bronze Scales":20,"Simple Rune":311,"Onion Ring":524,"Molten Egg 2":1023,"ReplayTheSpireMod:TigerMarble":589,"Black Star":1894,"Grinning Jar":609,"Pocketwatch":170,"Meat on the Bone":2794,"NlothsMask":3172,"Darkstone Periapt":65,"ReplayFunnel":454,"ReplayTheSpireMod:Ring of Exchange":3417,"Iron Core":838,"Replay:PocketPolymizer":1997,"Black Blood":1251,"Mango":73,"Juzu Bracelet":367,"Incense Burner":585,"Replay:Mystery Machine":411,"Empty Cage":3284,"ClockworkSouvenir":554,"Dream Catcher":151,"Nunchaku":343,"Replay:Bandana":554,"TheAbacus":244,"Chameleon Ring":764,"Mummified Hand":713,"Pantograph":44,"Gambling Chip":111,"Replay:Bottled Snecko":730,"Red Skull":189,"Runic Pyramid":629,"Gremlin Food":713,"BargainBundle":1133,"ReplayTheSpireMod:Ninjato":2194,"Replay:Towering Pillar of Hats":2046,"Quantum Egg":320,"Guide Book":1122,"Replay:WaspNest":411,"Orichalcum":988,"Odd Mushroom":1954,"Medical Kit":1829,"White Beast Statue":713,"Mercury Hourglass":808,"Calling Bell":1997,"Cauldron":2662,"Strange Spoon":2965,"Anchor":273,"CaptainsWheel":682,"ChewingGum":1251,"Another Sword":808,"Snack Pack":196,"Bag of Marbles":1159,"Membership Card":411,"TungstenRod":963,"FossilizedHelix":1074}],"Burning Blood":200,"Pocketwatch":[333],"Mercury Hourglass":[299]},"card_choices":[{"not_picked":["Headbutt","Battle Trance"],"picked":"ReplayTheSpireMod:Muscle Training","floor":1},{"not_picked":["True Grit","Iron Wave","Thunderclap"],"picked":"SKIP","floor":2},{"not_picked":["True Grit","Rampage","Metallicize"],"picked":"SKIP","floor":3},{"not_picked":["Carnage","Shockwave"],"picked":"Immolate","floor":4},{"not_picked":["Replay:Undeath\u0027s Touch","Havoc","Clothesline"],"picked":"SKIP","floor":7},{"not_picked":["Dark Embrace","Havoc","Shrug It Off"],"picked":"SKIP","floor":10},{"not_picked":["Twin Strike","Sword Boomerang","Blood for Blood"],"picked":"SKIP","floor":11},{"not_picked":["Pommel Strike","Sentinel","Defy Death"],"picked":"SKIP","floor":12},{"not_picked":["Sentinel","Clash","Anger"],"picked":"SKIP","floor":13},{"not_picked":["Hemogenesis","Barricade"],"picked":"Limit Break","floor":16},{"not_picked":["Clash","Twin Strike","Heavy Blade"],"picked":"SKIP","floor":18},{"not_picked":["ReplayTheSpireMod:Strike From Hell","Perfected Strike+1","Clash"],"picked":"SKIP","floor":19},{"not_picked":["Heavy Blade","Double Tap","Reckless Charge"],"picked":"SKIP","floor":23},{"not_picked":["Twin Strike","Shockwave","Dual Wield"],"picked":"SKIP","floor":25},{"not_picked":["Uppercut","Disarm","Flex"],"picked":"SKIP","floor":27},{"not_picked":["Havoc+1","Thunderclap"],"picked":"True Grit","floor":28},{"not_picked":["Inflame","Flex"],"picked":"Body Slam","floor":29},{"not_picked":["Immolate+1","Flex","Ghostly Armor"],"picked":"SKIP","floor":30},{"not_picked":["Anger+1","True Grit"],"picked":"Sword Boomerang+1","floor":31},{"not_picked":["Iron Wave+1","Armaments"],"picked":"Body Slam+1","floor":35},{"not_picked":["Life Link","Wild Strike+1","Rampage+1"],"picked":"SKIP","floor":38},{"not_picked":["Carnage+1","Replay:Undeath\u0027s Touch+1"],"picked":"True Grit+1","floor":40},{"not_picked":["Armaments+1","Demonic Infusion","Pommel Strike+1"],"picked":"SKIP","floor":45},{"not_picked":["Sword Boomerang+1","Iron Wave+1","Armaments"],"picked":"SKIP","floor":47},{"not_picked":["Shockwave","Body Slam+1","Anger+1"],"picked":"SKIP","floor":55}],"player_experience":4196099,"relics_obtained":[{"floor":7,"key":"ReplayTheSpireMod:TigerMarble"},{"floor":10,"key":"ReplayTheSpireMod:Shallot"},{"floor":12,"key":"Calipers"},{"floor":22,"key":"Charon\u0027s Ashes"},{"floor":23,"key":"Mercury Hourglass"},{"floor":25,"key":"Du-Vu Doll"},{"floor":26,"key":"Incense Burner"},{"floor":28,"key":"Replay:Arrowhead"},{"floor":30,"key":"Molten Egg 2"},{"floor":36,"key":"Replay:Multitool"},{"floor":40,"key":"Eternal Feather"},{"floor":42,"key":"Magic Flower"},{"floor":43,"key":"Darkstone Periapt"},{"floor":45,"key":"StoneCalendar"},{"floor":47,"key":"Divine Protection"},{"floor":55,"key":"Pet Ghost"}],"event_choices":[{"damage_healed":0,"gold_gain":0,"player_choice":"Donut","damage_taken":0,"max_hp_gain":5,"max_hp_loss":0,"event_name":"Big Fish","floor":8,"gold_loss":0},{"damage_healed":0,"gold_gain":0,"player_choice":"Ignored","damage_taken":0,"max_hp_gain":0,"max_hp_loss":0,"event_name":"Liars Game","floor":14,"gold_loss":0},{"damage_healed":0,"gold_gain":0,"player_choice":"0 cards matched","damage_taken":0,"max_hp_gain":0,"max_hp_loss":0,"event_name":"Match and Keep!","floor":20,"gold_loss":0,"cards_obtained":[]},{"damage_healed":0,"gold_gain":0,"player_choice":"Fight","damage_taken":0,"max_hp_gain":0,"max_hp_loss":0,"event_name":"MindBloom","floor":36,"gold_loss":0},{"damage_healed":0,"gold_gain":0,"player_choice":"Upgraded","damage_taken":0,"max_hp_gain":0,"max_hp_loss":0,"event_name":"Upgrade Shrine","floor":37,"gold_loss":0,"cards_upgraded":["Body Slam"]},{"damage_healed":0,"gold_gain":0,"player_choice":"Fight","damage_taken":0,"max_hp_gain":0,"max_hp_loss":0,"event_name":"Mysterious Sphere","floor":42,"gold_loss":0},{"cards_removed":["Body Slam"],"damage_healed":0,"gold_gain":0,"player_choice":"Removed Attack","damage_taken":0,"max_hp_gain":0,"max_hp_loss":0,"event_name":"Falling","floor":48,"gold_loss":0}],"is_beta":false,"boss_relics":[{"not_picked":["Empty Cage","Tiny House"],"picked":"ChewingGum"},{"not_picked":["SacredBark","ReplayTheSpireMod:DimensionalGlitch"],"picked":"Ooze Armor"}],"items_purged_floors":[0,0,0],"is_endless":false,"potions_floor_spawned":[1,2,3,4,12,13,19,23,27,29,30,36,38,45,47],"ascension_level":20}}