{"host":"nia1zwr35jsu5y7h","time":1614230751,"event":{"mods":["2.2 Compatiblity","Abigail Mod","Bard","BaseMod","Colored Map","Conspire","Downfall","Friendly Minions","Hermit","Highlight Path","Hubris","Infinite Spire","Kiyohime????","Koishi","Marisa????????","Minty Spire (QoL Compilation)","Quick Restart","Replay The Spire","Shade Mod","Shop Mod","StSLib","The Animator","The Construct","The Cursed","The Disciple","The Mystic","The Necromancer","The Servant 0.9.4"],"gold_per_floor":[118,3,3,20,39,39,74,74,97,97,97,97,125,138,138,242,242,259,5,23,37,54,54,89,110,110,143,143,194,40,63,63,77,77],"floor_reached":33,"language":"ENG","playtime":1165,"items_purged":[],"score":482,"play_id":"08e757ad-2e6a-4108-8f1d-1e34d5e2fadb","local_time":"20210224212551","is_ascension_mode":true,"campfire_choices":[{"data":"hermit:Brawl","floor":6,"key":"SMITH"},{"floor":8,"key":"REST"},{"data":"hermit:EyeOfTheStorm","floor":11,"key":"SMITH"},{"data":"hermit:LoneWolf","floor":15,"key":"SMITH"},{"floor":23,"key":"REST"},{"floor":28,"key":"REST"},{"data":"hermit:Dissolve","floor":32,"key":"SMITH"}],"circlet_count":0,"master_deck":["hermit:Strike_Hermit","hermit:Strike_Hermit","hermit:Strike_Hermit","hermit:Strike_Hermit","hermit:Defend_Hermit","hermit:Defend_Hermit","hermit:Defend_Hermit","hermit:Defend_Hermit","hermit:Snapshot","hermit:Covet","hermit:Brawl+1","hermit:Horror","hermit:EyeOfTheStorm+1","hermit:Ricochet","hermit:LoneWolf+1","Parasite","hermit:Enervate","hermit:Magnum","hermit:Combo","Apotheosis","hermit:Deadeye+1","hermit:Gestalt","hermit:Enervate","hermit:Scavenge","hermit:HoleUp+1","hermit:GhostlyPresence","hermit:Virtue","Clumsy","hermit:Dissolve+1"],"relics":["hermit:Momento","Ginger","Guardian:PocketSentry","Regal Pillow","CaptainsWheel","Philosopher\u0027s Stone","Blue Doll","Pear","Replay:Bandana","Oddly Smooth Stone","ReplayTheSpireMod:CursedCoin","infinitespire:FocusingShard"],"acts_visited":["Exordium","TheCity"],"potions_floor_usage":[12,13,16,16,27,33],"damage_taken":[{"damage":8,"enemies":"Small Slimes","floor":1,"turns":4},{"damage":6,"enemies":"2 Louse","floor":4,"turns":2},{"damage":0,"enemies":"Cultist","floor":5,"turns":4},{"damage":34,"enemies":"Gremlin Nob","floor":7,"turns":4},{"damage":25,"enemies":"3 Sentries","floor":13,"turns":3},{"damage":0,"enemies":"Exordium Wildlife","floor":14,"turns":2},{"damage":27,"enemies":"Hexaghost","floor":16,"turns":9},{"damage":5,"enemies":"conspire:FuzzyDice","floor":18,"turns":6},{"damage":10,"enemies":"Chosen","floor":20,"turns":4},{"damage":27,"enemies":"conspire:HollyBat","floor":21,"turns":6},{"damage":14,"enemies":"Snecko","floor":22,"turns":4},{"damage":9,"enemies":"Book of Stabbing","floor":24,"turns":4},{"damage":3,"enemies":"Cultist and Chosen","floor":25,"turns":4},{"damage":1,"enemies":"conspire:SneckoGhost","floor":27,"turns":5},{"damage":7,"enemies":"Nightmare","floor":29,"turns":7},{"damage":13,"enemies":"Snake Plant","floor":31,"turns":4},{"damage":68,"enemies":"Automaton","floor":33,"turns":8}],"seed_played":"-7647179197472506161","potions_obtained":[{"floor":4,"key":"Explosive Potion"},{"floor":12,"key":"Fruit Juice"},{"floor":12,"key":"Cursed Concoction"},{"floor":12,"key":"Elixir"},{"floor":13,"key":"SteroidPotion"},{"floor":20,"key":"champ:CounterPotion"},{"floor":22,"key":"Guardian:BlockOnCardUsePotion"}],"is_trial":false,"path_per_floor":["M","$","?","M","M","R","E","R","T","?","R","?","E","M","R","B",null,"M","$","M","M","M","R","E","M","T","E","R","NM","$","M","R","B"],"character_chosen":"HERMIT","items_purchased":["hermit:Brawl","hermit:Horror","hermit:Combo","Apotheosis","ReplayTheSpireMod:CursedCoin","hermit:Dissolve","infinitespire:FocusingShard"],"campfire_rested":3,"item_purchase_floors":[2,2,19,19,30,30,30],"current_hp_per_floor":[60,60,53,47,47,47,13,35,35,53,53,58,33,33,33,6,62,57,57,47,20,6,45,36,33,43,42,84,77,77,64,64,0,0],"gold":77,"neow_bonus":"ONE_RARE_RELIC","is_daily":false,"chose_seed":false,"campfire_upgraded":4,"win_rate":0.0,"timestamp":1614230751,"path_taken":["M","$","?","M","M","R","E","R","T","?","R","?","E","M","R","BOSS","M","?","M","?","M","R","E","M","T","E","R","NM","$","?","R","BOSS"],"items_purchased_type":["Card","Card","Card","Card","Relic","Card","Relic"],"build_version":"2020-12-22","purchased_purges":0,"victory":false,"max_hp_per_floor":[75,75,75,75,75,75,75,75,75,75,75,80,80,80,80,80,80,80,80,80,80,80,80,80,80,90,90,90,90,90,90,90,90,90],"card_choices":[{"not_picked":["hermit:Misfire","hermit:TrackingShot","hermit:Glare"],"picked":"SKIP","floor":1},{"not_picked":["hermit:GhostlyPresence","hermit:Snipe"],"picked":"hermit:EyeOfTheStorm","floor":4},{"not_picked":["hermit:HighCaliber","hermit:Roulette"],"picked":"hermit:Ricochet","floor":5},{"not_picked":["hermit:Dive","hermit:ShadowCloak"],"picked":"hermit:LoneWolf","floor":7},{"not_picked":["hermit:Misfire","hermit:Dive","hermit:EternalForm"],"picked":"SKIP","floor":13},{"not_picked":["hermit:HoleUp","hermit:Brawl"],"picked":"hermit:Enervate","floor":14},{"not_picked":["hermit:FinalCanter","hermit:HeroicBravado"],"picked":"hermit:Magnum","floor":16},{"not_picked":["hermit:GoldenBullet","hermit:HighCaliber+1","hermit:Desperado"],"picked":"SKIP","floor":18},{"not_picked":["hermit:ShadowCloak","hermit:Glare"],"picked":"hermit:Deadeye+1","floor":20},{"not_picked":["hermit:Desperado","hermit:HighCaliber"],"picked":"hermit:Gestalt","floor":21},{"not_picked":["hermit:Grudge","hermit:Vantage"],"picked":"hermit:Enervate","floor":22},{"not_picked":["hermit:CursedWeapon","hermit:Manifest"],"picked":"hermit:Scavenge","floor":24},{"not_picked":["hermit:Grudge+1","hermit:Gambit"],"picked":"hermit:HoleUp+1","floor":25},{"not_picked":["hermit:ItchyTrigger","hermit:Malice+1"],"picked":"hermit:GhostlyPresence","floor":27},{"not_picked":["hermit:Headshot","hermit:Determination"],"picked":"hermit:Virtue","floor":29},{"not_picked":["hermit:Snipe","hermit:SprayPray","hermit:GoldenBullet+1"],"picked":"SKIP","floor":31}],"player_experience":2223649,"relics_obtained":[{"floor":7,"key":"Guardian:PocketSentry"},{"floor":9,"key":"Regal Pillow"},{"floor":13,"key":"CaptainsWheel"},{"floor":24,"key":"Blue Doll"},{"floor":26,"key":"Pear"},{"floor":27,"key":"Replay:Bandana"},{"floor":29,"key":"Oddly Smooth Stone"}],"event_choices":[{"cards_removed":["TheCursedMod:Dregs"],"damage_healed":0,"gold_gain":0,"player_choice":"Card Removal","damage_taken":7,"max_hp_gain":0,"max_hp_loss":0,"event_name":"Golden Wing","floor":3,"gold_loss":0},{"damage_healed":18,"gold_gain":0,"player_choice":"Healed and dodged fight","damage_taken":0,"max_hp_gain":0,"max_hp_loss":0,"event_name":"Mushrooms","floor":10,"gold_loss":0,"cards_obtained":["Parasite"]},{"damage_healed":0,"gold_gain":0,"player_choice":"Got Potions","damage_taken":0,"max_hp_gain":0,"max_hp_loss":0,"event_name":"Lab","floor":12,"gold_loss":0}],"is_beta":false,"boss_relics":[{"not_picked":["conspire:RoyalGoblet","bronze:MakeshiftBattery"],"picked":"Philosopher\u0027s Stone"}],"items_purged_floors":[],"is_endless":false,"potions_floor_spawned":[4,13,14,20,22,25],"killed_by":"Automaton","ascension_level":9}}