{"host":"cd7awanv0x2msn9z","time":1614245287,"event":{"mods":["BaseMod","Downfall","Minty Spire (QoL Compilation)","Replay The Spire","StSLib","SuperFastMode"],"gold_per_floor":[114,127,13,67,67,93,93,119,190,216,227,227,245,195,195,292,292,305,305,9,9,9,9,9,9,35,35,35,35,69,83,83,182,182,196,0,20,30,80,80,80,91,91,106,106,106,118,28,28,28,28],"floor_reached":50,"language":"ZHS","playtime":1315,"items_purged":["Defend_G"],"score":626,"play_id":"aa9d349a-083e-45b3-8bb1-ea0011cda967","local_time":"20210225172807","is_ascension_mode":true,"campfire_choices":[{"data":"A Thousand Cuts","floor":7.0,"key":"SMITH"},{"data":"1","floor":12.0,"key":"LIFT"},{"floor":15.0,"key":"REST"},{"data":"2","floor":23.0,"key":"LIFT"},{"data":"3","floor":27.0,"key":"LIFT"},{"data":"Blade Dance","floor":32.0,"key":"SMITH"},{"floor":40.0,"key":"REST"},{"data":"A Thousand Cuts","floor":46.0,"key":"SMITH"},{"data":"Infinite Blades","floor":49,"key":"SMITH"}],"circlet_count":0,"master_deck":["Strike_G","Defend_G","Defend_G","Defend_G","Defend_G","Survivor","Neutralize","A Thousand Cuts+1","A Thousand Cuts+1","ReplayTheSpireMod:The Works+1","Blade Dance+1","Backstab","Acrobatics","Storm of Steel","Backstab","Infinite Blades+1","downfall:Bewildered","Hidden Blade","Backflip","Hidden Blade","Outmaneuver+1","ReplayTheSpireMod:Shiv Toss+1","Hidden Blade+1"],"relics":["Ring of the Snake","NeowsBlessing","ReplayTheSpireMod:Lightbulb","Nunchaku","Ginger","Quantum Egg","Girya","Philosopher\u0027s Stone","Art of War","sneckomod:BabySnecko","Juzu Bracelet","Orichalcum","Busted Crown","Red Mask","Gambling Chip","Pet Ghost"],"acts_visited":["Exordium","TheCity","TheBeyond"],"potions_floor_usage":[50,50],"damage_taken":[{"damage":0.0,"enemies":"2 Louse","floor":1.0,"turns":1.0},{"damage":0.0,"enemies":"Jaw Worm","floor":2.0,"turns":1.0},{"damage":0.0,"enemies":"Gremlin Nob","floor":6.0,"turns":1.0},{"damage":18.0,"enemies":"3 Sentries","floor":8.0,"turns":5.0},{"damage":28.0,"enemies":"Lagavulin","floor":10.0,"turns":6.0},{"damage":1.0,"enemies":"Cultist","floor":11.0,"turns":3.0},{"damage":0.0,"enemies":"Looter","floor":13.0,"turns":2.0},{"damage":0.0,"enemies":"Slime Boss","floor":16.0,"turns":4.0},{"damage":4.0,"enemies":"3 Byrds","floor":18.0,"turns":2.0},{"damage":5.0,"enemies":"Book of Stabbing","floor":28.0,"turns":2.0},{"damage":7.0,"enemies":"Replay:Snechameleon","floor":30.0,"turns":3.0},{"damage":0.0,"enemies":"Chosen","floor":31.0,"turns":1.0},{"damage":26.0,"enemies":"Champ","floor":33.0,"turns":6.0},{"damage":4.0,"enemies":"Orb Walker","floor":35.0,"turns":2.0},{"damage":12.0,"enemies":"3 Shapes","floor":37.0,"turns":3.0},{"damage":7.0,"enemies":"Transient","floor":38.0,"turns":5.0},{"damage":37.0,"enemies":"Mind Bloom Boss Battle","floor":39.0,"turns":5.0},{"damage":0.0,"enemies":"Jaw Worm Horde","floor":42.0,"turns":2.0},{"damage":0.0,"enemies":"Sphere and 2 Shapes","floor":44.0,"turns":2.0},{"damage":1,"enemies":"3 Darklings","floor":47,"turns":2},{"damage":44,"enemies":"Time Eater","floor":50,"turns":3}],"seed_played":"-4910212532199418694","potions_obtained":[{"floor":1.0,"key":"LiquidMemories"},{"floor":4.0,"key":"CultistPotion"},{"floor":6.0,"key":"Fire Potion"},{"floor":11.0,"key":"SteroidPotion"},{"floor":13.0,"key":"AttackPotion"},{"floor":19.0,"key":"Milkshake"},{"floor":19.0,"key":"SmokeBomb"},{"floor":30.0,"key":"Poison Potion"},{"floor":31.0,"key":"Explosive Potion"},{"floor":38.0,"key":"bronze:BurnAndBuffPotion"},{"floor":44.0,"key":"SpeedPotion"}],"is_trial":false,"path_per_floor":["M","M","$","?","?","E","R","E","T","E","M","R","M","?","R","B",null,"M","?","$","$","?","R","?","$","T","R","E","?","E","M","R","B",null,"M","?","M","M","?","R","$","M","T","M","?","R","M","?","R","B"],"character_chosen":"THE_SILENT","items_purchased":["A Thousand Cuts","Infinite Blades","Art of War"],"campfire_rested":2,"item_purchase_floors":[3,20,20],"current_hp_per_floor":[70,70,70,53,53,53,53,35,35,7,6,6,6,6,27,27,70,66,66,66,66,53,53,53,53,53,53,48,48,41,41,41,15,75,71,71,59,52,15,37,37,37,37,37,37,37,36,36,36,0,0],"gold":28,"neow_bonus":"THREE_ENEMY_KILL","is_daily":false,"chose_seed":false,"campfire_upgraded":4,"win_rate":0.0,"timestamp":1614245287,"path_taken":["M","M","$","?","?","E","R","E","T","E","M","R","?","?","R","BOSS","M","?","?","$","?","R","?","?","T","R","E","?","E","M","R","BOSS","M","?","M","M","?","R","$","M","T","M","?","R","M","?","R","BOSS"],"items_purchased_type":["Card","Card","Relic"],"build_version":"2020-12-22","purchased_purges":1,"victory":false,"max_hp_per_floor":[70,70,70,70,70,70,70,70,70,70,70,70,70,70,70,70,70,70,70,70,70,75,75,75,75,75,75,75,75,75,75,75,75,75,75,75,75,75,75,75,75,75,75,75,75,75,75,75,75,75,75],"card_choices":[{"not_picked":["Dodge and Roll","Dagger Throw","Underhanded Strike"],"picked":"SKIP","floor":1.0},{"not_picked":["PiercingWail","ReplayTheSpireMod:Speed Training","Outmaneuver"],"picked":"SKIP","floor":2.0},{"not_picked":["Dagger Spray","Reflex"],"picked":"ReplayTheSpireMod:The Works","floor":4.0},{"not_picked":["Escape Plan","Poison Darts","PiercingWail"],"picked":"SKIP","floor":6.0},{"not_picked":["Dagger Spray","Bane"],"picked":"Blade Dance","floor":8.0},{"not_picked":["Eviscerate","Poisoned Stab"],"picked":"Backstab","floor":10.0},{"not_picked":["Prepared","Blur"],"picked":"Acrobatics","floor":11.0},{"not_picked":["Deflect","Quick Slash","Flying Knee"],"picked":"SKIP","floor":13.0},{"not_picked":["Poison Darts","Glass Knife"],"picked":"Storm of Steel","floor":16.0},{"not_picked":["PiercingWail","Endless Agony"],"picked":"Backstab","floor":18.0},{"not_picked":["Deadly Poison","Setup"],"picked":"Hidden Blade","floor":30.0},{"not_picked":["Deflect","Poison Darts"],"picked":"Backflip","floor":31.0},{"not_picked":["Flying Knee+1"],"picked":"SKIP","floor":35.0},{"not_picked":[],"picked":"Hidden Blade","floor":37.0},{"not_picked":[],"picked":"Outmaneuver+1","floor":38.0},{"not_picked":[],"picked":"ReplayTheSpireMod:Shiv Toss+1","floor":39.0},{"not_picked":["Choke"],"picked":"SKIP","floor":42.0},{"not_picked":[],"picked":"Hidden Blade+1","floor":44.0},{"not_picked":["Slice"],"picked":"SKIP","floor":47}],"player_experience":139238,"relics_obtained":[{"floor":4.0,"key":"ReplayTheSpireMod:Lightbulb"},{"floor":6.0,"key":"Nunchaku"},{"floor":8.0,"key":"Ginger"},{"floor":9.0,"key":"Quantum Egg"},{"floor":10.0,"key":"Girya"},{"floor":26.0,"key":"Juzu Bracelet"},{"floor":30.0,"key":"Orichalcum"},{"floor":39.0,"key":"Gambling Chip"},{"floor":43.0,"key":"Pet Ghost"}],"event_choices":[{"cards_removed":["Strike_G"],"damage_healed":0.0,"max_hp_gain":0.0,"max_hp_loss":0.0,"gold_gain":0.0,"event_name":"Bonfire Elementals","player_choice":"Offered Basic","floor":5.0,"gold_loss":0.0,"damage_taken":0.0},{"cards_removed":["Strike_G"],"damage_healed":0.0,"max_hp_gain":0.0,"max_hp_loss":0.0,"gold_gain":0.0,"event_name":"The Cleric","player_choice":"Card Removal","floor":14.0,"gold_loss":50.0,"damage_taken":0.0},{"damage_healed":0.0,"max_hp_gain":0.0,"max_hp_loss":0.0,"gold_gain":0.0,"event_name":"Lab","player_choice":"Got Potions","floor":19.0,"gold_loss":0.0,"damage_taken":0.0},{"damage_healed":0.0,"max_hp_gain":5.0,"max_hp_loss":0.0,"gold_gain":0.0,"event_name":"Forgotten Altar","player_choice":"Shed Blood","floor":22.0,"gold_loss":0.0,"damage_taken":18.0},{"damage_healed":0.0,"max_hp_gain":0.0,"max_hp_loss":0.0,"gold_gain":0.0,"event_name":"Vampires","player_choice":"Ignored","floor":29.0,"gold_loss":0.0,"damage_taken":0.0},{"damage_healed":0.0,"max_hp_gain":0.0,"max_hp_loss":0.0,"gold_gain":0.0,"event_name":"Tomb of Lord Red Mask","player_choice":"Paid","floor":36.0,"gold_loss":196.0,"damage_taken":0.0,"relics_obtained":["Red Mask"]},{"damage_healed":0.0,"max_hp_gain":0.0,"max_hp_loss":0.0,"gold_gain":0.0,"event_name":"MindBloom","player_choice":"Fight","floor":39.0,"gold_loss":0.0,"damage_taken":0.0},{"cards_removed":["Strike_G"],"damage_healed":0.0,"max_hp_gain":0.0,"max_hp_loss":0.0,"gold_gain":0.0,"event_name":"Falling","player_choice":"Removed Attack","floor":45.0,"gold_loss":0.0,"damage_taken":0.0},{"cards_removed":["Strike_G"],"damage_healed":0,"gold_gain":0,"player_choice":"Upgrade and Remove","damage_taken":0,"max_hp_gain":0,"max_hp_loss":0,"event_name":"Designer","floor":48,"gold_loss":90,"cards_upgraded":["ReplayTheSpireMod:The Works"]}],"is_beta":false,"boss_relics":[{"not_picked":["Replay:Bronze Core","Empty Cage"],"picked":"Philosopher\u0027s Stone"},{"not_picked":["Snecko Eye","Astrolabe"],"picked":"Busted Crown"}],"items_purged_floors":[20],"is_endless":false,"potions_floor_spawned":[1,6,11,13,30,31,38,44],"killed_by":"Time Eater","ascension_level":2}}