{"host":"avq773cl9g5msfol","time":1614258543,"event":{"mods":["100% Spire Juice","AchievementEnabler","Act Like it!","Ascension Unlocker","Aspiration","Astrologer","Bard","Bartender","BaseMod","Better Altar","Better Third Choice","BetterRewards","CapriCore","ChefMod","Colored Map","Colored Powertips","Conspire","Dio Mod","Downfall","Elementarium","Energized Spire","Extra Virgin Snecko Oil","Gensokyo","GifTheSpireLib","Hallownest","Hermit","Highlight Path","Hubris","Humility","Infinite Spire","Jorbs\u0027s Wanderer Trilogy","Koishi","Magitek Elite","Marisa????????","Marked Mod","Menagerie","Minty Spire (QoL Compilation)","Pale of the Ancients","Potionbrewer","Quarter Circle Forward PUNCH!","Rare Cards Sparkle","Reimu??????","Relic Stats","Reliquary","Remilia??????","Replay The Spire","Robot Space Explorer","SacredBarkPlus","Shade Mod","Shapeshifter Mod","Somnambulant","Spicy Shops","Spire Arcade","StSLib","The Administrix","The Blue Laboratory","The Bug Knight","The Construct","The Cursed","The Disciple","The Dragon Tamer","The Exalted","The Hayseed","The Hierophant","The Hydrologist","The Immortal","The Marked","The Mystic","The Problem Sleuth","The Runesmith","The Senshi","The Vixen","The Wild Card","TheFirefly","Wandering Minibosses","Wide Potions","vexMod"],"gold_per_floor":[112,125,125,125,144,176,194,20,20,35,70,86,111,131,131,209,209,223,223,238,258,1074,1074,1107,1127,1127,1155,1155,1155,1155,1167,1167,1244,1244,1262,1278,1293,1306,764,796,796,831,911,937,955,979,435,454,454,454,454],"floor_reached":52,"language":"ENG","playtime":2498,"items_purged":["Entrench+1","Fire Breathing+1","Headbutt+1","Disarm+1","Replay:Many Hands+1","TheVixenMod:TailWhip+1"],"score":3236,"play_id":"a5d157af-e280-47b3-b7c7-6b25a31a5bda","local_time":"20210225200903","is_ascension_mode":true,"campfire_choices":[{"data":"Ghostly Armor","floor":15,"key":"SMITH"},{"data":"Power Through","floor":23,"key":"SMITH"},{"data":"Uppercut","floor":28,"key":"SMITH"},{"data":"infinitespire:Collect","floor":32,"key":"SMITH"},{"data":"Gensokyo:SpontaneousHumanCombustion","floor":41,"key":"SMITH"}],"circlet_count":0,"master_deck":["AscendersBane","Bash+1","Combust+1","Carnage+1","Bloodletting+1","Intimidate+1","hubris:StunningStrike+1","Anger+1","Blood for Blood+1","Life Link+1","Shrug It Off+1","Headbutt+1","Iron Wave+1","Rupture+1","Pommel Strike+1","Brutality+1","Armaments+1","Thunderclap+1","True Grit+1","ReplayTheSpireMod:Strike From Hell+1","Clothesline+1","Disarm+1","Exhume+1","Metallicize+1","Feel No Pain+1","infinitespire:Collect+1","Ghostly Armor+1","Brutality+1","Berserk+1","Demon Form+1","Power Through+1","Berserk+1","conspire:HitWhereItHurts+1","Hemokinesis","Uppercut+1","Sentinel","Bludgeon+1","Gensokyo:SpontaneousHumanCombustion+1","Gensokyo:MenInBlack","Reaper+1","Limit Break+1","Offering+1"],"relics":["Burning Blood","Golden Egg","Quantum Egg","Runesmith:AutoHammer","hexamod:BolsterEngine","CrazyTorch:ReiMu","reliquary:Crutches","Mummified Hand","hubris:ChampionShield","Bird Faced Urn","Ice Cream","Red Skull","Brimstone","reliquary:MedicineBall","vexMod:HeadHunter","reliquary:BoilingFlask","Bromod:ArcanePistoleer","Unceasing Top","Self Forming Clay","potionbrewer:BhaskarasWheel","Gensokyo:ConquerorOfFear","wanderingMiniBosses:MasterThiefsPresence","ReplayTheSpireMod:Spearhead","Akabeko","qcfpunch:Dark_Gi","PrismaticShard","reliquary:PorcupineQuills","vexMod:CardConverter","qcfpunch:Chain_With_Nametags","ReplayFunnel","Lizard Tail"],"acts_visited":["Exordium","Gensokyo:Gensokyoer","Gensokyo:Gensokyoest"],"potions_floor_usage":[0],"damage_taken":[{"damage":1,"enemies":"Small Slimes","floor":1,"turns":2},{"damage":1,"enemies":"Jaw Worm","floor":2,"turns":2},{"damage":2,"enemies":"Cultist","floor":5,"turns":2},{"damage":14,"enemies":"3 Sentries","floor":6,"turns":2},{"damage":3,"enemies":"Exordium Thugs","floor":7,"turns":2},{"damage":2,"enemies":"Exordium Wildlife","floor":10,"turns":2},{"damage":2,"enemies":"Gremlin Nob","floor":11,"turns":2},{"damage":3,"enemies":"Large Slime","floor":12,"turns":3},{"damage":6,"enemies":"Lagavulin","floor":13,"turns":3},{"damage":14,"enemies":"Gremlin Gang","floor":14,"turns":3},{"damage":5,"enemies":"Slime Boss","floor":16,"turns":3},{"damage":0,"enemies":"Gensokyo:2_Gloops","floor":18,"turns":1},{"damage":5,"enemies":"Gensokyo:AngelMirror","floor":20,"turns":2},{"damage":5,"enemies":"Gensokyo:Monolith_and_Dog","floor":21,"turns":2},{"damage":14,"enemies":"Gensokyo:Wraith","floor":22,"turns":4},{"damage":15,"enemies":"Gensokyo:Reisen","floor":24,"turns":3},{"damage":4,"enemies":"Gensokyo:Mirror_and_Dog","floor":25,"turns":2},{"damage":2,"enemies":"Gensokyo:Koishi","floor":27,"turns":2},{"damage":2,"enemies":"Gensokyo:Chomper_and_Gloop","floor":31,"turns":1},{"damage":21,"enemies":"Gensokyo:Eiki","floor":33,"turns":3},{"damage":0,"enemies":"Gensokyo:AncientGuardian","floor":35,"turns":1},{"damage":5,"enemies":"Gensokyo:3_Boulders","floor":36,"turns":2},{"damage":5,"enemies":"Gensokyo:Sharpion","floor":37,"turns":2},{"damage":2,"enemies":"Gensokyo:SeedOfUnknown","floor":38,"turns":2},{"damage":39,"enemies":"Gensokyo:Doremy","floor":40,"turns":3},{"damage":0,"enemies":"Gensokyo:Marisa","floor":42,"turns":1},{"damage":0,"enemies":"Gensokyo:Doremy","floor":44,"turns":2},{"damage":3,"enemies":"Gensokyo:Dusk_and_Dawn","floor":45,"turns":2},{"damage":0,"enemies":"Gensokyo:Sharpion","floor":48,"turns":1},{"damage":5,"enemies":"Gensokyo:Scarlet_Devils","floor":50,"turns":3},{"damage":0,"enemies":"Gensokyo:Yuyuko","floor":51,"turns":2}],"seed_played":"-8436763849067088028","potions_obtained":[{"floor":49,"key":"Dexterity Potion"}],"is_trial":false,"path_per_floor":["M","M","?","?","M","E","M","$","T","M","E","M","E","M","R","B",null,"M","?","M","M","M","R","E","M","T","E","R","$","?","M","R","B",null,"M","M","M","M","COS","E","R","E","T","E","M","T","$","M","R_BF","B","B",null],"character_chosen":"IRONCLAD","items_purchased":["Blood for Blood","Life Link","Shrug It Off","Headbutt","Runesmith:AutoHammer","hexamod:BolsterEngine","potionbrewer:BlacksmithPotion","PureWhite:ReiMu","CrazyTorch:ReiMu","Iron Wave","reliquary:Crutches","Mummified Hand","Rupture","hubris:ChampionShield","Bird Faced Urn","Ice Cream","Pommel Strike","Red Skull","Brutality","Brimstone","reliquary:MedicineBall","vexMod:HeadHunter","Armaments","reliquary:BoilingFlask","PowerPotion","infinitespire:BlackPotion","Thunderclap","True Grit","ReplayTheSpireMod:Strike From Hell","Clothesline","Disarm","Exhume","Bromod:ArcanePistoleer","Metallicize","Feel No Pain","Self Forming Clay","Lizard Tail"],"campfire_rested":0,"item_purchase_floors":[0,0,0,0,0,0,0,0,0,0,0,0,0,0,0,0,0,0,0,0,0,0,0,0,0,0,0,0,0,0,0,0,0,0,0,8,47],"current_hp_per_floor":[75,75,75,56,66,62,75,75,75,75,75,75,75,71,71,75,75,75,75,75,75,75,75,70,75,75,75,75,75,75,75,75,68,49,49,49,49,49,49,19,19,32,32,51,52,52,52,52,52,52,52],"gold":454,"neow_bonus":"","is_daily":false,"chose_seed":false,"campfire_upgraded":5,"win_rate":0.0,"timestamp":1614258543,"path_taken":["M","M","?","?","M","E","?","?","T","M","E","M","E","M","R","BOSS","M","?","M","M","M","R","E","M","T","E","R","$","?","M","R","BOSS","M","M","M","M","COS","E","R","E","T","E","?","?","?","?","R_BF","BOSS","BOSS"],"items_purchased_type":["Card","Card","Card","Card","Relic","Relic","Potion","Relic","Relic","Card","Relic","Relic","Card","Relic","Relic","Relic","Card","Relic","Card","Relic","Relic","Relic","Card","Relic","Potion","Potion","Card","Card","Card","Card","Card","Card","Relic","Card","Card","Relic","Relic"],"build_version":"2020-12-22","purchased_purges":6,"victory":true,"max_hp_per_floor":[75,75,75,75,75,75,75,75,75,75,75,75,75,75,75,75,75,75,75,75,75,75,75,75,75,75,75,75,75,75,75,75,75,49,49,49,49,49,49,49,49,50,50,51,52,52,52,52,52,52,52],"relic_stats":{"Lizard Tail":0,"counters":[166,513],"Mummified Hand":[193],"Self Forming Clay":[102],"Bird Faced Urn":[113],"obtain_stats":[{"theSenshi:CutieMoonRodRelic":0,"Golden Egg":1,"infinitespire:BottledMercury":30,"Gensokyo:UndefinedDarkness":19,"downfall:HeartBlessingGreen":27,"TheSimpletonMod:WoodChipper":28,"wanderingMiniBosses:OtherGremlinHorn":2,"reliquary:Tamtam":0,"reliquary:RedCape":17,"Ring of Searing":2,"vexMod:CardConverter":42,"Ribbon":0,"MealTicket":2,"hubris:MobiusCoin":2,"DemoMod:OrangeGuonStone":44,"Gensokyo:TheCrow":41,"TentaclePot:ReiMu":40,"hubris:SphereOfDissonance":0,"HollowMod:JonisBlessing":0,"qcfpunch:Dark_Gi":34,"Akabeko":27,"infinitespire:EvilPickle":35,"SlaversCollar":17,"theSenshi:TransformationBroochRelic":0,"qcfpunch:Broken_Tusk":14,"Bird Faced Urn":0,"Pandora\u0027s Box":10,"aspiration:SilentSkillbook":34,"Unceasing Top":21,"Bromod:ArcaneFury":28,"Regal Pillow":29,"sneckomod:BlankCard":23,"Bromod:ArcanePistoleer":0,"King of Hearts":31,"Bag of Preparation":49,"Mythril_Glove":10,"hubris:EmptyBottle":12,"theSenshi:ChokerRelic":0,"Power_Wrist":29,"White_Cape":0,"Ancient Tea Set":6,"hubris:EvacipatedBox":1,"Burning Blood":0,"Cleaning_Rag":41,"Replay:Rubber Ducky":0,"Silver_Glasses":17,"reliquary:Buckler":26,"hubris:FunFungus":0,"hubris:ChampionShield":0,"wanderingMiniBosses:LockLocket":38,"hubris:GlazedTorus":0,"Potion Belt":10,"downfall:HeartBlessingRed":27,"Self Forming Clay":8,"qcfpunch:Black_Training_Shirt":8,"Protect_Vest":0,"Ring of Greed":2,"infinitespire:Lucky Rock":31,"hubris:Towel":46,"Frozen Egg 2":8,"Replay:Arrowhead":10,"reliquary:Crutches":0,"PureWhite:ReiMu":0,"Busted Crown":36,"CrazyTorch:ReiMu":0,"reliquary:Ember":34,"Garlic":45,"potionbrewer:BottledElixir":25,"Runesmith:AutoHammer":0,"hexamod:BolsterEngine":0,"Toy Ornithopter":28,"hubris:BottledRain":40,"Ice Cream":0,"DemoMod:GlassGuonStoneRelic":8,"sneckomod:SneckoSoul":0,"RedLine:ReiMu":34,"potionbrewer:RamsHorn":12,"Lizard Tail":0,"HornCleat":0,"DemoMod:MonsterBlood":47,"theSenshi:RoseRelic":0,"Prayer Wheel":1,"DemoMod:ClearGuonStone":0,"qcfpunch:Chain_With_Nametags":43,"conspire:Dentures":0,"Dead Branch":3,"wanderingMiniBosses:MasterThiefsPresence":22,"Charon\u0027s Ashes":0,"potionbrewer:BhaskarasWheel":17,"Replay:Kaleidoscope":52,"War Paint":15,"potionbrewer:ToyAutogyro":0,"Question Card":1,"OrangePellets":53,"Replay:Baseball":25,"ReplayTheSpireMod:Spearhead":26,"reliquary:PorcupineQuills":40,"Brimstone":24,"Bronze Scales":44,"Onion Ring":24,"infinitespire:EmpoweringShard":23,"reliquary:MedicineBall":0,"reliquary:WritOfMandamus":17,"aspiration:HatOfInfinitePower":23,"theSenshi:CosmicHeartCompactRelic":0,"Darkstone Periapt":6,"ReplayFunnel":44,"Hallownest:StagBellRelic1":20,"reliquary:PrincelyHelmet":43,"reliquary:BoilingFlask":0,"Juzu Bracelet":0,"Incense Burner":0,"PrismaticShard":39,"ClockworkSouvenir":0,"Frozen Eye":8,"Mummified Hand":21,"downfall:HeartBlessingBlue":27,"Slimebound:StickyStick":0,"Genji_Glove":0,"TheVixenMod:UmbreonRelic":42,"DemoMod:JetPack":43,"Red Skull":0,"Replay:Towering Pillar of Hats":43,"aspiration:FetidBarrel":23,"Quantum Egg":1,"aspiration:RunicSpoon":21,"vexMod:FocusSash":21,"Gensokyo:ConquerorOfFear":20,"Orichalcum":48,"Medical Kit":40,"vexMod:Dragonfruit":23,"Anchor":12,"wanderingMiniBosses:CarrionFlame":18,"vexMod:HeadHunter":0,"ChewingGum":17,"Another Sword":0,"reliquary:Stiletto":46,"Bag of Marbles":38,"Membership Card":0,"Gem_Box":34,"potionbrewer:Keyblade":0,"Guard_Bracelet":0,"hubris:Potato":8,"FossilizedHelix":9,"RuthlessExorcism:ReiMu":0},{"theSenshi:CutieMoonRodRelic":52,"Golden Egg":0,"infinitespire:BottledMercury":71,"Gensokyo:UndefinedDarkness":147,"downfall:HeartBlessingGreen":15,"TheSimpletonMod:WoodChipper":69,"wanderingMiniBosses:OtherGremlinHorn":1,"reliquary:Tamtam":81,"reliquary:RedCape":118,"Ring of Searing":31,"vexMod:CardConverter":161,"Ribbon":30,"MealTicket":31,"hubris:MobiusCoin":31,"DemoMod:OrangeGuonStone":48,"Gensokyo:TheCrow":76,"TentaclePot:ReiMu":101,"hubris:SphereOfDissonance":52,"HollowMod:JonisBlessing":52,"qcfpunch:Dark_Gi":155,"Akabeko":153,"infinitespire:EvilPickle":98,"SlaversCollar":38,"theSenshi:TransformationBroochRelic":30,"qcfpunch:Broken_Tusk":89,"Bird Faced Urn":135,"Pandora\u0027s Box":5,"aspiration:SilentSkillbook":20,"Unceasing Top":92,"Bromod:ArcaneFury":43,"Regal Pillow":17,"sneckomod:BlankCard":122,"Bromod:ArcanePistoleer":135,"King of Hearts":95,"Bag of Preparation":105,"Mythril_Glove":114,"hubris:EmptyBottle":7,"theSenshi:ChokerRelic":52,"Power_Wrist":17,"White_Cape":52,"Ancient Tea Set":84,"hubris:EvacipatedBox":0,"Burning Blood":81,"Cleaning_Rag":23,"Replay:Rubber Ducky":52,"Silver_Glasses":90,"reliquary:Buckler":122,"hubris:FunFungus":81,"hubris:ChampionShield":135,"wanderingMiniBosses:LockLocket":100,"hubris:GlazedTorus":108,"Potion Belt":5,"downfall:HeartBlessingRed":15,"Self Forming Clay":140,"qcfpunch:Black_Training_Shirt":4,"Protect_Vest":108,"Ring of Greed":31,"infinitespire:Lucky Rock":125,"hubris:Towel":25,"Frozen Egg 2":85,"Replay:Arrowhead":5,"reliquary:Crutches":81,"PureWhite:ReiMu":135,"Busted Crown":98,"CrazyTorch:ReiMu":135,"reliquary:Ember":73,"Garlic":102,"potionbrewer:BottledElixir":15,"Runesmith:AutoHammer":135,"hexamod:BolsterEngine":108,"Toy Ornithopter":16,"hubris:BottledRain":76,"Ice Cream":135,"DemoMod:GlassGuonStoneRelic":4,"sneckomod:SneckoSoul":0,"RedLine:ReiMu":44,"potionbrewer:RamsHorn":88,"Lizard Tail":81,"HornCleat":30,"DemoMod:MonsterBlood":25,"theSenshi:RoseRelic":30,"Prayer Wheel":0,"DemoMod:ClearGuonStone":30,"qcfpunch:Chain_With_Nametags":161,"conspire:Dentures":30,"Dead Branch":2,"wanderingMiniBosses:MasterThiefsPresence":150,"Charon\u0027s Ashes":81,"potionbrewer:BhaskarasWheel":146,"Replay:Kaleidoscope":29,"War Paint":9,"potionbrewer:ToyAutogyro":30,"Question Card":0,"OrangePellets":29,"Replay:Baseball":67,"ReplayTheSpireMod:Spearhead":152,"reliquary:PorcupineQuills":160,"Brimstone":122,"Bronze Scales":130,"Onion Ring":14,"infinitespire:EmpoweringShard":14,"reliquary:MedicineBall":135,"reliquary:WritOfMandamus":62,"aspiration:HatOfInfinitePower":66,"theSenshi:CosmicHeartCompactRelic":30,"Darkstone Periapt":34,"ReplayFunnel":162,"Hallownest:StagBellRelic1":39,"reliquary:PrincelyHelmet":102,"reliquary:BoilingFlask":135,"Juzu Bracelet":30,"Incense Burner":108,"PrismaticShard":159,"ClockworkSouvenir":30,"Frozen Eye":4,"Mummified Hand":12,"downfall:HeartBlessingBlue":15,"Slimebound:StickyStick":52,"Genji_Glove":30,"TheVixenMod:UmbreonRelic":23,"DemoMod:JetPack":47,"Red Skull":135,"Replay:Towering Pillar of Hats":24,"aspiration:FetidBarrel":42,"Quantum Egg":0,"aspiration:RunicSpoon":92,"vexMod:FocusSash":12,"Gensokyo:ConquerorOfFear":148,"Orichalcum":26,"Medical Kit":101,"vexMod:Dragonfruit":93,"Anchor":36,"wanderingMiniBosses:CarrionFlame":39,"vexMod:HeadHunter":135,"ChewingGum":10,"Another Sword":81,"reliquary:Stiletto":103,"Bag of Marbles":22,"Membership Card":30,"Gem_Box":126,"potionbrewer:Keyblade":81,"Guard_Bracelet":108,"hubris:Potato":35,"FossilizedHelix":113,"RuthlessExorcism:ReiMu":52},{"theSenshi:CutieMoonRodRelic":211,"Golden Egg":0,"infinitespire:BottledMercury":268,"Gensokyo:UndefinedDarkness":473,"downfall:HeartBlessingGreen":39,"TheSimpletonMod:WoodChipper":264,"wanderingMiniBosses:OtherGremlinHorn":2,"reliquary:Tamtam":302,"reliquary:RedCape":391,"Ring of Searing":114,"vexMod:CardConverter":503,"Ribbon":112,"MealTicket":114,"hubris:MobiusCoin":114,"DemoMod:OrangeGuonStone":195,"Gensokyo:TheCrow":286,"TentaclePot:ReiMu":348,"hubris:SphereOfDissonance":211,"HollowMod:JonisBlessing":211,"qcfpunch:Dark_Gi":492,"Akabeko":488,"infinitespire:EvilPickle":340,"SlaversCollar":143,"theSenshi:TransformationBroochRelic":112,"qcfpunch:Broken_Tusk":318,"Bird Faced Urn":446,"Pandora\u0027s Box":12,"aspiration:SilentSkillbook":72,"Unceasing Top":326,"Bromod:ArcaneFury":171,"Regal Pillow":43,"sneckomod:BlankCard":403,"Bromod:ArcanePistoleer":446,"King of Hearts":332,"Bag of Preparation":355,"Mythril_Glove":380,"hubris:EmptyBottle":19,"theSenshi:ChokerRelic":211,"Power_Wrist":43,"White_Cape":211,"Ancient Tea Set":309,"hubris:EvacipatedBox":0,"Burning Blood":302,"Cleaning_Rag":76,"Replay:Rubber Ducky":211,"Silver_Glasses":322,"reliquary:Buckler":403,"hubris:FunFungus":302,"hubris:ChampionShield":446,"wanderingMiniBosses:LockLocket":346,"hubris:GlazedTorus":366,"Potion Belt":12,"downfall:HeartBlessingRed":39,"Self Forming Clay":456,"qcfpunch:Black_Training_Shirt":8,"Protect_Vest":366,"Ring of Greed":114,"infinitespire:Lucky Rock":410,"hubris:Towel":81,"Frozen Egg 2":310,"Replay:Arrowhead":12,"reliquary:Crutches":302,"PureWhite:ReiMu":446,"Busted Crown":340,"CrazyTorch:ReiMu":446,"reliquary:Ember":278,"Garlic":349,"potionbrewer:BottledElixir":39,"Runesmith:AutoHammer":446,"hexamod:BolsterEngine":366,"Toy Ornithopter":42,"hubris:BottledRain":286,"Ice Cream":446,"DemoMod:GlassGuonStoneRelic":8,"sneckomod:SneckoSoul":0,"RedLine:ReiMu":174,"potionbrewer:RamsHorn":315,"Lizard Tail":302,"HornCleat":112,"DemoMod:MonsterBlood":81,"theSenshi:RoseRelic":112,"Prayer Wheel":0,"DemoMod:ClearGuonStone":112,"qcfpunch:Chain_With_Nametags":503,"conspire:Dentures":112,"Dead Branch":3,"wanderingMiniBosses:MasterThiefsPresence":481,"Charon\u0027s Ashes":302,"potionbrewer:BhaskarasWheel":472,"Replay:Kaleidoscope":99,"War Paint":24,"potionbrewer:ToyAutogyro":112,"Question Card":0,"OrangePellets":99,"Replay:Baseball":255,"ReplayTheSpireMod:Spearhead":486,"reliquary:PorcupineQuills":502,"Brimstone":403,"Bronze Scales":429,"Onion Ring":37,"infinitespire:EmpoweringShard":37,"reliquary:MedicineBall":446,"reliquary:WritOfMandamus":243,"aspiration:HatOfInfinitePower":252,"theSenshi:CosmicHeartCompactRelic":112,"Darkstone Periapt":122,"ReplayFunnel":505,"Hallownest:StagBellRelic1":148,"reliquary:PrincelyHelmet":349,"reliquary:BoilingFlask":446,"Juzu Bracelet":112,"Incense Burner":366,"PrismaticShard":499,"ClockworkSouvenir":112,"Frozen Eye":7,"Mummified Hand":32,"downfall:HeartBlessingBlue":39,"Slimebound:StickyStick":211,"Genji_Glove":112,"TheVixenMod:UmbreonRelic":76,"DemoMod:JetPack":191,"Red Skull":446,"Replay:Towering Pillar of Hats":78,"aspiration:FetidBarrel":161,"Quantum Egg":0,"aspiration:RunicSpoon":326,"vexMod:FocusSash":32,"Gensokyo:ConquerorOfFear":475,"Orichalcum":87,"Medical Kit":348,"vexMod:Dragonfruit":328,"Anchor":135,"wanderingMiniBosses:CarrionFlame":148,"vexMod:HeadHunter":446,"ChewingGum":26,"Another Sword":302,"reliquary:Stiletto":350,"Bag of Marbles":74,"Membership Card":112,"Gem_Box":416,"potionbrewer:Keyblade":302,"Guard_Bracelet":366,"hubris:Potato":126,"FossilizedHelix":377,"RuthlessExorcism:ReiMu":211}],"Burning Blood":277,"Unceasing Top":[42]},"card_choices":[{"not_picked":["Clothesline","Clash","Infernal Blade"],"picked":"SKIP","floor":1},{"not_picked":["Reckless Charge","Shrug It Off","Iron Wave"],"picked":"SKIP","floor":2},{"not_picked":["Replay:Fractal Strike","hubris:Rewind"],"picked":"infinitespire:Collect","floor":4},{"not_picked":["ReplayTheSpireMod:LeadingStrike","Burning Pact"],"picked":"Ghostly Armor","floor":5},{"not_picked":["hubris:StunningStrike","Fiend Fire"],"picked":"Brutality","floor":6},{"not_picked":["Iron Wave","Flex","Thunderclap"],"picked":"SKIP","floor":6},{"not_picked":["Anger","infinitespire:OneForAll","Dual Wield"],"picked":"SKIP","floor":7},{"not_picked":["Dropkick","Perfected Strike","Shrug It Off"],"picked":"SKIP","floor":10},{"not_picked":["Limit Break","Fiend Fire"],"picked":"Berserk","floor":11},{"not_picked":["Shrug It Off","Seeing Red","Sever Soul"],"picked":"SKIP","floor":11},{"not_picked":["Headbutt","Replay:Undeath\u0027s Touch"],"picked":"Demon Form","floor":12},{"not_picked":["Barricade","Feed","Replay:Many Hands"],"picked":"SKIP","floor":13},{"not_picked":["Wild Strike","Twin Strike","Power Through"],"picked":"SKIP","floor":13},{"not_picked":["Wild Strike","Twin Strike"],"picked":"Power Through","floor":13},{"not_picked":["Barricade","Feed","Replay:Many Hands"],"picked":"SKIP","floor":13},{"not_picked":["hubris:SharpeningStone","Anger","Power Through"],"picked":"SKIP","floor":14},{"not_picked":["Demonic Infusion","Feed"],"picked":"Berserk","floor":16},{"not_picked":["Havoc","Fire Breathing","Searing Blow"],"picked":"SKIP","floor":18},{"not_picked":["Anger","Life Link","Replay:Undeath\u0027s Touch+1"],"picked":"SKIP","floor":20},{"not_picked":["Blood for Blood","Replay:Undeath\u0027s Touch","Pommel Strike"],"picked":"SKIP","floor":21},{"not_picked":["Ghostly Armor","Body Slam","Warcry"],"picked":"SKIP","floor":22},{"not_picked":["Berserk","Barricade"],"picked":"conspire:HitWhereItHurts","floor":24},{"not_picked":["Defy Death","Uppercut"],"picked":"Hemokinesis","floor":24},{"not_picked":["Shrug It Off","Run Through","Flex"],"picked":"SKIP","floor":25},{"not_picked":["Body Slam+1","ReplayTheSpireMod:Strike From Hell"],"picked":"Uppercut","floor":27},{"not_picked":["conspire:Purge","Corruption","hubris:StunningStrike"],"picked":"SKIP","floor":27},{"not_picked":["ReplayTheSpireMod:Stacked","True Grit"],"picked":"Sentinel","floor":31},{"not_picked":["Clash+1","Combust","Replay:Undeath\u0027s Touch+1"],"picked":"SKIP","floor":35},{"not_picked":["Replay:Undeath\u0027s Touch+1","Sentinel","Clash"],"picked":"SKIP","floor":36},{"not_picked":["Armaments+1","Run Through"],"picked":"Bludgeon","floor":37},{"not_picked":["Spot Weakness","ReplayReversal","Dual Wield"],"picked":"SKIP","floor":38},{"not_picked":["Corruption","conspire:HitWhereItHurts"],"picked":"Reaper","floor":40},{"not_picked":["hierophant:FaithHealing","dioMod:SlashThroughTime","sneckomod:Memorize"],"picked":"SKIP","floor":40},{"not_picked":["Reaper","Eclipse"],"picked":"Limit Break","floor":42},{"not_picked":["sneckomod:PureSnecko","AdministrixMod:LuminaryPath","BowlingBash+1"],"picked":"SKIP","floor":42},{"not_picked":["Berserk","Barricade"],"picked":"Offering","floor":44},{"not_picked":["Icebrand","Runesmith:Firewall","mysticmod:PowerSlash+1"],"picked":"SKIP","floor":44},{"not_picked":["Guardian:Reroute+1","bard:Accelerando"],"picked":"TheVixenMod:TailWhip+1","floor":45},{"not_picked":["stsjorbsmod:Materialize","Replay:Vibes","HollowMod:HowlingWraiths"],"picked":"SKIP","floor":48}],"player_experience":1514122,"relics_obtained":[{"floor":6,"key":"Unceasing Top"},{"floor":20,"key":"Gensokyo:ConquerorOfFear"},{"floor":22,"key":"wanderingMiniBosses:MasterThiefsPresence"},{"floor":26,"key":"ReplayTheSpireMod:Spearhead"},{"floor":27,"key":"Akabeko"},{"floor":40,"key":"reliquary:PorcupineQuills"},{"floor":42,"key":"vexMod:CardConverter"},{"floor":43,"key":"qcfpunch:Chain_With_Nametags"},{"floor":44,"key":"ReplayFunnel"}],"event_choices":[],"is_beta":false,"boss_relics":[{"not_picked":["Replay:Ancient Bell","vexMod:MysteryBossChallenge"],"picked":"potionbrewer:BhaskarasWheel"},{"not_picked":["RedLine:ReiMu","aspiration:RunicSpoon"],"picked":"qcfpunch:Dark_Gi"}],"items_purged_floors":[0,0,0,0,0,47],"is_endless":false,"potions_floor_spawned":[5,6,7,13,16,18,21,25,27,33,35,36,37,42,44,48],"ascension_level":20,"is_humility":true}}