{"host":"Keegz","time":1614255004,"event":{"mods":["BaseMod","Bestiary","Colored Powertips","Highlight Path","Minty Spire (QoL Compilation)","Relic Stats","Slay the Relics Exporter"],"gold_per_floor":[115,134,51,64,64,64,93,93,117,133,148,73,73,87,87,87,87],"floor_reached":16,"language":"ENG","playtime":388,"items_purged":[],"score":199,"play_id":"3829934f-2f3d-48e3-8899-17dbf7cdf5f1","local_time":"20210226011004","is_ascension_mode":true,"campfire_choices":[{"data":"Caltrops","floor":6,"key":"SMITH"},{"floor":8,"key":"REST"},{"data":"Neutralize","floor":13,"key":"SMITH"},{"data":"Footwork","floor":15,"key":"SMITH"}],"circlet_count":0,"master_deck":["AscendersBane","Strike_G","Strike_G","Strike_G","Strike_G","Defend_G","Defend_G","Defend_G","Defend_G","Defend_G","Survivor","Neutralize+1","Skewer","Masterful Stab","Caltrops+1","Dagger Spray","Blur","Calculated Gamble","Footwork+1"],"relics":["Ring of the Snake","NeowsBlessing","Pantograph","Gremlin Horn","Bag of Marbles"],"acts_visited":["Exordium"],"potions_floor_usage":[7,11,16],"damage_taken":[{"damage":0,"enemies":"Cultist","floor":1,"turns":1},{"damage":0,"enemies":"Small Slimes","floor":2,"turns":1},{"damage":0,"enemies":"Jaw Worm","floor":4,"turns":1},{"damage":52,"enemies":"Lagavulin","floor":7,"turns":6},{"damage":9,"enemies":"Looter","floor":10,"turns":3},{"damage":5,"enemies":"Exordium Thugs","floor":11,"turns":3},{"damage":0,"enemies":"Exordium Wildlife","floor":14,"turns":5},{"damage":39,"enemies":"Hexaghost","floor":16,"turns":9}],"seed_played":"7737064823233803837","potions_obtained":[{"floor":1,"key":"CunningPotion"},{"floor":10,"key":"Energy Potion"},{"floor":14,"key":"ColorlessPotion"}],"is_trial":false,"path_per_floor":["M","M","$","M","T","R","E","R","T","M","M","?","R","M","R","B"],"character_chosen":"THE_SILENT","items_purchased":["Caltrops"],"campfire_rested":1,"item_purchase_floors":[3],"current_hp_per_floor":[59,59,59,59,59,59,7,26,26,17,12,12,12,12,12,0,0],"gold":87,"neow_bonus":"THREE_ENEMY_KILL","is_daily":false,"chose_seed":false,"campfire_upgraded":3,"win_rate":0.0,"timestamp":1614255004,"path_taken":["M","M","$","?","?","R","E","R","T","M","M","?","R","M","R","BOSS"],"items_purchased_type":["Card"],"build_version":"2020-12-18","purchased_purges":0,"victory":false,"max_hp_per_floor":[66,66,66,66,66,66,66,66,66,66,66,66,66,66,66,66,66],"relic_stats":{"Gremlin Horn":[2,2],"counters":[8,29],"Pantograph":25,"obtain_stats":[{"NeowsBlessing":0,"Gremlin Horn":7,"Pantograph":5,"Bag of Marbles":9,"Ring of the Snake":0},{"NeowsBlessing":0,"Gremlin Horn":4,"Pantograph":3,"Bag of Marbles":4,"Ring of the Snake":0},{"NeowsBlessing":0,"Gremlin Horn":9,"Pantograph":3,"Bag of Marbles":9,"Ring of the Snake":0}],"Ring of the Snake":[16]},"card_choices":[{"not_picked":["All Out Attack","Flying Knee"],"picked":"Skewer","floor":1},{"not_picked":["Acrobatics","Outmaneuver"],"picked":"Masterful Stab","floor":2},{"not_picked":["Dodge and Roll","Prepared"],"picked":"Dagger Spray","floor":4},{"not_picked":["Unload","Prepared","Bane"],"picked":"SKIP","floor":7},{"not_picked":["Poisoned Stab","Skewer"],"picked":"Blur","floor":10},{"not_picked":["Predator","Masterful Stab"],"picked":"Calculated Gamble","floor":11},{"not_picked":["Escape Plan","Skewer"],"picked":"Footwork","floor":14}],"player_experience":1523572,"relics_obtained":[{"floor":5,"key":"Pantograph"},{"floor":7,"key":"Gremlin Horn"},{"floor":9,"key":"Bag of Marbles"}],"event_choices":[{"cards_removed":["Strike_G"],"damage_healed":0,"gold_gain":0,"player_choice":"Card Removal","damage_taken":0,"max_hp_gain":0,"max_hp_loss":0,"event_name":"The Cleric","floor":12,"gold_loss":75}],"is_beta":true,"boss_relics":[],"items_purged_floors":[],"is_endless":false,"potions_floor_spawned":[1,10,14],"killed_by":"Hexaghost","ascension_level":19}}