{"host":"rolltorest","time":1614221043,"event":{"mods":["BaseMod","Minty Spire (QoL Compilation)","Relic Stats","Slay the Relics Exporter","StSLib"],"gold_per_floor":[109,126,126,144,63,63,63],"floor_reached":6,"language":"ENG","playtime":76,"items_purged":[],"score":72,"play_id":"79116226-804e-4121-a79c-9046b0f805dc","local_time":"20210224184403","is_ascension_mode":true,"campfire_choices":[],"circlet_count":0,"master_deck":["AscendersBane","Strike_G","Strike_G","Strike_G","Strike_G","Strike_G","Defend_G","Defend_G","Defend_G","Defend_G","Defend_G","Survivor","Neutralize","Blade Dance","Dagger Spray","Corpse Explosion"],"relics":["Ring of the Snake","NeowsBlessing","Golden Idol"],"acts_visited":["Exordium"],"potions_floor_usage":[],"damage_taken":[{"damage":0,"enemies":"2 Louse","floor":1,"turns":1},{"damage":0,"enemies":"Jaw Worm","floor":2,"turns":1},{"damage":0,"enemies":"Cultist","floor":4,"turns":1},{"damage":56,"enemies":"Gremlin Nob","floor":6,"turns":5}],"seed_played":"-8077267657699529217","potions_obtained":[{"floor":2,"key":"SpeedPotion"}],"is_trial":false,"path_per_floor":["M","M","?","M","$","E"],"character_chosen":"THE_SILENT","items_purchased":["Corpse Explosion"],"campfire_rested":0,"item_purchase_floors":[5],"current_hp_per_floor":[59,59,59,59,59,3,3],"gold":63,"neow_bonus":"THREE_ENEMY_KILL","is_daily":false,"chose_seed":false,"campfire_upgraded":0,"win_rate":0.0,"timestamp":1614221043,"path_taken":["M","M","?","M","$","E"],"items_purchased_type":["Card"],"build_version":"2020-12-18","purchased_purges":0,"victory":false,"max_hp_per_floor":[66,66,60,60,60,60,60],"relic_stats":{"counters":[4,8],"Golden Idol":4,"obtain_stats":[{"NeowsBlessing":0,"Golden Idol":3,"Ring of the Snake":0},{"NeowsBlessing":0,"Golden Idol":2,"Ring of the Snake":0},{"NeowsBlessing":0,"Golden Idol":2,"Ring of the Snake":0}],"Ring of the Snake":[8]},"card_choices":[{"not_picked":["Dagger Spray","Cloak And Dagger"],"picked":"Blade Dance","floor":1},{"not_picked":["Blade Dance","After Image"],"picked":"Dagger Spray","floor":2},{"not_picked":["Deflect","Dodge and Roll","Quick Slash"],"picked":"SKIP","floor":4}],"player_experience":2031276,"relics_obtained":[],"event_choices":[{"damage_healed":0,"gold_gain":0,"player_choice":"Lose Max HP","damage_taken":0,"relics_obtained":["Golden Idol"],"max_hp_gain":0,"max_hp_loss":6,"event_name":"Golden Idol","floor":3,"gold_loss":0}],"is_beta":true,"boss_relics":[],"items_purged_floors":[],"is_endless":false,"potions_floor_spawned":[2],"killed_by":"Gremlin Nob","ascension_level":20}}