{"host":"z8uivwf40jrpk7h3","time":1614276838,"event":{"mods":["BaseMod","Lobotomy","Minty Spire (QoL Compilation)","Replay The Spire","StSLib"],"gold_per_floor":[278,278,298,415,415,415,430,430,430,355,374,206,235,185,185,288,388,400,340,62,62,62],"floor_reached":21,"language":"ZHS","playtime":454,"items_purged":["Strike_P","Defend_P","Defend_P"],"score":210,"play_id":"83ec5eab-7959-4ee2-a418-10b93ae79ecd","local_time":"20210226021358","is_ascension_mode":true,"campfire_choices":[{"data":"ForeignInfluence","floor":6,"key":"SMITH"},{"data":"Consecrate","floor":8,"key":"SMITH"},{"data":"ForeignInfluence","floor":15,"key":"SMITH"}],"circlet_count":0,"master_deck":["Strike_P","Strike_P","Defend_P","Vigilance","WheelKick","ForeignInfluence+1","Steam","Consecrate+1","Tantrum+1","UniverseFragment","ForeignInfluence+1","Wellcheers","Vault","Vault"],"relics":["PureWater","CogitoBucket","MealTicket","Replay:Wax Seal","Replay:Wanted Poster","BehaviorAdjustment","DollysMirror"],"acts_visited":["Exordium","TheCity"],"potions_floor_usage":[18],"damage_taken":[{"damage":0.0,"enemies":"Jaw Worm","floor":1.0,"turns":3.0},{"damage":0.0,"enemies":"Small Slimes","floor":3.0,"turns":1.0},{"damage":0,"enemies":"2 Louse","floor":7,"turns":1},{"damage":0,"enemies":"Blue Slaver","floor":11,"turns":1},{"damage":0,"enemies":"Lagavulin","floor":13,"turns":3},{"damage":49,"enemies":"The Guardian","floor":16,"turns":6},{"damage":11,"enemies":"Spheric Guardian","floor":18,"turns":5},{"damage":0,"enemies":"3 Byrds","floor":21,"turns":1}],"seed_played":"-6070656566439990533","potions_obtained":[{"floor":11,"key":"Ancient Potion"},{"floor":16,"key":"Languid Potion"}],"is_trial":false,"path_per_floor":["M","?","M","?","?","R","M","R","T","$","M","$","E","?","R","B",null,"M","?","$","M"],"character_chosen":"WATCHER","items_purchased":["ForeignInfluence","DollysMirror"],"campfire_rested":0,"item_purchase_floors":[12,20],"current_hp_per_floor":[72,72,72,54,54,54,54,54,54,69,69,72,72,72,72,23,72,61,61,72,72,72],"gold":62,"neow_bonus":"","is_daily":false,"chose_seed":false,"campfire_upgraded":3,"win_rate":0.0,"timestamp":1614276838,"path_taken":["M","?","M","?","?","R","M","R","T","$","?","$","E","?","R","BOSS","M","?","$","M"],"items_purchased_type":["Card","Relic"],"build_version":"2020-12-22","purchased_purges":3,"victory":false,"max_hp_per_floor":[72,72,72,72,72,72,72,72,72,72,72,72,72,72,72,72,72,72,72,72,72,72],"card_choices":[{"not_picked":["FlyingSleeves","ThirdEye"],"picked":"WheelKick","floor":1.0},{"not_picked":["Prostrate","PathToVictory"],"picked":"Consecrate","floor":3.0},{"not_picked":["Halt","Protect"],"picked":"Tantrum","floor":4},{"not_picked":["ShyLook","Porccubus"],"picked":"UniverseFragment","floor":7},{"not_picked":["EmptyFist","Nirvana","Meditate"],"picked":"SKIP","floor":7},{"not_picked":["Indignation","ClearTheMind","FearNoEvil"],"picked":"SKIP","floor":11},{"not_picked":["WheelKick","Nirvana","Wireheading"],"picked":"SKIP","floor":13},{"not_picked":["CrumblingArmor","SingingMachine"],"picked":"Wellcheers","floor":16},{"not_picked":["Replay:LoomingThreat","MasterReality"],"picked":"Vault","floor":16},{"not_picked":["Protect","Meditate","Halt"],"picked":"SKIP","floor":18}],"player_experience":112020,"relics_obtained":[{"floor":9,"key":"MealTicket"},{"floor":13,"key":"Replay:Wax Seal"}],"event_choices":[{"cards_removed":["Eruption"],"damage_healed":0,"gold_gain":0,"player_choice":"Card Removal","damage_taken":0,"max_hp_gain":0,"max_hp_loss":0,"event_name":"The Cleric","floor":14,"gold_loss":50}],"is_beta":false,"boss_relics":[{"not_picked":["Runic Pyramid","Velvet Choker"],"picked":"Replay:Wanted Poster"}],"items_purged_floors":[10,12,20],"is_endless":false,"potions_floor_spawned":[11,16],"killed_by":"3 Byrds","ascension_level":1}}