{"host":"i0avyit1s6jb1siw","time":1614242661,"event":{"mods":["BaseMod","DeckTracker","Dota2Spire","Minty Spire (QoL Compilation)","Quick Restart","StSLib","SuperFastMode"],"gold_per_floor":[117,117,132,148,148,162,162,187,187,187,202,202,202,202,222,222,317,317,317,410,410,429,62,62,62,86,124,124,143,189,189,189,233,247,247,281,281,370,370,383,383,396,396,417,417,453,453,453,478,511,113,138,138,156,156,156,156,156,156,156,20,63,63],"floor_reached":64,"language":"ENG","playtime":2089,"items_purged":["Strike_G","Strike_G"],"score":3794,"play_id":"23a61b43-952a-4571-847f-f59385d2a945","local_time":"20210225094421","is_ascension_mode":true,"campfire_choices":[{"data":"Noxious Fumes","floor":12.0,"key":"SMITH"},{"data":"Neutralize","floor":14.0,"key":"SMITH"},{"floor":16.0,"key":"REST"},{"floor":19.0,"key":"REST"},{"data":"Calculated Gamble","floor":28.0,"key":"SMITH"},{"data":"Noxious Fumes","floor":32.0,"key":"SMITH"},{"data":"Concentrate","floor":35.0,"key":"SMITH"},{"data":"Reflex","floor":37.0,"key":"SMITH"},{"data":"Prepared","floor":45,"key":"SMITH"},{"data":"Wraith Form v2","floor":48,"key":"SMITH"},{"data":"Catalyst","floor":53,"key":"SMITH"},{"floor":55,"key":"RECALL"},{"data":"Panache","floor":56,"key":"SMITH"},{"data":"After Image","floor":60,"key":"SMITH"}],"circlet_count":0,"master_deck":["AscendersBane","Strike_G","Defend_G","Defend_G","Defend_G","Defend_G","Survivor","Neutralize+1","Bouncing Flask+1","Blade Dance","Dash","Noxious Fumes+1","Backflip","PiercingWail","Reflex+1","Malaise","Wraith Form v2+1","Reflex","Noxious Fumes+1","Acrobatics","Calculated Gamble+1","Adrenaline","Footwork","Concentrate+1","Backflip","After Image+1","PiercingWail","Escape Plan","Prepared+1","Caltrops","Panache+1","Finesse","Flash of Steel+1","Blur","Catalyst+1","Catalyst+1","Tactician","Concentrate"],"relics":["HoveringKite","Golden Idol","InkBottle","Tough Bandages","Dota2Spire:RefresherOrb","Coffee Dripper","ClockworkSouvenir","Smiling Mask","Bronze Scales","Prayer Wheel","Runic Pyramid","Molten Egg 2","Dota2Spire:ArmletOfMordiggian","Dota2Spire:PowerTreads","Mummified Hand","Ornamental Fan"],"acts_visited":["Exordium","TheCity","TheBeyond","TheEnding"],"potions_floor_usage":[38,57,58],"damage_taken":[{"damage":2.0,"enemies":"Small Slimes","floor":1.0,"turns":5.0},{"damage":9.0,"enemies":"2 Louse","floor":3.0,"turns":3.0},{"damage":7.0,"enemies":"Cultist","floor":4.0,"turns":4.0},{"damage":6.0,"enemies":"3 Louse","floor":6.0,"turns":5.0},{"damage":12.0,"enemies":"Lots of Slimes","floor":8.0,"turns":4.0},{"damage":1.0,"enemies":"Looter","floor":11.0,"turns":4.0},{"damage":4.0,"enemies":"Blue Slaver","floor":15.0,"turns":3.0},{"damage":26.0,"enemies":"The Guardian","floor":17.0,"turns":8.0},{"damage":0.0,"enemies":"The Guardian","floor":20.0,"turns":7.0},{"damage":4.0,"enemies":"2 Thieves","floor":22.0,"turns":5.0},{"damage":7.0,"enemies":"Chosen","floor":26.0,"turns":5.0},{"damage":0.0,"enemies":"Book of Stabbing","floor":27.0,"turns":6.0},{"damage":0.0,"enemies":"Snecko","floor":29.0,"turns":5.0},{"damage":3.0,"enemies":"Slavers","floor":33.0,"turns":4.0},{"damage":0.0,"enemies":"Snake Plant","floor":34.0,"turns":5.0},{"damage":0.0,"enemies":"Book of Stabbing","floor":36.0,"turns":5.0},{"damage":1,"enemies":"Automaton","floor":38,"turns":9},{"damage":8,"enemies":"3 Shapes","floor":40,"turns":4},{"damage":0,"enemies":"Orb Walker","floor":42,"turns":4},{"damage":0,"enemies":"Transient","floor":44,"turns":6},{"damage":0,"enemies":"Nemesis","floor":46,"turns":6},{"damage":0,"enemies":"Reptomancer","floor":50,"turns":4},{"damage":0,"enemies":"4 Shapes","floor":52,"turns":5},{"damage":0,"enemies":"Writhing Mass","floor":54,"turns":3},{"damage":22,"enemies":"Donu and Deca","floor":57,"turns":6},{"damage":4,"enemies":"Awakened One","floor":58,"turns":7},{"damage":21,"enemies":"Shield and Spear","floor":62,"turns":5},{"damage":5,"enemies":"The Heart","floor":63,"turns":6}],"seed_played":"5320559601378881960","potions_obtained":[{"floor":1.0,"key":"SpeedPotion"},{"floor":6.0,"key":"DuplicationPotion"},{"floor":11.0,"key":"LiquidBronze"},{"floor":13.0,"key":"EntropicBrew"},{"floor":17.0,"key":"Dota2Spire:Clarity"},{"floor":27.0,"key":"Explosive Potion"},{"floor":36.0,"key":"Swift Potion"},{"floor":38,"key":"ColorlessPotion"}],"is_trial":false,"path_per_floor":["M","?","M","M","?","M","?","M","T","T","M","R","?","R","M","R","B",null,"R","B",null,"M","$","?","?","M","E","R","M","T","T","R","E","M","R","E","R","B",null,"M","?","M","?","M","R","E","?","R","T","E","$","M","R","M","R","R","B","B",null,"R","$","E","B",null],"character_chosen":"THE_SILENT","items_purchased":["Reflex","ClockworkSouvenir","Noxious Fumes","Mummified Hand","Blur","Tactician","BlessingOfTheForge"],"campfire_rested":2,"item_purchase_floors":[23,23,23,51,51,61,61],"current_hp_per_floor":[57,57,48,41,34,28,28,16,16,16,15,15,15,15,11,29,3,3,21,21,50,46,46,46,46,39,39,39,39,39,39,39,36,36,36,36,36,35,54,46,46,46,46,46,46,46,36,36,36,36,36,36,36,36,36,36,14,10,45,45,45,24,19],"gold":63,"neow_bonus":"BOSS_RELIC","is_daily":false,"chose_seed":false,"campfire_upgraded":11,"win_rate":0.0,"timestamp":1614242661,"path_taken":["M","?","M","M","?","M","?","M","T","T","?","R","?","R","?","R","BOSS","R","BOSS","M","$","?","?","M","E","R","M","T","T","R","E","?","R","E","R","BOSS","M","?","M","?","M","R","E","?","R","T","E","$","M","R","M","R","R","BOSS","BOSS","R","$","E","BOSS"],"items_purchased_type":["Card","Relic","Card","Relic","Card","Card","Potion"],"build_version":"2020-12-22","purchased_purges":2,"victory":true,"max_hp_per_floor":[66,60,60,60,60,60,60,60,60,60,60,60,60,60,60,60,60,60,60,60,60,60,60,60,60,60,60,60,60,60,60,60,60,60,60,60,60,60,60,60,60,60,57,57,57,57,57,57,57,57,57,57,57,57,57,57,57,57,57,57,57,57,57],"card_choices":[{"not_picked":["Calculated Gamble","Blade Dance"],"picked":"Bouncing Flask","floor":1.0},{"not_picked":["Accuracy","Deflect"],"picked":"Blade Dance","floor":3.0},{"not_picked":["Blade Dance","Dagger Throw"],"picked":"Dash","floor":4.0},{"not_picked":["Dodge and Roll","Outmaneuver"],"picked":"Noxious Fumes","floor":6.0},{"not_picked":["Eviscerate","Quick Slash"],"picked":"Backflip","floor":8.0},{"not_picked":["Skewer","Endless Agony"],"picked":"PiercingWail","floor":11.0},{"not_picked":["Heel Hook","Dodge and Roll"],"picked":"Reflex","floor":15.0},{"not_picked":["Die Die Die","Envenom"],"picked":"Malaise","floor":17.0},{"not_picked":["Malaise","Burst"],"picked":"Wraith Form v2","floor":20.0},{"not_picked":["Outmaneuver","Distraction","Flying Knee"],"picked":"SKIP","floor":22.0},{"not_picked":["Terror","Deadly Poison+1"],"picked":"Acrobatics","floor":26.0},{"not_picked":["Dodge and Roll","Skewer"],"picked":"Calculated Gamble","floor":27.0},{"not_picked":["Sucker Punch+1","Skewer","Outmaneuver"],"picked":"SKIP","floor":29.0},{"not_picked":["Bane","Outmaneuver"],"picked":"Adrenaline","floor":33.0},{"not_picked":["Flying Knee+1","Escape Plan"],"picked":"Footwork","floor":34.0},{"not_picked":["Blade Dance","Deflect+1"],"picked":"Concentrate","floor":34.0},{"not_picked":["Endless Agony","Quick Slash"],"picked":"Backflip","floor":36.0},{"not_picked":["Burst","Envenom"],"picked":"After Image","floor":38},{"not_picked":["Slice+1","Terror"],"picked":"PiercingWail","floor":40},{"not_picked":["Slice","Bane"],"picked":"Escape Plan","floor":40},{"not_picked":["Quick Slash+1","Doppelganger","Underhanded Strike+1"],"picked":"SKIP","floor":42},{"not_picked":["Poisoned Stab","Blade Dance","Heel Hook"],"picked":"SKIP","floor":42},{"not_picked":["Blade Dance","Dodge and Roll+1"],"picked":"Prepared","floor":44},{"not_picked":["Deflect","Slice","Quick Slash"],"picked":"SKIP","floor":44},{"not_picked":["Dagger Throw+1","Flying Knee+1"],"picked":"Caltrops","floor":46},{"not_picked":["Good Instincts","Secret Weapon"],"picked":"Panache","floor":47},{"not_picked":["Violence","Swift Strike+1"],"picked":"Finesse","floor":47},{"not_picked":["Discovery","Master of Strategy"],"picked":"Flash of Steel+1","floor":47},{"not_picked":["PiercingWail","Flying Knee+1","Dagger Spray+1"],"picked":"SKIP","floor":50},{"not_picked":["Caltrops","Endless Agony+1"],"picked":"Catalyst","floor":52},{"not_picked":["Flechettes+1","Dagger Throw+1","Outmaneuver+1"],"picked":"SKIP","floor":52},{"not_picked":["Deadly Poison","Prepared"],"picked":"Catalyst+1","floor":54},{"not_picked":["Blade Dance+1","Backstab+1","Terror"],"picked":"SKIP","floor":54},{"not_picked":["Deflect","Prepared+1"],"picked":"Concentrate","floor":62}],"player_experience":2517515,"relics_obtained":[{"floor":9.0,"key":"InkBottle"},{"floor":10.0,"key":"Tough Bandages"},{"floor":27.0,"key":"Smiling Mask"},{"floor":30.0,"key":"Bronze Scales"},{"floor":33.0,"key":"Prayer Wheel"},{"floor":46,"key":"Molten Egg 2"},{"floor":49,"key":"Dota2Spire:ArmletOfMordiggian"},{"floor":50,"key":"Dota2Spire:PowerTreads"},{"floor":62,"key":"Ornamental Fan"}],"event_choices":[{"damage_healed":0.0,"max_hp_gain":0.0,"max_hp_loss":6.0,"gold_gain":0.0,"event_name":"Golden Idol","player_choice":"Lose Max HP","floor":2.0,"gold_loss":0.0,"damage_taken":0.0,"relics_obtained":["Golden Idol"]},{"cards_removed":["Strike_G"],"damage_healed":0.0,"max_hp_gain":0.0,"max_hp_loss":0.0,"gold_gain":0.0,"event_name":"Golden Wing","player_choice":"Card Removal","floor":5.0,"gold_loss":0.0,"damage_taken":7.0},{"damage_healed":0.0,"max_hp_gain":0.0,"max_hp_loss":0.0,"gold_gain":0.0,"event_name":"Accursed Blacksmith","player_choice":"Forge","floor":7.0,"gold_loss":0.0,"damage_taken":0.0,"cards_upgraded":["Bouncing Flask"]},{"damage_healed":0.0,"max_hp_gain":0.0,"max_hp_loss":0.0,"gold_gain":0.0,"event_name":"Lab","player_choice":"Got Potions","floor":13.0,"gold_loss":0.0,"damage_taken":0.0},{"damage_healed":0.0,"max_hp_gain":0.0,"max_hp_loss":0.0,"gold_gain":0.0,"event_name":"Vampires","player_choice":"Ignored","floor":24.0,"gold_loss":0.0,"damage_taken":0.0},{"cards_removed":["Strike_G"],"damage_healed":0.0,"max_hp_gain":0.0,"max_hp_loss":0.0,"gold_gain":0.0,"event_name":"Bonfire Elementals","player_choice":"Offered Basic","floor":25.0,"gold_loss":0.0,"damage_taken":0.0},{"cards_removed":["Defend_G"],"damage_healed":0,"gold_gain":0,"player_choice":"Removed Skill","damage_taken":0,"max_hp_gain":0,"max_hp_loss":0,"event_name":"Falling","floor":41,"gold_loss":0},{"damage_healed":0,"gold_gain":0,"player_choice":"Max HP","damage_taken":0,"max_hp_gain":0,"max_hp_loss":3,"event_name":"Winding Halls","floor":43,"gold_loss":0},{"damage_healed":0,"gold_gain":0,"player_choice":"Memory 3","damage_taken":10,"max_hp_gain":0,"max_hp_loss":0,"event_name":"SensoryStone","floor":47,"gold_loss":0}],"is_beta":false,"boss_relics":[{"not_picked":["SlaversCollar","Runic Dome"],"picked":"Dota2Spire:RefresherOrb"},{"not_picked":["Cursed Key","Busted Crown"],"picked":"Coffee Dripper"},{"not_picked":["Snecko Eye","Sozu"],"picked":"Runic Pyramid"}],"items_purged_floors":[23,51],"is_endless":false,"potions_floor_spawned":[1,6,11,15,17,27,36,38,40,42],"ascension_level":20}}