{"host":"jvrojcijqdlksu05","time":1614234709,"event":{"mods":["BaseMod","Highlight Path","Minty Spire (QoL Compilation)","Relic Stats","StSLib"],"gold_per_floor":[112,127,139,139,155,181,181,200,200,217,233,233,258,292,292,389,389,408,588,598,615,630,630,661,681,728,828,361,371,391,416,416,511,511,522,571,25,35,35,69,69,101,101,116,116,131,160,178,178,178,178,178,5,32,32],"floor_reached":56,"language":"ENG","playtime":4582,"items_purged":["Clumsy","Defend_P","Strike_P"],"score":1589,"play_id":"6db88a83-5152-4711-b288-d118f3225763","local_time":"20210224223149","is_ascension_mode":true,"campfire_choices":[{"data":"Adaptation","floor":7,"key":"SMITH"},{"data":"Wallop","floor":15,"key":"SMITH"},{"data":"Scrawl","floor":23,"key":"SMITH"},{"data":"Meditate","floor":32,"key":"SMITH"},{"floor":45,"key":"RECALL"},{"data":"Ragnarok","floor":49,"key":"SMITH"},{"data":"Madness","floor":52,"key":"SMITH"}],"circlet_count":0,"master_deck":["Strike_P","Strike_P","Defend_P+1","Defend_P+1","Defend_P","Eruption+1","Vigilance+1","Consecrate+1","Halt+1","FlurryOfBlows","FearNoEvil","Adaptation+1","Wallop+1","Sanctity+1","Wallop","Scrawl+1","Scrawl+1","CrushJoints+1","Crescendo+1","Vault","JustLucky","Meditate+1","WaveOfTheHand+1","Vault","Wallop+1","LessonLearned+1","Madness+1","Madness+1","Ragnarok+1","Tantrum+1","JustLucky+1","Adaptation","DevaForm","SignatureMove+1"],"relics":["PureWater","Nunchaku","Lantern","Odd Mushroom","Gambling Chip","Cursed Key","Question Card","Omamori","Ice Cream","Bottled Lightning","Medical Kit","InkBottle","Pear","SlaversCollar","GoldenEye","Toolbox","Anchor","Centennial Puzzle","Singing Bowl","Akabeko","Molten Egg 2","MealTicket","Boot","War Paint"],"acts_visited":["Exordium","TheCity","TheBeyond","TheEnding"],"potions_floor_usage":[8,16,31,33,50,55,55],"damage_taken":[{"damage":1,"enemies":"Cultist","floor":1,"turns":5},{"damage":1,"enemies":"2 Louse","floor":2,"turns":2},{"damage":7,"enemies":"Small Slimes","floor":3,"turns":3},{"damage":0,"enemies":"2 Fungi Beasts","floor":5,"turns":2},{"damage":17,"enemies":"3 Sentries","floor":6,"turns":6},{"damage":0,"enemies":"Gremlin Gang","floor":8,"turns":2},{"damage":0,"enemies":"Large Slime","floor":10,"turns":4},{"damage":0,"enemies":"Looter","floor":11,"turns":1},{"damage":0,"enemies":"The Mushroom Lair","floor":13,"turns":2},{"damage":10,"enemies":"Gremlin Nob","floor":14,"turns":4},{"damage":0,"enemies":"The Guardian","floor":16,"turns":9},{"damage":0,"enemies":"Shell Parasite","floor":18,"turns":2},{"damage":0,"enemies":"2 Thieves","floor":20,"turns":2},{"damage":0,"enemies":"Snecko","floor":21,"turns":2},{"damage":0,"enemies":"Cultist and Chosen","floor":22,"turns":3},{"damage":0,"enemies":"Gremlin Leader","floor":24,"turns":2},{"damage":0,"enemies":"3 Cultists","floor":25,"turns":3},{"damage":0,"enemies":"Colosseum Slavers","floor":27,"turns":2},{"damage":0,"enemies":"Colosseum Nobs","floor":27,"turns":2},{"damage":0,"enemies":"Shelled Parasite and Fungi","floor":29,"turns":1},{"damage":0,"enemies":"Chosen and Byrds","floor":30,"turns":2},{"damage":0,"enemies":"Slavers","floor":31,"turns":1},{"damage":1,"enemies":"Automaton","floor":33,"turns":5},{"damage":0,"enemies":"Orb Walker","floor":35,"turns":2},{"damage":0,"enemies":"2 Orb Walkers","floor":36,"turns":3},{"damage":0,"enemies":"3 Darklings","floor":38,"turns":2},{"damage":0,"enemies":"Reptomancer","floor":40,"turns":4},{"damage":6,"enemies":"Nemesis","floor":42,"turns":4},{"damage":0,"enemies":"Spire Growth","floor":44,"turns":3},{"damage":5,"enemies":"Transient","floor":46,"turns":6},{"damage":0,"enemies":"Reptomancer","floor":47,"turns":1},{"damage":0,"enemies":"Jaw Worm Horde","floor":48,"turns":2},{"damage":23,"enemies":"Donu and Deca","floor":50,"turns":4},{"damage":0,"enemies":"Shield and Spear","floor":54,"turns":3},{"damage":15,"enemies":"The Heart","floor":55,"turns":5}],"seed_played":"1493131687475430834","potions_obtained":[{"floor":2,"key":"Explosive Potion"},{"floor":5,"key":"CultistPotion"},{"floor":6,"key":"BlessingOfTheForge"},{"floor":14,"key":"EssenceOfSteel"},{"floor":18,"key":"SteroidPotion"},{"floor":21,"key":"Fire Potion"},{"floor":24,"key":"PowerPotion"},{"floor":31,"key":"SpeedPotion"},{"floor":35,"key":"FearPotion"},{"floor":46,"key":"LiquidMemories"}],"is_trial":false,"path_per_floor":["M","M","M","?","M","E","R","M","T","M","M","?","?","E","R","B",null,"M","?","M","M","M","R","E","M","T","?","$","M","M","E","R","B",null,"M","?","$","M","?","E","T","E","T","M","R","M","E","M","R","B",null,"R","$","E","B",null],"character_chosen":"WATCHER","items_purchased":["Medical Kit","InkBottle","Toolbox","Anchor","Centennial Puzzle","AttackPotion"],"campfire_rested":0,"item_purchase_floors":[28,28,37,37,37,53],"current_hp_per_floor":[71,70,63,49,49,32,32,32,32,32,32,25,25,15,15,15,72,72,53,53,53,53,53,53,53,53,53,53,53,53,63,63,62,82,82,82,82,82,72,72,72,68,68,68,68,63,63,63,63,40,84,84,84,84,69],"gold":32,"neow_bonus":"RANDOM_COMMON_RELIC","is_daily":false,"chose_seed":false,"campfire_upgraded":6,"win_rate":0.0,"timestamp":1614234709,"path_taken":["M","M","M","?","M","E","R","M","T","M","M","?","?","E","R","BOSS","M","?","?","M","M","R","E","?","T","?","$","M","M","E","R","BOSS","M","?","$","M","?","E","?","E","T","M","R","M","E","M","R","BOSS","R","$","E","BOSS"],"items_purchased_type":["Relic","Relic","Relic","Relic","Relic","Potion"],"build_version":"2020-12-22","purchased_purges":3,"victory":true,"max_hp_per_floor":[72,72,72,72,72,72,72,72,72,72,72,72,72,72,72,72,72,72,72,72,72,72,72,72,72,72,72,72,72,72,82,82,82,82,82,82,82,82,82,82,82,84,84,84,84,84,84,84,84,84,84,84,84,84,84],"relic_stats":{"Singing Bowl":2,"counters":[35,106],"War Paint":["Madness","Halt"],"Cursed Key":3,"Question Card":16,"Medical Kit":[8],"GoldenEye":[38],"Boot":[29],"Nunchaku":[41],"Centennial Puzzle":[12],"Gambling Chip":[68],"MealTicket":0,"obtain_stats":[{"Ice Cream":27,"Lantern":6,"Pear":31,"Singing Bowl":40,"Omamori":26,"Odd Mushroom":13,"War Paint":54,"Cursed Key":17,"Question Card":24,"Medical Kit":28,"GoldenEye":36,"Boot":47,"Akabeko":41,"SlaversCollar":34,"Nunchaku":0,"Anchor":37,"Centennial Puzzle":37,"Gambling Chip":14,"Toolbox":37,"Molten Egg 2":42,"MealTicket":43,"Bottled Lightning":27,"PureWater":0,"InkBottle":28},{"Ice Cream":19,"Lantern":5,"Pear":22,"Singing Bowl":27,"Omamori":17,"Odd Mushroom":9,"War Paint":34,"Cursed Key":11,"Question Card":16,"Medical Kit":19,"GoldenEye":25,"Boot":31,"Akabeko":27,"SlaversCollar":23,"Nunchaku":0,"Anchor":25,"Centennial Puzzle":25,"Gambling Chip":10,"Toolbox":25,"Molten Egg 2":28,"MealTicket":28,"Bottled Lightning":19,"PureWater":0,"InkBottle":19},{"Ice Cream":58,"Lantern":18,"Pear":62,"Singing Bowl":78,"Omamori":54,"Odd Mushroom":27,"War Paint":101,"Cursed Key":40,"Question Card":51,"Medical Kit":58,"GoldenEye":72,"Boot":92,"Akabeko":78,"SlaversCollar":67,"Nunchaku":0,"Anchor":72,"Centennial Puzzle":72,"Gambling Chip":31,"Toolbox":72,"Molten Egg 2":82,"MealTicket":82,"Bottled Lightning":58,"PureWater":0,"InkBottle":58}],"InkBottle":[39]},"card_choices":[{"not_picked":["Prostrate","EmptyFist"],"picked":"Consecrate","floor":1},{"not_picked":["Crescendo","WreathOfFlame"],"picked":"Halt","floor":2},{"not_picked":["ReachHeaven","Adaptation"],"picked":"FlurryOfBlows","floor":3},{"not_picked":["JustLucky","BowlingBash"],"picked":"FearNoEvil","floor":5},{"not_picked":["Omniscience","Conclude"],"picked":"Adaptation","floor":6},{"not_picked":["FlyingSleeves","PathToVictory"],"picked":"Wallop","floor":8},{"not_picked":["CutThroughFate","Vengeance","WreathOfFlame"],"picked":"SKIP","floor":10},{"not_picked":["WindmillStrike","ConjureBlade"],"picked":"Sanctity","floor":11},{"not_picked":["FearNoEvil","BowlingBash"],"picked":"Wallop","floor":13},{"not_picked":["DeusExMachina","SpiritShield"],"picked":"Scrawl","floor":14},{"not_picked":["Establishment","Judgement"],"picked":"Scrawl","floor":16},{"not_picked":["EmptyMind","Prostrate","ReachHeaven"],"picked":"SKIP","floor":18},{"not_picked":["Crescendo","ThirdEye"],"picked":"CrushJoints+1","floor":20},{"not_picked":["ThirdEye","InnerPeace"],"picked":"Crescendo+1","floor":21},{"not_picked":["FlyingSleeves","FollowUp","Protect+1"],"picked":"SKIP","floor":22},{"not_picked":["Perseverance","Collect+1"],"picked":"Vault","floor":24},{"not_picked":["ThirdEye","FlyingSleeves","EmptyMind"],"picked":"JustLucky","floor":25},{"not_picked":["Halt","Study","JustLucky"],"picked":"Meditate","floor":27},{"not_picked":["Evaluate","SignatureMove","Vengeance","BowlingBash"],"picked":"SKIP","floor":29},{"not_picked":["EmptyFist","CrushJoints","Meditate","Prostrate+1"],"picked":"SKIP","floor":30},{"not_picked":["EmptyFist","DeceiveReality","Halt"],"picked":"WaveOfTheHand+1","floor":31},{"not_picked":["Blasphemy","Scrawl","SpiritShield"],"picked":"Vault","floor":33},{"not_picked":["ThirdEye","Consecrate+1","FlurryOfBlows+1"],"picked":"Wallop+1","floor":35},{"not_picked":["FearNoEvil+1","Halt+1","CrushJoints"],"picked":"LessonLearned","floor":38},{"not_picked":["ClearTheMind+1","SashWhip","Meditate+1"],"picked":"Ragnarok","floor":40},{"not_picked":["CutThroughFate+1","BowlingBash+1","Swivel","FollowUp+1"],"picked":"Singing Bowl","floor":42},{"not_picked":["Wallop+1","Crescendo","FollowUp+1"],"picked":"Tantrum+1","floor":44},{"not_picked":["Conclude+1","Prostrate+1","FlyingSleeves+1"],"picked":"JustLucky+1","floor":46},{"not_picked":["Meditate+1","FollowUp+1","EmptyBody"],"picked":"Adaptation","floor":47},{"not_picked":["CutThroughFate+1","BowlingBash+1","FlurryOfBlows+1"],"picked":"DevaForm","floor":48},{"not_picked":["Vengeance+1","Protect","Weave+1"],"picked":"SignatureMove+1","floor":54}],"player_experience":1353726,"relics_obtained":[{"floor":6,"key":"Lantern"},{"floor":13,"key":"Odd Mushroom"},{"floor":14,"key":"Gambling Chip"},{"floor":24,"key":"Question Card"},{"floor":26,"key":"Omamori"},{"floor":27,"key":"Ice Cream"},{"floor":27,"key":"Bottled Lightning"},{"floor":31,"key":"Pear"},{"floor":36,"key":"GoldenEye"},{"floor":40,"key":"Singing Bowl"},{"floor":41,"key":"Akabeko"},{"floor":42,"key":"Molten Egg 2"},{"floor":43,"key":"MealTicket"},{"floor":47,"key":"Boot"},{"floor":54,"key":"War Paint"}],"event_choices":[{"damage_healed":0,"gold_gain":0,"player_choice":"Entered Light","damage_taken":14,"max_hp_gain":0,"max_hp_loss":0,"event_name":"Shining Light","floor":4,"gold_loss":0,"cards_upgraded":["Defend_P","Eruption"]},{"cards_removed":["Strike_P"],"damage_healed":0,"gold_gain":0,"player_choice":"Card Removal","damage_taken":7,"max_hp_gain":0,"max_hp_loss":0,"event_name":"Golden Wing","floor":12,"gold_loss":0},{"damage_healed":0,"gold_gain":0,"player_choice":"Fought Mushrooms","damage_taken":0,"max_hp_gain":0,"max_hp_loss":0,"event_name":"Mushrooms","floor":13,"gold_loss":0},{"damage_healed":0,"gold_gain":180,"player_choice":"GOLD GOLD ","damage_taken":19,"max_hp_gain":0,"max_hp_loss":0,"event_name":"Knowing Skull","floor":19,"potions_obtained":[],"gold_loss":0,"cards_obtained":[]},{"damage_healed":0,"gold_gain":0,"player_choice":"Fight","damage_taken":0,"max_hp_gain":0,"max_hp_loss":0,"event_name":"Colosseum","floor":27,"gold_loss":0},{"damage_healed":0,"gold_gain":0,"player_choice":"Fought Nobs","damage_taken":0,"max_hp_gain":0,"max_hp_loss":0,"event_name":"Colosseum","floor":27,"gold_loss":0},{"damage_healed":0,"gold_gain":0,"player_choice":"Fight","damage_taken":0,"max_hp_gain":0,"max_hp_loss":0,"event_name":"Mysterious Sphere","floor":36,"gold_loss":0},{"damage_healed":0,"gold_gain":0,"player_choice":"Embrace Madness","damage_taken":10,"max_hp_gain":0,"max_hp_loss":0,"event_name":"Winding Halls","floor":39,"gold_loss":0,"cards_obtained":["Madness","Madness"]}],"is_beta":false,"boss_relics":[{"not_picked":["Snecko Eye","Black Star"],"picked":"Cursed Key"},{"not_picked":["SacredBark","Tiny House"],"picked":"SlaversCollar"}],"items_purged_floors":[28,37,53],"is_endless":false,"potions_floor_spawned":[2,5,6,14,18,21,22,24,27,31,35,38,46],"ascension_level":3}}