{"host":"phy652c7lim9lcu2","time":1614232360,"event":{"mods":["BaseMod","Colored Powertips","Googly Eyes","Minty Spire (QoL Compilation)","Relic Stats","Spicy Shops","StSLib","everything is the same but u backflip on backflip"],"gold_per_floor":[109,109,127,143,160,187,203,203,274,299,273,273,273,289,289,365,365,378,361,361,361,372,414,414,114,114,147,167,20,20,20,20,101,101,125,175,192,216,241,241,269,269,296,319,219,219,219,0,0,0,0,0,0,37,37,37],"floor_reached":55,"language":"ENG","playtime":1971,"items_purged":["Strike_R","Strike_R"],"score":1329,"play_id":"ee6e7082-8ada-45e9-ba65-cdab8d22f85b","local_time":"20210225155240","is_ascension_mode":true,"campfire_choices":[{"floor":8.0,"key":"REST"},{"data":"Armaments","floor":12.0,"key":"SMITH"},{"data":"Barricade","floor":15.0,"key":"SMITH"},{"floor":24.0,"key":"REST"},{"floor":30,"key":"REST"},{"floor":32,"key":"REST"},{"data":"Entrench","floor":40,"key":"SMITH"},{"data":"Entrench","floor":42,"key":"SMITH"},{"floor":47,"key":"RECALL"},{"data":"Body Slam","floor":49,"key":"SMITH"},{"data":"Impervious","floor":52,"key":"SMITH"}],"circlet_count":0,"master_deck":["AscendersBane","Defend_R","Defend_R","Defend_R","Defend_R","Bash","Juggernaut","Body Slam+1","Iron Wave","Barricade+1","Impervious+1","Armaments+1","Sentinel","Entrench+1","Impervious","Flame Barrier","Body Slam","Shrug It Off","RitualDagger","Shrug It Off","Second Wind","Body Slam","Fiend Fire","Shrug It Off","Body Slam+1","Entrench+1","Juggernaut"],"relics":["Burning Blood","Oddly Smooth Stone","Question Card","Bird Faced Urn","Sozu","CeramicFish","Gambling Chip","TheAbacus","Tiny Chest","Art of War","Empty Cage","White Beast Statue","Bronze Scales","Dream Catcher","Red Mask","Vajra"],"acts_visited":["Exordium","TheCity","TheBeyond","TheEnding"],"potions_floor_usage":[],"damage_taken":[{"damage":9.0,"enemies":"Small Slimes","floor":1.0,"turns":4.0},{"damage":6.0,"enemies":"Cultist","floor":3.0,"turns":4.0},{"damage":3.0,"enemies":"2 Louse","floor":4.0,"turns":4.0},{"damage":15.0,"enemies":"2 Fungi Beasts","floor":5.0,"turns":4.0},{"damage":35.0,"enemies":"Gremlin Nob","floor":6.0,"turns":5.0},{"damage":13.0,"enemies":"Gremlin Gang","floor":7.0,"turns":9.0},{"damage":26.0,"enemies":"3 Sentries","floor":10.0,"turns":9.0},{"damage":11.0,"enemies":"Exordium Thugs","floor":11.0,"turns":5.0},{"damage":2.0,"enemies":"Blue Slaver","floor":14.0,"turns":6.0},{"damage":28.0,"enemies":"The Guardian","floor":16.0,"turns":10.0},{"damage":17.0,"enemies":"Shell Parasite","floor":18.0,"turns":8.0},{"damage":8.0,"enemies":"2 Thieves","floor":19.0,"turns":4.0},{"damage":24.0,"enemies":"Shelled Parasite and Fungi","floor":22.0,"turns":10.0},{"damage":26.0,"enemies":"Book of Stabbing","floor":23.0,"turns":8.0},{"damage":34,"enemies":"Slavers","floor":27,"turns":9},{"damage":0,"enemies":"Snake Plant","floor":28,"turns":3},{"damage":42,"enemies":"Collector","floor":33,"turns":11},{"damage":0,"enemies":"Orb Walker","floor":35,"turns":4},{"damage":9,"enemies":"3 Darklings","floor":37,"turns":10},{"damage":0,"enemies":"Maw","floor":38,"turns":6},{"damage":0,"enemies":"Sphere and 2 Shapes","floor":39,"turns":3},{"damage":0,"enemies":"Nemesis","floor":41,"turns":7},{"damage":44,"enemies":"Donu and Deca","floor":50,"turns":12},{"damage":39,"enemies":"Shield and Spear","floor":54,"turns":8},{"damage":40,"enemies":"The Heart","floor":55,"turns":2}],"seed_played":"2557719691214887152","potions_obtained":[{"floor":3.0,"key":"DuplicationPotion"},{"floor":4.0,"key":"Ancient Potion"},{"floor":10.0,"key":"Regen Potion"},{"floor":16.0,"key":"ElixirPotion"}],"is_trial":false,"path_per_floor":["M","?","M","M","M","E","M","R","T","E","M","R","?","M","R","B",null,"M","M","?","?","M","E","R","$","T","E","M","$","R","?","R","B",null,"M","?","M","M","M","R","E","R","T","T","$","?","R","?","R","B",null,"R","$","E","B"],"character_chosen":"IRONCLAD","items_purchased":["Gambling Chip","TheAbacus","Art of War"],"campfire_rested":4,"item_purchase_floors":[25,25,29],"current_hp_per_floor":[65,54,54,57,48,19,12,34,34,14,26,26,26,30,30,12,59,52,52,52,46,32,16,38,38,38,12,20,20,42,21,45,13,63,73,73,74,80,80,80,80,80,80,80,80,76,76,76,76,38,67,67,67,36,0,0],"gold":37,"neow_bonus":"ONE_RANDOM_RARE_CARD","is_daily":false,"chose_seed":false,"campfire_upgraded":6,"win_rate":0.0,"timestamp":1614232360,"path_taken":["M","?","M","M","M","E","M","R","T","E","?","R","?","M","R","BOSS","M","M","?","?","M","E","R","$","T","E","M","$","R","?","R","BOSS","M","?","?","M","M","R","E","R","T","?","$","?","R","?","R","BOSS","R","$","E","BOSS"],"items_purchased_type":["Relic","Relic","Relic"],"build_version":"2020-12-22","purchased_purges":2,"victory":false,"max_hp_per_floor":[75,75,75,75,75,75,75,75,75,75,75,75,75,75,75,75,75,75,75,75,75,75,75,75,75,75,75,75,75,75,80,80,80,80,80,80,80,80,80,80,80,80,80,80,80,76,76,76,76,76,76,76,76,76,76,76],"relic_stats":{"counters":[25,165],"CeramicFish":63,"Question Card":17,"Burning Blood":128,"Sozu":6,"Dream Catcher":0,"TheAbacus":[72],"Bird Faced Urn":[44],"Gambling Chip":[39],"Bronze Scales":[111],"Tiny Chest":1,"Art of War":[17],"obtain_stats":[{"CeramicFish":23,"Oddly Smooth Stone":6,"Vajra":54,"Question Card":9,"Empty Cage":34,"Burning Blood":0,"White Beast Statue":41,"Sozu":17,"Dream Catcher":44,"TheAbacus":25,"Bird Faced Urn":10,"Gambling Chip":25,"Bronze Scales":43,"Tiny Chest":27,"Art of War":29,"Red Mask":48},{"CeramicFish":14,"Oddly Smooth Stone":5,"Vajra":24,"Question Card":6,"Empty Cage":17,"Burning Blood":0,"White Beast Statue":22,"Sozu":10,"Dream Catcher":22,"TheAbacus":14,"Bird Faced Urn":7,"Gambling Chip":14,"Bronze Scales":22,"Tiny Chest":15,"Art of War":16,"Red Mask":22},{"CeramicFish":90,"Oddly Smooth Stone":21,"Vajra":163,"Question Card":30,"Empty Cage":113,"Burning Blood":0,"White Beast Statue":143,"Sozu":60,"Dream Catcher":143,"TheAbacus":90,"Bird Faced Urn":39,"Gambling Chip":90,"Bronze Scales":143,"Tiny Chest":99,"Art of War":102,"Red Mask":143}]},"card_choices":[{"not_picked":["Anger","Headbutt"],"picked":"Body Slam","floor":1.0},{"not_picked":["Headbutt","Perfected Strike"],"picked":"Iron Wave","floor":3.0},{"not_picked":["Sword Boomerang","Shrug It Off"],"picked":"Barricade","floor":4.0},{"not_picked":["Shockwave","Sword Boomerang","Warcry"],"picked":"SKIP","floor":5.0},{"not_picked":["Disarm","Sword Boomerang"],"picked":"Impervious","floor":6.0},{"not_picked":["Sever Soul","Searing Blow","Clothesline"],"picked":"SKIP","floor":7.0},{"not_picked":["True Grit","Bloodletting","Headbutt","Evolve"],"picked":"SKIP","floor":10.0},{"not_picked":["Clothesline","Flex","Clash"],"picked":"Armaments","floor":11.0},{"not_picked":["Clash","Pommel Strike","Shrug It Off"],"picked":"Entrench","floor":14.0},{"not_picked":["Juggernaut","Exhume","Demon Form"],"picked":"Impervious","floor":16.0},{"not_picked":["Searing Blow","Pommel Strike","Flex"],"picked":"Flame Barrier","floor":18.0},{"not_picked":["Thunderclap+1","Double Tap","Clash"],"picked":"Body Slam","floor":19.0},{"not_picked":["Perfected Strike","Anger","Iron Wave"],"picked":"Shrug It Off","floor":22.0},{"not_picked":["Sentinel","Combust+1","Feed"],"picked":"Second Wind","floor":23.0},{"not_picked":["Armaments","Twin Strike","Cleave+1","Dropkick+1"],"picked":"SKIP","floor":27},{"not_picked":["Clash","Blood for Blood","Havoc"],"picked":"Body Slam","floor":28},{"not_picked":["Barricade","Limit Break","Double Tap"],"picked":"Fiend Fire","floor":33},{"not_picked":["Flex+1","Clash","True Grit"],"picked":"Shrug It Off","floor":35},{"not_picked":["Perfected Strike","Thunderclap","Rage","Seeing Red+1"],"picked":"SKIP","floor":37},{"not_picked":["Havoc","Clash","Reaper"],"picked":"Body Slam+1","floor":38},{"not_picked":["Feel No Pain","Twin Strike+1","Pommel Strike+1"],"picked":"Entrench","floor":39},{"not_picked":["Perfected Strike","Iron Wave","Power Through+1","Cleave+1"],"picked":"SKIP","floor":41},{"not_picked":["Twin Strike","Shrug It Off","Sentinel"],"picked":"Juggernaut","floor":54}],"player_experience":361137,"relics_obtained":[{"floor":6.0,"key":"Oddly Smooth Stone"},{"floor":9.0,"key":"Question Card"},{"floor":10.0,"key":"Bird Faced Urn"},{"floor":23.0,"key":"CeramicFish"},{"floor":27,"key":"Tiny Chest"},{"floor":41,"key":"White Beast Statue"},{"floor":43,"key":"Bronze Scales"},{"floor":44,"key":"Dream Catcher"},{"floor":54,"key":"Vajra"}],"event_choices":[{"damage_healed":0.0,"max_hp_gain":0.0,"max_hp_loss":0.0,"gold_gain":0.0,"event_name":"Wheel of Change","player_choice":"Damaged","floor":2.0,"gold_loss":0.0,"damage_taken":11.0},{"damage_healed":0.0,"max_hp_gain":0.0,"max_hp_loss":0.0,"gold_gain":0.0,"cards_transformed":["Strike_R"],"event_name":"Transmorgrifier","player_choice":"Transformed","floor":13.0,"gold_loss":0.0,"damage_taken":0.0,"cards_obtained":["Sentinel"]},{"damage_healed":0.0,"max_hp_gain":0.0,"max_hp_loss":0.0,"gold_gain":0.0,"event_name":"The Library","player_choice":"Read","floor":20.0,"gold_loss":0.0,"damage_taken":0.0,"cards_obtained":["Shrug It Off"]},{"damage_healed":0.0,"max_hp_gain":0.0,"max_hp_loss":0.0,"gold_gain":0.0,"event_name":"Nest","player_choice":"Joined the Cult","floor":21.0,"gold_loss":0.0,"damage_taken":6.0,"cards_obtained":["RitualDagger"]},{"damage_healed":0,"gold_gain":0,"player_choice":"Shed Blood","damage_taken":26,"max_hp_gain":5,"max_hp_loss":0,"event_name":"Forgotten Altar","floor":31,"gold_loss":0},{"damage_healed":0,"gold_gain":50,"player_choice":"Pray","damage_taken":0,"max_hp_gain":0,"max_hp_loss":0,"event_name":"Golden Shrine","floor":36,"gold_loss":0},{"damage_healed":0,"gold_gain":0,"player_choice":"Max HP","damage_taken":0,"max_hp_gain":0,"max_hp_loss":4,"event_name":"Winding Halls","floor":46,"gold_loss":0},{"damage_healed":0,"gold_gain":0,"player_choice":"Paid","damage_taken":0,"relics_obtained":["Red Mask"],"max_hp_gain":0,"max_hp_loss":0,"event_name":"Tomb of Lord Red Mask","floor":48,"gold_loss":219}],"is_beta":false,"boss_relics":[{"not_picked":["Runic Cube","Black Star"],"picked":"Sozu"},{"not_picked":["Fusion Hammer","Philosopher\u0027s Stone"],"picked":"Empty Cage"}],"items_purged_floors":[25,45],"is_endless":false,"potions_floor_spawned":[3,4,10,16,19,22,28,35,41,54],"killed_by":"The Heart","ascension_level":15}}