{"host":"jrcac014xe3tcpok","time":1614278679,"event":{"mods":["Act Like it!","Aspiration","BaseMod","Beaked The Cultist","BetterRewards","Colored Map","Conspire","Downfall","Gensokyo","Halation","Hermit","Infinite Spire","Jorbs\u0027s Wanderer Trilogy","Minty Spire (QoL Compilation)","Replay The Spire","StSLib","The Construct","The Cursed","The Hierophant","The Jungle","The Mystic","The Runesmith"],"gold_per_floor":[116,116,133,133,208,241,90,90,142,142,153,182,199,199,199,199,199],"floor_reached":16,"language":"ENG","playtime":921,"items_purged":[],"score":108,"play_id":"11e2e14a-1c9c-428e-ac39-ca01f6f604ed","local_time":"20210225124439","is_ascension_mode":false,"campfire_choices":[{"floor":8,"key":"REST"},{"data":"infinitespire:TheBestDefense","floor":15,"key":"SMITH"}],"circlet_count":0,"master_deck":["mysticmod:Strike_Mystic+1","mysticmod:Strike_Mystic","mysticmod:Strike_Mystic+1","mysticmod:Strike_Mystic","mysticmod:Defend_Mystic","mysticmod:Defend_Mystic","mysticmod:Defend_Mystic","mysticmod:Defend_Mystic","mysticmod:ArcaneDodge","mysticmod:ShockingGrasp","Deep Breath","mysticmod:ChargedParry","mysticmod:StyleChange","infinitespire:TheBestDefense+1","mysticmod:FloatingDisk","Pot Of Greed","Pot Of Greed","mysticmod:LightningBolt","mysticmod:ComponentsPouch"],"relics":["mysticmod:SpellBook","Strawberry","Grinning Jar","Boot","halation:KoshaPiece"],"acts_visited":["Exordium"],"potions_floor_usage":[6,12,13],"damage_taken":[{"damage":2,"enemies":"Jaw Worm","floor":1,"turns":5},{"damage":0,"enemies":"2 Louse","floor":3,"turns":2},{"damage":43,"enemies":"Gremlin Nob","floor":6,"turns":7},{"damage":2,"enemies":"Small Slimes","floor":11,"turns":3},{"damage":4,"enemies":"3 Sentries","floor":12,"turns":6},{"damage":1,"enemies":"2 Fungi Beasts","floor":13,"turns":5},{"damage":17,"enemies":"Slime Boss","floor":16,"turns":3}],"seed_played":"3237882361427297031","potions_obtained":[{"floor":3,"key":"Weak Potion"},{"floor":11,"key":"DuplicationPotion"},{"floor":12,"key":"PowerPotion"}],"is_trial":false,"path_per_floor":["M","?","M","?","?","E","$","R","T","?","M","E","M","?","R","B"],"character_chosen":"MYSTIC_CLASS","items_purchased":["Grinning Jar"],"campfire_rested":1,"item_purchase_floors":[7],"current_hp_per_floor":[75,80,80,60,49,13,13,39,39,39,37,33,32,14,14,0,0],"gold":199,"neow_bonus":"RANDOM_COLORLESS","is_daily":false,"chose_seed":false,"campfire_upgraded":1,"win_rate":0.0,"timestamp":1614278679,"path_taken":["M","?","M","?","?","E","$","R","T","?","M","E","?","?","R","BOSS"],"items_purchased_type":["Relic"],"build_version":"2020-12-22","purchased_purges":0,"victory":false,"max_hp_per_floor":[77,82,82,82,82,89,89,89,89,89,89,89,89,89,89,89,89],"card_choices":[{"not_picked":["conspire:Banana","Purity"],"picked":"Deep Breath","floor":0},{"not_picked":["mysticmod:DiviningBlow","mysticmod:BladedDash"],"picked":"mysticmod:ChargedParry","floor":1},{"not_picked":["mysticmod:DiviningBlow","mysticmod:SpellCombat"],"picked":"mysticmod:StyleChange","floor":3},{"not_picked":["infinitespire:SevenWalls","infinitespire:Menacing"],"picked":"infinitespire:TheBestDefense","floor":4},{"not_picked":["mysticmod:BulkUp","mysticmod:Daze"],"picked":"mysticmod:FloatingDisk","floor":6},{"not_picked":["mysticmod:Grapple","mysticmod:ComponentsPouch"],"picked":"mysticmod:LightningBolt","floor":11},{"not_picked":["mysticmod:Daze","mysticmod:TomeOfSpells"],"picked":"mysticmod:ComponentsPouch","floor":12},{"not_picked":["mysticmod:Disengage","mysticmod:StyleChange","mysticmod:PunishingArmor"],"picked":"SKIP","floor":13}],"player_experience":392217,"relics_obtained":[{"floor":6,"key":"Strawberry"},{"floor":9,"key":"Boot"},{"floor":12,"key":"halation:KoshaPiece"}],"event_choices":[{"damage_healed":0,"gold_gain":0,"player_choice":"Donut","damage_taken":0,"max_hp_gain":5,"max_hp_loss":0,"event_name":"Big Fish","floor":2,"gold_loss":0},{"damage_healed":0,"gold_gain":75,"player_choice":"Gather Gold","damage_taken":11,"max_hp_gain":0,"max_hp_loss":0,"event_name":"World of Goop","floor":5,"gold_loss":0},{"damage_healed":0,"gold_gain":0,"player_choice":"Entered Light","damage_taken":18,"max_hp_gain":0,"max_hp_loss":0,"event_name":"Shining Light","floor":14,"gold_loss":0,"cards_upgraded":["mysticmod:Strike_Mystic","mysticmod:Strike_Mystic"]}],"is_beta":false,"boss_relics":[],"items_purged_floors":[],"is_endless":false,"potions_floor_spawned":[3,11,12],"killed_by":"Slime Boss","ascension_level":0}}