{"host":"g6de5jjas85bb8qt","time":1614286710,"event":{"mods":["2.2 Compatiblity","BaseMod","BetterRewards","Colored Map","Minty Spire (QoL Compilation)","StSLib","The Animator","The Marked"],"gold_per_floor":[113,113,113,127,54,54,81,81,81,91,110,110,10,37,37,138,138,155,145,145,157,157,182,182,33,80,5,5,5,5,30,30,128,128,140,153,153,6,6,31,31,57,57,0,18,18,18,66,66,66],"floor_reached":51,"language":"ENG","playtime":2025,"items_purged":["Strike_G","Defend_G"],"score":1045,"play_id":"b5bd894a-e6c7-4579-aeb7-f3d444262b7c","local_time":"20210225225830","is_ascension_mode":false,"campfire_choices":[{"data":"Calculated Gamble","floor":6,"key":"SMITH"},{"data":"Neutralize","floor":8,"key":"SMITH"},{"floor":15,"key":"REST"},{"data":"Envenom","floor":24,"key":"SMITH"},{"floor":29,"key":"REST"},{"data":"Adrenaline","floor":32,"key":"SMITH"},{"floor":41,"key":"REST"},{"data":"Accuracy","floor":46,"key":"SMITH"},{"floor":49,"key":"REST"}],"circlet_count":0,"master_deck":["Defend_G","Defend_G+1","Survivor","Neutralize+1","Infinite Blades+1","Accuracy+1","Infinite Blades","Blur","Envenom+1","Adrenaline+1","Bite","Bite+1","Bite","Bite","Blur","Adrenaline+1","Footwork"],"relics":["Ring of the Snake","Oddly Smooth Stone","Chemical X","Lantern","Omamori","Regal Pillow","PreservedInsect","Pocketwatch","HoveringKite","Whetstone","MealTicket","Smiling Mask","Orichalcum","Sozu","TwistedFunnel","Art of War","Juzu Bracelet","War Paint","Red Mask","StoneCalendar"],"acts_visited":["Exordium","TheCity","TheBeyond"],"potions_floor_usage":[14,16,19,23,31,50],"damage_taken":[{"damage":0,"enemies":"Jaw Worm","floor":1,"turns":4},{"damage":0,"enemies":"Cultist","floor":4,"turns":4},{"damage":3,"enemies":"Lagavulin","floor":7,"turns":8},{"damage":0,"enemies":"Small Slimes","floor":10,"turns":4},{"damage":4,"enemies":"Exordium Thugs","floor":11,"turns":5},{"damage":12,"enemies":"3 Sentries","floor":14,"turns":6},{"damage":0,"enemies":"Hexaghost","floor":16,"turns":9},{"damage":0,"enemies":"Shell Parasite","floor":18,"turns":5},{"damage":11,"enemies":"2 Thieves","floor":19,"turns":4},{"damage":27,"enemies":"Snecko","floor":21,"turns":7},{"damage":48,"enemies":"Gremlin Leader","floor":23,"turns":9},{"damage":4,"enemies":"Book of Stabbing","floor":31,"turns":7},{"damage":11,"enemies":"Automaton","floor":33,"turns":12},{"damage":5,"enemies":"Orb Walker","floor":35,"turns":4},{"damage":7,"enemies":"3 Darklings","floor":36,"turns":7},{"damage":32,"enemies":"Nemesis","floor":40,"turns":7},{"damage":9,"enemies":"Giant Head","floor":42,"turns":8},{"damage":0,"enemies":"Maw","floor":45,"turns":8},{"damage":57,"enemies":"2 Orb Walkers","floor":48,"turns":6},{"damage":45,"enemies":"Donu and Deca","floor":50,"turns":16}],"seed_played":"8049344103246493382","potions_obtained":[{"floor":1,"key":"DistilledChaos"},{"floor":7,"key":"Poison Potion"},{"floor":11,"key":"FearPotion"},{"floor":14,"key":"PowerPotion"},{"floor":19,"key":"Ancient Potion"},{"floor":23,"key":"Dexterity Potion"},{"floor":31,"key":"GhostInAJar"}],"is_trial":false,"path_per_floor":["M","?","?","M","$","R","E","R","T","M","M","?","$","E","R","B",null,"M","M","?","M","?","E","R","$","T","?","?","R","$","E","R","B",null,"M","M","?","$","?","E","R","E","T","?","M","R","?","?","R","B",null],"character_chosen":"THE_SILENT","items_purchased":["Oddly Smooth Stone","Chemical X","Lantern","Infinite Blades","Omamori","Accuracy","Blur","MealTicket","TwistedFunnel"],"campfire_rested":4,"item_purchase_floors":[0,0,0,0,0,0,5,25,38],"current_hp_per_floor":[38,31,31,31,31,31,28,28,28,28,24,24,24,12,48,48,70,70,59,49,33,33,11,11,11,11,11,11,40,49,49,49,49,49,49,49,49,49,47,20,47,43,43,43,47,47,47,2,31,27],"gold":66,"neow_bonus":"","is_daily":false,"chose_seed":false,"campfire_upgraded":5,"win_rate":0.0,"timestamp":1614286710,"path_taken":["M","?","?","M","?","R","E","R","T","M","?","?","?","E","R","BOSS","M","M","?","M","?","E","R","$","T","?","?","R","$","E","R","BOSS","M","M","?","$","?","E","R","E","T","?","M","R","?","?","R","BOSS"],"items_purchased_type":["Relic","Relic","Relic","Card","Relic","Card","Card","Relic","Relic"],"build_version":"2020-12-22","purchased_purges":2,"victory":true,"max_hp_per_floor":[70,70,70,70,70,70,70,70,70,70,70,70,70,70,70,70,70,70,70,49,49,49,49,49,49,49,49,49,49,49,49,49,49,49,49,49,49,49,47,47,47,47,47,47,47,47,47,47,47,47],"card_choices":[{"not_picked":["Dagger Spray","Underhanded Strike"],"picked":"Calculated Gamble","floor":1},{"not_picked":["Setup","Dash"],"picked":"Infinite Blades","floor":4},{"not_picked":["Caltrops","Dagger Spray","Underhanded Strike"],"picked":"SKIP","floor":7},{"not_picked":["Dagger Spray","Sucker Punch","Backstab"],"picked":"SKIP","floor":10},{"not_picked":["Expertise","Leg Sweep","Bane"],"picked":"SKIP","floor":11},{"not_picked":["Crippling Poison","Prepared"],"picked":"Envenom","floor":14},{"not_picked":["Wraith Form v2","Venomology"],"picked":"Adrenaline","floor":16},{"not_picked":["Dodge and Roll","Slice","Bane"],"picked":"SKIP","floor":18},{"not_picked":["Underhanded Strike","Slice","Prepared"],"picked":"SKIP","floor":19},{"not_picked":["Deflect","Sucker Punch","Masterful Stab+1"],"picked":"SKIP","floor":21},{"not_picked":["Terror","Quick Slash","Sucker Punch"],"picked":"SKIP","floor":23},{"not_picked":["Dagger Spray","Outmaneuver","PiercingWail+1"],"picked":"SKIP","floor":31},{"not_picked":["A Thousand Cuts","Grand Finale"],"picked":"Adrenaline","floor":33},{"not_picked":["Sucker Punch+1","Deadly Poison","Masterful Stab+1"],"picked":"SKIP","floor":35},{"not_picked":["Deadly Poison","Backstab","Slice+1"],"picked":"SKIP","floor":36},{"not_picked":["Outmaneuver","Sucker Punch+1","Eviscerate"],"picked":"SKIP","floor":40},{"not_picked":["Riddle With Holes","Bane","Reflex"],"picked":"SKIP","floor":42},{"not_picked":["Dagger Throw","Well Laid Plans+1","Poisoned Stab+1"],"picked":"SKIP","floor":45},{"not_picked":["Underhanded Strike","Concentrate"],"picked":"Footwork","floor":48}],"player_experience":456869,"relics_obtained":[{"floor":7,"key":"Regal Pillow"},{"floor":9,"key":"PreservedInsect"},{"floor":14,"key":"Pocketwatch"},{"floor":23,"key":"Whetstone"},{"floor":26,"key":"Smiling Mask"},{"floor":31,"key":"Orichalcum"},{"floor":40,"key":"Art of War"},{"floor":42,"key":"Juzu Bracelet"},{"floor":43,"key":"War Paint"},{"floor":48,"key":"StoneCalendar"}],"event_choices":[{"cards_removed":["Strike_G"],"damage_healed":0,"gold_gain":0,"player_choice":"Card Removal","damage_taken":7,"max_hp_gain":0,"max_hp_loss":0,"event_name":"Golden Wing","floor":2,"gold_loss":0},{"damage_healed":0,"gold_gain":0,"player_choice":"Grow","damage_taken":0,"max_hp_gain":0,"max_hp_loss":0,"event_name":"Living Wall","floor":3,"gold_loss":0,"cards_upgraded":["Infinite Blades"]},{"cards_removed":["Defend_G"],"damage_healed":0,"gold_gain":0,"player_choice":"Purged","damage_taken":0,"max_hp_gain":0,"max_hp_loss":0,"event_name":"Purifier","floor":12,"gold_loss":0},{"damage_healed":0,"gold_gain":0,"player_choice":"Became a vampire","damage_taken":0,"max_hp_gain":0,"max_hp_loss":21,"event_name":"Vampires","floor":20,"gold_loss":0,"cards_obtained":["Bite","Bite","Bite","Bite","Bite"]},{"damage_healed":0,"gold_gain":0,"player_choice":"Ignored","damage_taken":0,"max_hp_gain":0,"max_hp_loss":0,"event_name":"The Mausoleum","floor":22,"gold_loss":0},{"cards_removed":["Defend_G"],"damage_healed":0,"gold_gain":0,"player_choice":"Gave Gold","damage_taken":0,"max_hp_gain":0,"max_hp_loss":0,"event_name":"Beggar","floor":27,"gold_loss":75},{"damage_healed":0,"gold_gain":0,"player_choice":"Copied","damage_taken":0,"max_hp_gain":0,"max_hp_loss":0,"event_name":"Duplicator","floor":28,"gold_loss":0,"cards_obtained":["Blur"]},{"cards_removed":["Bite"],"damage_healed":0,"gold_gain":0,"player_choice":"Removed Attack","damage_taken":0,"max_hp_gain":0,"max_hp_loss":0,"event_name":"Falling","floor":37,"gold_loss":0},{"damage_healed":0,"gold_gain":0,"player_choice":"Max HP","damage_taken":0,"max_hp_gain":0,"max_hp_loss":2,"event_name":"Winding Halls","floor":39,"gold_loss":0},{"damage_healed":0,"gold_gain":0,"player_choice":"Paid","damage_taken":0,"relics_obtained":["Red Mask"],"max_hp_gain":0,"max_hp_loss":0,"event_name":"Tomb of Lord Red Mask","floor":44,"gold_loss":57},{"cards_removed":["Calculated Gamble"],"damage_healed":0,"gold_gain":0,"player_choice":"Offered Uncommon","damage_taken":0,"max_hp_gain":0,"max_hp_loss":0,"event_name":"Bonfire Elementals","floor":47,"gold_loss":0},{"damage_healed":0,"gold_gain":0,"player_choice":"Fight","damage_taken":0,"max_hp_gain":0,"max_hp_loss":0,"event_name":"Mysterious Sphere","floor":48,"gold_loss":0}],"is_beta":false,"boss_relics":[{"not_picked":["Philosopher\u0027s Stone","Runic Dome"],"picked":"HoveringKite"},{"not_picked":["Pandora\u0027s Box","Cursed Key"],"picked":"Sozu"}],"items_purged_floors":[0,13],"is_endless":false,"potions_floor_spawned":[1,7,11,14,19,23,31,35,42,45,48],"ascension_level":0}}