{"host":"pi8b3ffzwvxqztac","time":1614249318,"event":{"mods":["BaseMod","Colored Map","Custom Start","Downfall","Minty Spire (QoL Compilation)","StSLib"],"gold_per_floor":[110,41,59,73,87,87,113,113,113,113,147,77,89,108,108,204,204,214,227,247,247,266,266,298,298,372,398,418,436,62,62,62,162,162,173,193,205,216,236,269,269,75,75,0,14,41,41,91,91,195,195,207,223,242,258,258,258,293,293,346,346,376,356,3,17,17,120,120,139,139,156,170,170,201,201,230,260,20,31,31,50,65,65,170,170,180,280,293,310,322,332,332,98,123,123,154,154,186,186,186,282,282,293,317,382,395,395,395,424,424,451,11,39,57,72,84,84,189,189,189],"floor_reached":119,"language":"ENG","playtime":5086,"items_purged":[],"score":4516,"play_id":"fe81b05f-ca83-41e3-8b40-ed0941539401","local_time":"20210225233518","daily_mods":["Uncertain Future"],"is_ascension_mode":true,"campfire_choices":[{"data":"Backflip","floor":6,"key":"SMITH"},{"data":"Accuracy","floor":8,"key":"SMITH"},{"data":"Infinite Blades","floor":15,"key":"SMITH"},{"data":"After Image","floor":23,"key":"SMITH"},{"data":"Cloak And Dagger","floor":25,"key":"SMITH"},{"floor":32,"key":"REST"},{"data":"After Image","floor":41,"key":"SMITH"},{"data":"Adrenaline","floor":47,"key":"SMITH"},{"data":"Envenom","floor":49,"key":"SMITH"},{"data":"Backflip","floor":57,"key":"SMITH"},{"data":"Caltrops","floor":59,"key":"SMITH"},{"data":"Noxious Fumes","floor":66,"key":"SMITH"},{"data":"Accuracy","floor":75,"key":"SMITH"},{"data":"Footwork","floor":83,"key":"SMITH"},{"data":"Catalyst","floor":92,"key":"SMITH"},{"data":"Envenom","floor":97,"key":"SMITH"},{"data":"Footwork","floor":100,"key":"SMITH"},{"floor":108,"key":"REST"},{"floor":110,"key":"REST"},{"floor":117,"key":"REST"}],"circlet_count":0,"master_deck":["Cloak And Dagger+1","Cloak And Dagger+1","Cloak And Dagger+1","Cloak And Dagger+1","Cloak And Dagger+1","Bouncing Flask+1","Bouncing Flask+1","Catalyst+1","Catalyst+1","Catalyst+1","Footwork+1","After Image+1","Envenom+1","Noxious Fumes+1","Noxious Fumes+1","Accuracy+1","Backflip+1","Accuracy+1","Infinite Blades+1","Backflip+1","Cloak And Dagger+1","After Image+1","Caltrops+1","Infinite Blades+1","Infinite Blades+1","Accuracy+1","Accuracy+1","Adrenaline+1","Cloak And Dagger+1","Blur+1","After Image+1","Cloak And Dagger+1","Envenom+1","Accuracy+1","Noxious Fumes+1","Footwork+1","Footwork+1","After Image+1","Catalyst+1","Envenom+1","Cloak And Dagger+1","CurseOfTheBell"],"relics":["Ring of the Serpent","Mummified Hand","Happy Flower","The Courier","Bottled Tornado","Ornamental Fan","Oddly Smooth Stone","Kunai","MealTicket","Nloth\u0027s Gift","SlaversCollar","Juzu Bracelet","bronze:DecasWashers","Ninja Scroll","Red Mask","StrikeDummy","Calipers","Busted Crown","Blue Candle","hexamod:BolsterEngine","Lee\u0027s Waffle","expansioncontent:StudyCardRelic","PreservedInsect","Medical Kit","Runic Dome","Slimebound:StickyStick","Chemical X","Calling Bell","Akabeko","Paper Crane","Turnip","Odd Mushroom","Toy Ornithopter","OrangePellets","Gremlin Horn","Snake Skull","SacredBark"],"acts_visited":["Exordium","TheCity","TheBeyond","Exordium","TheCity","TheBeyond","Exordium","TheCity"],"potions_floor_usage":[19,19,29,36,37,38,55,76,84,86,94,98,101,101,113,116],"damage_taken":[{"damage":0,"enemies":"Cultist","floor":1,"turns":3},{"damage":0,"enemies":"Small Slimes","floor":3,"turns":2},{"damage":0,"enemies":"Jaw Worm","floor":4,"turns":2},{"damage":0,"enemies":"Red Slaver","floor":5,"turns":1},{"damage":0,"enemies":"Lagavulin","floor":7,"turns":3},{"damage":0,"enemies":"Gremlin Nob","floor":11,"turns":2},{"damage":0,"enemies":"3 Louse","floor":13,"turns":1},{"damage":0,"enemies":"Lots of Slimes","floor":14,"turns":2},{"damage":0,"enemies":"Slime Boss","floor":16,"turns":2},{"damage":0,"enemies":"Shell Parasite","floor":18,"turns":2},{"damage":0,"enemies":"2 Thieves","floor":19,"turns":3},{"damage":0,"enemies":"Snecko","floor":20,"turns":2},{"damage":0,"enemies":"Cultist and Chosen","floor":22,"turns":3},{"damage":5,"enemies":"Book of Stabbing","floor":24,"turns":4},{"damage":20,"enemies":"Slavers","floor":27,"turns":3},{"damage":0,"enemies":"Snake Plant","floor":28,"turns":2},{"damage":12,"enemies":"Centurion and Healer","floor":29,"turns":3},{"damage":5,"enemies":"Champ","floor":33,"turns":4},{"damage":11,"enemies":"3 Shapes","floor":35,"turns":3},{"damage":0,"enemies":"Orb Walker","floor":36,"turns":2},{"damage":7,"enemies":"4 Shapes","floor":37,"turns":4},{"damage":0,"enemies":"Sphere and 2 Shapes","floor":38,"turns":3},{"damage":18,"enemies":"Writhing Mass","floor":39,"turns":3},{"damage":0,"enemies":"Nemesis","floor":40,"turns":3},{"damage":0,"enemies":"Transient","floor":45,"turns":5},{"damage":0,"enemies":"Giant Head","floor":46,"turns":3},{"damage":0,"enemies":"2 Orb Walkers","floor":48,"turns":3},{"damage":17,"enemies":"Time Eater","floor":50,"turns":5},{"damage":0,"enemies":"Small Slimes","floor":52,"turns":2},{"damage":0,"enemies":"Cultist","floor":53,"turns":2},{"damage":0,"enemies":"2 Louse","floor":54,"turns":2},{"damage":0,"enemies":"Exordium Wildlife","floor":55,"turns":2},{"damage":0,"enemies":"3 Sentries","floor":58,"turns":3},{"damage":0,"enemies":"Lagavulin","floor":62,"turns":3},{"damage":0,"enemies":"Large Slime","floor":65,"turns":3},{"damage":0,"enemies":"Slime Boss","floor":67,"turns":4},{"damage":0,"enemies":"Shell Parasite","floor":69,"turns":3},{"damage":0,"enemies":"3 Byrds","floor":71,"turns":3},{"damage":0,"enemies":"Snake Plant","floor":72,"turns":3},{"damage":11,"enemies":"Book of Stabbing","floor":74,"turns":4},{"damage":0,"enemies":"Gremlin Leader","floor":76,"turns":3},{"damage":0,"enemies":"Book of Stabbing","floor":77,"turns":3},{"damage":0,"enemies":"Centurion and Healer","floor":79,"turns":3},{"damage":0,"enemies":"3 Cultists","floor":81,"turns":3},{"damage":0,"enemies":"Sentry and Sphere","floor":82,"turns":3},{"damage":0,"enemies":"Automaton","floor":84,"turns":5},{"damage":4,"enemies":"3 Darklings","floor":86,"turns":3},{"damage":0,"enemies":"Orb Walker","floor":88,"turns":3},{"damage":2,"enemies":"4 Shapes","floor":89,"turns":3},{"damage":0,"enemies":"Jaw Worm Horde","floor":90,"turns":3},{"damage":0,"enemies":"3 Darklings","floor":91,"turns":3},{"damage":0,"enemies":"Giant Head","floor":94,"turns":4},{"damage":0,"enemies":"Nemesis","floor":96,"turns":3},{"damage":0,"enemies":"Reptomancer","floor":98,"turns":4},{"damage":0,"enemies":"Awakened One","floor":101,"turns":7},{"damage":0,"enemies":"2 Louse","floor":103,"turns":2},{"damage":0,"enemies":"The Mushroom Lair","floor":104,"turns":3},{"damage":0,"enemies":"Gremlin Nob","floor":105,"turns":3},{"damage":0,"enemies":"Jaw Worm","floor":106,"turns":2},{"damage":0,"enemies":"Lagavulin","floor":109,"turns":3},{"damage":0,"enemies":"Gremlin Nob","floor":111,"turns":3},{"damage":0,"enemies":"Lagavulin","floor":113,"turns":3},{"damage":0,"enemies":"Cultist","floor":114,"turns":3},{"damage":0,"enemies":"2 Fungi Beasts","floor":115,"turns":2},{"damage":0,"enemies":"Looter","floor":116,"turns":3},{"damage":55,"enemies":"Hexaghost","floor":118,"turns":5}],"seed_played":"6449437290364591650","potions_obtained":[{"floor":1,"key":"Fire Potion"},{"floor":5,"key":"SmokeBomb"},{"floor":7,"key":"champ:CounterPotion"},{"floor":13,"key":"Fire Potion"},{"floor":20,"key":"SkillPotion"},{"floor":24,"key":"BlessingOfTheForge"},{"floor":28,"key":"ColorlessPotion"},{"floor":33,"key":"GhostInAJar"},{"floor":36,"key":"PowerPotion"},{"floor":39,"key":"ColorlessPotion"},{"floor":48,"key":"SkillPotion"},{"floor":50,"key":"LiquidMemories"},{"floor":54,"key":"Swift Potion"},{"floor":63,"key":"BlessingOfTheForge"},{"floor":65,"key":"CultistPotion"},{"floor":76,"key":"sneckomod:MuddlingPotion"},{"floor":79,"key":"Fire Potion"},{"floor":82,"key":"PowerPotion"},{"floor":84,"key":"bronze:BurnAndBuffPotion"},{"floor":86,"key":"Fruit Juice"},{"floor":90,"key":"hexamod:SoulburnPotion"},{"floor":96,"key":"SneckoOil"},{"floor":98,"key":"SkillPotion"},{"floor":101,"key":"Dexterity Potion"},{"floor":103,"key":"GhostInAJar"},{"floor":111,"key":"Strength Potion"},{"floor":113,"key":"SpeedPotion"},{"floor":115,"key":"BlessingOfTheForge"},{"floor":116,"key":"LiquidMemories"}],"is_trial":true,"path_per_floor":["M","$","M","M","M","R","E","R","T","?","E","$","M","M","R","B",null,"M","M","M","?","M","R","E","R","T","E","M","M","$","?","R","B",null,"M","M","M","M","M","E","R","$","T","?","M","E","R","?","R","B",null,"M","M","M","M","?","R","E","R","T","?","E","?","$","M","R","B",null,"M","?","M","M","?","E","R","E","E","$","M","?","M","M","R","B",null,"M","?","M","M","M","M","R","$","E","$","E","R","E","?","R","B",null,"M","?","?","M","?","R","E","R","E","$","E","M","M","M","R","B",null],"character_chosen":"THE_SILENT","items_purchased":["Accuracy","Infinite Blades","Backflip","Kunai","MealTicket","Accuracy","bronze:DecasWashers","Accuracy","Lee\u0027s Waffle","Noxious Fumes","Footwork","Footwork","PreservedInsect","Medical Kit","Slimebound:StickyStick","Chemical X","OrangePellets","Gremlin Horn","Snake Skull"],"campfire_rested":4,"item_purchase_floors":[2,12,12,30,30,30,42,64,64,64,64,64,78,78,93,93,112,112,112],"current_hp_per_floor":[70,70,70,70,70,70,70,70,70,70,70,70,70,70,70,70,70,70,70,70,64,64,64,59,59,59,39,39,27,27,27,48,43,63,52,52,45,45,27,27,27,42,42,42,42,42,42,42,42,25,59,59,59,59,59,54,54,54,54,54,40,40,40,77,77,77,77,77,77,77,77,77,77,66,66,66,66,77,77,77,77,77,77,77,77,78,78,78,76,76,76,76,82,82,82,82,82,82,82,82,82,82,82,82,82,82,87,87,87,87,87,87,87,87,87,87,87,32,73,73],"gold":189,"neow_bonus":"","is_daily":false,"chose_seed":false,"campfire_upgraded":16,"win_rate":0.0,"timestamp":1614249318,"path_taken":["M","$","M","?","M","R","E","R","T","?","E","?","M","M","R","BOSS","M","M","M","?","?","R","E","R","T","E","M","M","$","?","R","BOSS","M","M","?","M","M","E","R","$","T","?","M","E","R","?","R","BOSS","M","M","M","M","?","R","E","R","T","?","E","?","$","M","R","BOSS","M","?","M","M","?","E","R","E","E","$","M","?","M","M","R","BOSS","M","?","M","M","M","M","R","$","E","?","E","R","E","?","R","BOSS","M","?","?","M","?","R","E","R","E","$","E","M","M","M","R","BOSS"],"items_purchased_type":["Card","Card","Card","Relic","Relic","Card","Relic","Card","Relic","Card","Card","Card","Relic","Relic","Relic","Relic","Relic","Relic","Relic"],"build_version":"2020-12-22","purchased_purges":0,"victory":false,"max_hp_per_floor":[70,70,70,70,70,70,70,70,70,70,70,70,70,70,70,70,70,70,70,70,70,70,70,70,70,70,70,70,70,70,70,70,70,70,70,70,70,70,70,70,70,70,70,70,70,70,70,70,70,70,70,70,70,70,70,70,70,70,70,70,70,70,70,77,77,77,77,77,77,77,77,77,77,77,77,77,77,77,77,77,77,77,77,77,77,82,82,82,82,82,82,82,82,82,82,82,82,82,82,82,82,82,82,82,82,82,87,87,87,87,87,87,87,87,87,87,87,87,87,87],"card_choices":[{"not_picked":["Masterful Stab","Slice","Dash"],"picked":"SKIP","floor":1},{"not_picked":["Dodge and Roll","Choke"],"picked":"Backflip","floor":3},{"not_picked":["Deflect","Riddle With Holes","Leg Sweep"],"picked":"SKIP","floor":4},{"not_picked":["Prepared","Die Die Die"],"picked":"Accuracy","floor":5},{"not_picked":["Setup","Cloak And Dagger","Deadly Poison"],"picked":"SKIP","floor":7},{"not_picked":["Sucker Punch","Dodge and Roll","Heel Hook"],"picked":"SKIP","floor":11},{"not_picked":["Heel Hook","Dagger Throw","Prepared"],"picked":"SKIP","floor":13},{"not_picked":["Leg Sweep","Crippling Poison"],"picked":"Cloak And Dagger","floor":14},{"not_picked":["Envenom","Venomology"],"picked":"After Image","floor":16},{"not_picked":["Dodge and Roll","Reflex+1"],"picked":"Caltrops","floor":18},{"not_picked":["Leg Sweep","Backflip"],"picked":"Infinite Blades+1","floor":19},{"not_picked":["Flying Knee","Cloak And Dagger"],"picked":"Infinite Blades+1","floor":20},{"not_picked":["Prepared","Sucker Punch","Endless Agony"],"picked":"SKIP","floor":22},{"not_picked":["Underhanded Strike","Bane","Expertise"],"picked":"SKIP","floor":24},{"not_picked":["Leg Sweep","Reflex","Tools of the Trade"],"picked":"SKIP","floor":27},{"not_picked":["Escape Plan","Flying Knee","Backstab+1"],"picked":"SKIP","floor":28},{"not_picked":["Deflect+1","Outmaneuver"],"picked":"Accuracy","floor":29},{"not_picked":["Tools of the Trade","Wraith Form v2"],"picked":"Adrenaline","floor":33},{"not_picked":["Slice+1","Quick Slash"],"picked":"Cloak And Dagger+1","floor":35},{"not_picked":["Quick Slash","Deflect+1","Predator+1"],"picked":"SKIP","floor":36},{"not_picked":["Acrobatics","Calculated Gamble"],"picked":"Blur+1","floor":37},{"not_picked":["Underhanded Strike","Escape Plan+1","Bane"],"picked":"SKIP","floor":38},{"not_picked":["Tactician+1","Setup"],"picked":"After Image","floor":39},{"not_picked":["Bouncing Flask","Prepared","Phantasmal Killer"],"picked":"SKIP","floor":40},{"not_picked":["Predator+1","Flying Knee","Deadly Poison+1"],"picked":"SKIP","floor":45},{"not_picked":["All Out Attack","Deflect+1"],"picked":"Cloak And Dagger+1","floor":46},{"not_picked":["Deflect+1","Bouncing Flask"],"picked":"Envenom","floor":48},{"not_picked":["Cloak And Dagger"],"picked":"SKIP","floor":52},{"not_picked":["Blade Dance"],"picked":"SKIP","floor":53},{"not_picked":["Slice"],"picked":"SKIP","floor":54},{"not_picked":["Poisoned Stab"],"picked":"SKIP","floor":55},{"not_picked":["Finisher"],"picked":"SKIP","floor":58},{"not_picked":["Blade Dance"],"picked":"SKIP","floor":62},{"not_picked":["Choke"],"picked":"SKIP","floor":65},{"not_picked":["Slice"],"picked":"SKIP","floor":69},{"not_picked":["Setup"],"picked":"SKIP","floor":71},{"not_picked":["Prepared"],"picked":"SKIP","floor":72},{"not_picked":["Outmaneuver"],"picked":"SKIP","floor":74},{"not_picked":["Unload"],"picked":"SKIP","floor":76},{"not_picked":["Terror+1"],"picked":"SKIP","floor":77},{"not_picked":["Expertise+1"],"picked":"SKIP","floor":79},{"not_picked":["Calculated Gamble"],"picked":"SKIP","floor":81},{"not_picked":["Infinite Blades"],"picked":"SKIP","floor":82},{"not_picked":["Blade Dance"],"picked":"SKIP","floor":86},{"not_picked":["Poisoned Stab+1"],"picked":"SKIP","floor":88},{"not_picked":["All Out Attack"],"picked":"SKIP","floor":89},{"not_picked":[],"picked":"Catalyst","floor":90},{"not_picked":["Bane"],"picked":"SKIP","floor":91},{"not_picked":[],"picked":"Envenom","floor":94},{"not_picked":["Finisher+1"],"picked":"SKIP","floor":96},{"not_picked":[],"picked":"Cloak And Dagger+1","floor":98},{"not_picked":["Calculated Gamble"],"picked":"SKIP","floor":103},{"not_picked":["Underhanded Strike"],"picked":"SKIP","floor":106},{"not_picked":["Sucker Punch"],"picked":"SKIP","floor":109},{"not_picked":["Eviscerate"],"picked":"SKIP","floor":111},{"not_picked":["Dagger Throw"],"picked":"SKIP","floor":113},{"not_picked":["Terror"],"picked":"SKIP","floor":114},{"not_picked":["Deadly Poison"],"picked":"SKIP","floor":115},{"not_picked":["Flying Knee"],"picked":"SKIP","floor":116}],"player_experience":837780,"relics_obtained":[{"floor":7,"key":"Happy Flower"},{"floor":9,"key":"The Courier"},{"floor":11,"key":"Tingsha"},{"floor":24,"key":"Bottled Tornado"},{"floor":26,"key":"Ornamental Fan"},{"floor":27,"key":"Oddly Smooth Stone"},{"floor":40,"key":"Juzu Bracelet"},{"floor":43,"key":"Ninja Scroll"},{"floor":46,"key":"StrikeDummy"},{"floor":48,"key":"Calipers"},{"floor":60,"key":"hexamod:BolsterEngine"},{"floor":102,"key":"Akabeko"},{"floor":102,"key":"Paper Crane"},{"floor":102,"key":"Turnip"},{"floor":104,"key":"Odd Mushroom"}],"event_choices":[{"damage_healed":0,"gold_gain":0,"player_choice":"Upgraded","damage_taken":0,"max_hp_gain":0,"max_hp_loss":0,"event_name":"Upgrade Shrine","floor":10,"gold_loss":0,"cards_upgraded":["Accuracy"]},{"damage_healed":0,"gold_gain":0,"player_choice":"","damage_taken":6,"max_hp_gain":0,"max_hp_loss":0,"event_name":"Knowing Skull","floor":21,"potions_obtained":[],"gold_loss":0,"cards_obtained":[]},{"damage_healed":0,"gold_gain":0,"player_choice":"Traded Relic","damage_taken":0,"relics_obtained":["Nloth\u0027s Gift"],"max_hp_gain":0,"max_hp_loss":0,"event_name":"N\u0027loth","floor":31,"relics_lost":["Tingsha"],"gold_loss":0},{"damage_healed":0,"gold_gain":0,"player_choice":"Paid","damage_taken":0,"relics_obtained":["Red Mask"],"max_hp_gain":0,"max_hp_loss":0,"event_name":"Tomb of Lord Red Mask","floor":44,"gold_loss":75},{"damage_healed":0,"gold_gain":0,"player_choice":"Fight","damage_taken":0,"max_hp_gain":0,"max_hp_loss":0,"event_name":"Mysterious Sphere","floor":48,"gold_loss":0},{"damage_healed":0,"gold_gain":0,"player_choice":"Entered Light","damage_taken":14,"max_hp_gain":0,"max_hp_loss":0,"event_name":"Shining Light","floor":61,"gold_loss":0,"cards_upgraded":["Accuracy","Accuracy"]},{"damage_healed":0,"gold_gain":0,"player_choice":"Bought 1 Potion","damage_taken":0,"max_hp_gain":0,"max_hp_loss":0,"event_name":"The Woman in Blue","floor":63,"gold_loss":0},{"damage_healed":0,"gold_gain":0,"player_choice":"Ignored","damage_taken":0,"max_hp_gain":0,"max_hp_loss":0,"event_name":"Vampires","floor":70,"gold_loss":0},{"damage_healed":0,"gold_gain":0,"player_choice":"Ignored","damage_taken":0,"max_hp_gain":0,"max_hp_loss":0,"event_name":"Transmorgrifier","floor":73,"gold_loss":0},{"damage_healed":0,"gold_gain":0,"player_choice":"Copied","damage_taken":0,"max_hp_gain":0,"max_hp_loss":0,"event_name":"Duplicator","floor":80,"gold_loss":0,"cards_obtained":["After Image"]},{"damage_healed":0,"gold_gain":100,"player_choice":"Pray","damage_taken":0,"max_hp_gain":0,"max_hp_loss":0,"event_name":"Golden Shrine","floor":87,"gold_loss":0},{"damage_healed":0,"gold_gain":0,"player_choice":"Ignored","damage_taken":0,"max_hp_gain":0,"max_hp_loss":0,"event_name":"SecretPortal","floor":99,"gold_loss":0},{"damage_healed":0,"gold_gain":0,"player_choice":"Fought Mushrooms","damage_taken":0,"max_hp_gain":0,"max_hp_loss":0,"event_name":"Mushrooms","floor":104,"gold_loss":0},{"damage_healed":0,"gold_gain":0,"player_choice":"Searched \u00273\u0027 times","damage_taken":0,"relics_obtained":["Toy Ornithopter"],"max_hp_gain":0,"max_hp_loss":0,"event_name":"Dead Adventurer","floor":105,"gold_loss":0},{"damage_healed":0,"gold_gain":0,"player_choice":"Donut","damage_taken":0,"max_hp_gain":5,"max_hp_loss":0,"event_name":"Big Fish","floor":107,"gold_loss":0}],"is_beta":false,"boss_relics":[{"not_picked":["Velvet Choker","HoveringKite"],"picked":"Ring of the Serpent"},{"not_picked":["Fusion Hammer","bronze:MakeshiftBattery"],"picked":"SlaversCollar"},{"not_picked":["Philosopher\u0027s Stone","Pandora\u0027s Box"],"picked":"Busted Crown"},{"not_picked":["Philosopher\u0027s Stone","Black Star"],"picked":"expansioncontent:StudyCardRelic"},{"not_picked":["SacredBark","HoveringKite"],"picked":"Runic Dome"},{"not_picked":["Cursed Key","Sozu"],"picked":"Calling Bell"},{"not_picked":["Fusion Hammer","Snecko Eye"],"picked":"SacredBark"}],"items_purged_floors":[],"is_endless":true,"potions_floor_spawned":[1,5,7,13,18,20,24,28,33,36,39,48,50,52,53,54,65,74,76,79,82,84,86,90,96,98,101,103,105,111,113,115,116],"ascension_level":5}}