{"host":"wri98rxht4656ll8","time":1614266268,"event":{"mods":["AchievementEnabler","BaseMod","Colored Map","Colored Powertips","Minty Spire (QoL Compilation)","Permanent Neow","StSLib"],"gold_per_floor":[111,61,61,72,91,91,121,121,175,175,202,214,230,263,263,263,263],"floor_reached":16,"language":"ENG","playtime":522,"items_purged":[],"score":144,"play_id":"92dc7edb-7f38-406f-8e77-7277de765813","local_time":"20210225161748","is_ascension_mode":true,"campfire_choices":[{"data":"Bash","floor":6.0,"key":"SMITH"},{"floor":8.0,"key":"REST"},{"floor":15.0,"key":"REST"}],"circlet_count":0,"master_deck":["Strike_R+1","Strike_R","Strike_R+1","Strike_R","Defend_R","Defend_R","Defend_R","Defend_R","Bash+1","Fire Breathing","Thunderclap","Shrug It Off"],"relics":["Burning Blood","Peace Pipe","Whetstone","Orichalcum","NlothsMask","Bag of Marbles","The Courier"],"acts_visited":["Exordium"],"potions_floor_usage":[16],"damage_taken":[{"damage":13.0,"enemies":"Small Slimes","floor":1.0,"turns":4.0},{"damage":14.0,"enemies":"Jaw Worm","floor":4.0,"turns":3.0},{"damage":5.0,"enemies":"Cultist","floor":5.0,"turns":4.0},{"damage":24.0,"enemies":"Gremlin Nob","floor":7.0,"turns":4.0},{"damage":18.0,"enemies":"3 Sentries","floor":11.0,"turns":5.0},{"damage":10.0,"enemies":"2 Fungi Beasts","floor":12.0,"turns":3.0},{"damage":7.0,"enemies":"3 Louse","floor":13.0,"turns":4.0},{"damage":36.0,"enemies":"Lagavulin","floor":14.0,"turns":6.0},{"damage":32,"enemies":"The Guardian","floor":16,"turns":12}],"seed_played":"-1517849447613349678","potions_obtained":[{"floor":1.0,"key":"Energy Potion"},{"floor":5.0,"key":"Block Potion"}],"is_trial":false,"path_per_floor":["M","?","$","M","M","R","E","R","T","?","E","M","M","E","R","B"],"character_chosen":"IRONCLAD","items_purchased":[],"campfire_rested":2,"item_purchase_floors":[],"current_hp_per_floor":[65,65,65,57,58,58,40,61,61,61,49,45,44,14,35,3,3],"gold":263,"neow_bonus":"ONE_RARE_RELIC","is_daily":false,"chose_seed":false,"campfire_upgraded":1,"win_rate":0.0,"timestamp":1614266268,"path_taken":["M","?","$","M","M","R","E","R","T","?","E","M","?","E","R","BOSS"],"items_purchased_type":[],"build_version":"2020-12-22","purchased_purges":0,"victory":false,"max_hp_per_floor":[72,72,72,72,72,72,72,72,72,72,72,72,72,72,72,72,72],"card_choices":[{"not_picked":["Wild Strike","Headbutt"],"picked":"Fire Breathing","floor":1.0},{"not_picked":["Rupture","Headbutt","Heavy Blade"],"picked":"SKIP","floor":4.0},{"not_picked":["Uppercut","Shockwave","Rupture"],"picked":"SKIP","floor":5.0},{"not_picked":["Disarm","Feel No Pain","Warcry"],"picked":"SKIP","floor":7.0},{"not_picked":["Hemokinesis","Clothesline","Exhume"],"picked":"SKIP","floor":11.0},{"not_picked":["Headbutt","Anger","Disarm"],"picked":"SKIP","floor":12.0},{"not_picked":["Armaments","Hemokinesis"],"picked":"Thunderclap","floor":13.0},{"not_picked":["True Grit","Twin Strike"],"picked":"Shrug It Off","floor":14.0}],"player_experience":249075,"relics_obtained":[{"floor":7.0,"key":"Whetstone"},{"floor":9.0,"key":"Orichalcum"},{"floor":11.0,"key":"Bag of Marbles"},{"floor":14.0,"key":"The Courier"}],"event_choices":[{"cards_removed":["Strike_R"],"damage_healed":0.0,"max_hp_gain":0.0,"max_hp_loss":0.0,"gold_gain":0.0,"event_name":"The Cleric","player_choice":"Card Removal","floor":2.0,"gold_loss":50.0,"damage_taken":0.0},{"damage_healed":0.0,"max_hp_gain":0.0,"max_hp_loss":0.0,"gold_gain":0.0,"event_name":"FaceTrader","player_choice":"Trade","floor":10.0,"gold_loss":0.0,"damage_taken":0.0,"relics_obtained":["NlothsMask"]}],"is_beta":false,"boss_relics":[],"items_purged_floors":[],"is_endless":false,"potions_floor_spawned":[1,5],"killed_by":"The Guardian","ascension_level":4}}