{"host":"xbvuessano29wpkb","time":1614275308,"event":{"mods":["BaseMod","Colored Powertips","GifTheSpireLib","Minty Spire (QoL Compilation)","Shop Mod","StSLib","The Marked","óô»ðÖ¸ÄÏ"],"gold_per_floor":[113,38,38,50,68,68,68,100,125,125,25,25,25,44,44,121,121,133,58,58,81,94,128,3,3,3,31,31,57,70,99,99,175,175,187,206,206,226,226,251,279,15,86,117,131,151,1,27,27,27,27],"floor_reached":52,"language":"ZHS","playtime":2844,"items_purged":["theMarked:Maelstrom","theMarked:SwordAndMagic","theMarked:ThrowWeapon+1","theMarked:TakeCover+1"],"score":2963,"play_id":"1e25f9ad-03e5-4e58-95b5-5047c50caac7","local_time":"20210226014828","daily_mods":["SealedDeck","Heirloom","Flight"],"is_ascension_mode":true,"campfire_choices":[{"data":"theMarked:RepellingDischarge","floor":6.0,"key":"SMITH"},{"data":"theMarked:RepellingDischarge","floor":7.0,"key":"SMITH"},{"data":"theMarked:Polarize","floor":12.0,"key":"SMITH"},{"data":"theMarked:Friction","floor":13.0,"key":"SMITH"},{"data":"theMarked:Generate","floor":15.0,"key":"SMITH"},{"data":"theMarked:Friction","floor":25.0,"key":"SMITH"},{"data":"theMarked:PowerFlow","floor":28.0,"key":"SMITH"}],"circlet_count":0,"master_deck":["AscendersBane","theMarked:RepellingDischarge+1","theMarked:Polarize+1","theMarked:Friction+1","theMarked:RepellingDischarge+1","theMarked:Friction+1","theMarked:PowerFlow+1","theMarked:Generate+1","theMarked:Static+1","theMarked:Memento+1"],"relics":["theMarked:ArtifactOfAir","Gambling Chip","Tiny Chest","Blood Vial","Toxic Egg 2","Centennial Puzzle","Meat on the Bone","InkBottle","theMarked:SpiritSword","Molten Egg 2","Frozen Egg 2","Lantern","MerchantsRug","ClockworkSouvenir","White Beast Statue","Juzu Bracelet","theMarked:DemonDagger"],"acts_visited":["Exordium","TheCity","TheBeyond"],"potions_floor_usage":[],"damage_taken":[{"damage":0.0,"enemies":"Cultist","floor":1.0,"turns":2.0},{"damage":0.0,"enemies":"Small Slimes","floor":4.0,"turns":3.0},{"damage":0.0,"enemies":"Jaw Worm","floor":5.0,"turns":2.0},{"damage":14.0,"enemies":"Gremlin Nob","floor":8.0,"turns":3.0},{"damage":0.0,"enemies":"Exordium Thugs","floor":14.0,"turns":4.0},{"damage":14.0,"enemies":"Hexaghost","floor":16.0,"turns":3.0},{"damage":11.0,"enemies":"3 Byrds","floor":18.0,"turns":5.0},{"damage":2.0,"enemies":"Shell Parasite","floor":22.0,"turns":3.0},{"damage":0.0,"enemies":"Slavers","floor":23.0,"turns":5.0},{"damage":0.0,"enemies":"Book of Stabbing","floor":27.0,"turns":1.0},{"damage":0.0,"enemies":"Gremlin Leader","floor":29.0,"turns":2.0},{"damage":0.0,"enemies":"Chosen and Byrds","floor":30.0,"turns":1.0},{"damage":0.0,"enemies":"Slavers","floor":31.0,"turns":1.0},{"damage":0.0,"enemies":"Automaton","floor":33.0,"turns":1.0},{"damage":0.0,"enemies":"Orb Walker","floor":35.0,"turns":1.0},{"damage":0.0,"enemies":"3 Shapes","floor":36.0,"turns":2.0},{"damage":0,"enemies":"Spire Growth","floor":38,"turns":1},{"damage":0,"enemies":"Giant Head","floor":40,"turns":1},{"damage":0,"enemies":"Reptomancer","floor":41,"turns":1},{"damage":0,"enemies":"Nemesis","floor":44,"turns":1},{"damage":0,"enemies":"3 Darklings","floor":45,"turns":1},{"damage":0,"enemies":"Writhing Mass","floor":46,"turns":1},{"damage":0,"enemies":"Reptomancer","floor":48,"turns":1},{"damage":0,"enemies":"Donu and Deca","floor":50,"turns":1},{"damage":0,"enemies":"Awakened One","floor":51,"turns":2}],"seed_played":"-298543831748419313","potions_obtained":[{"floor":1.0,"key":"LiquidMemories"},{"floor":4.0,"key":"Explosive Potion"},{"floor":22.0,"key":"theMarked:SummonPotion"},{"floor":27.0,"key":"SpeedPotion"},{"floor":30.0,"key":"Dexterity Potion"},{"floor":31.0,"key":"Dexterity Potion"}],"is_trial":true,"path_per_floor":["M","$","?","M","M","R","R","E","T","?","$","R","R","M","R","B",null,"M","?","T","T","M","E","$","R","T","E","R","E","M","E","R","B",null,"M","M","?","M","T","E","E","$","T","E","M","M","$","E","R","B","B",null],"character_chosen":"THE_DEFAULT","items_purchased":["MerchantsRug","ClockworkSouvenir","Energy Potion","Energy Potion"],"campfire_rested":0,"item_purchase_floors":[42,42,42,42],"current_hp_per_floor":[61,61,66,66,66,66,66,52,52,52,52,52,52,54,54,42,65,56,56,56,56,56,58,58,58,58,60,60,62,64,66,66,68,72,73,73,73,73,73,73,73,73,73,73,73,73,73,73,73,73,73],"gold":27,"neow_bonus":"","is_daily":false,"chose_seed":false,"campfire_upgraded":7,"win_rate":0.0,"timestamp":1614275308,"path_taken":["M","$","?","M","M","R","R","E","T","?","$","R","R","M","R","BOSS","M","?","?","?","M","E","$","R","T","E","R","E","?","E","R","BOSS","M","M","?","?","?","E","E","$","T","E","M","M","$","E","R","BOSS","BOSS"],"items_purchased_type":["Relic","Relic","Potion","Potion"],"build_version":"2020-12-22","purchased_purges":4,"victory":true,"max_hp_per_floor":[68,68,73,73,73,73,73,73,73,73,73,73,73,73,73,73,73,73,73,73,73,73,73,73,73,73,73,73,73,73,73,73,73,73,73,73,73,73,73,73,73,73,73,73,73,73,73,73,73,73,73],"card_choices":[{"not_picked":["theMarked:GodGivenPower","theMarked:WardOff"],"picked":"theMarked:PowerFlow","floor":1.0},{"not_picked":["theMarked:ChainLightning","theMarked:ElectricStrings","theMarked:Memento"],"picked":"SKIP","floor":4.0},{"not_picked":["theMarked:WardOff","theMarked:ParalyzingBlade","theMarked:ChainLightning"],"picked":"SKIP","floor":5.0},{"not_picked":["theMarked:EmpowerWeapon","theMarked:Opportunist","theMarked:KeepCalmAndFight"],"picked":"SKIP","floor":8.0},{"not_picked":["theMarked:ElectricStrings","theMarked:Electrocute"],"picked":"theMarked:Generate","floor":14.0},{"not_picked":["theMarked:BanishingStrike+1","theMarked:CreepingChasm","theMarked:Improvise"],"picked":"SKIP","floor":18.0},{"not_picked":["theMarked:ResourceFulStrike","theMarked:Memento+1"],"picked":"theMarked:Static+1","floor":22.0},{"not_picked":["theMarked:Memento+1","theMarked:KeepCalmAndFight","theMarked:TwofoldDefense+1"],"picked":"SKIP","floor":23.0},{"not_picked":["theMarked:Memento+1","theMarked:KeepCalmAndFight","theMarked:TwofoldDefense+1"],"picked":"SKIP","floor":23.0},{"not_picked":["theMarked:Memento+1","theMarked:KeepCalmAndFight","theMarked:TwofoldDefense+1"],"picked":"SKIP","floor":23.0},{"not_picked":["theMarked:BanishingStrike","theMarked:HeightenedSenses+1","theMarked:Parkour"],"picked":"SKIP","floor":27.0},{"not_picked":["theMarked:BindingBlade+1","theMarked:ComboAttacks","theMarked:WastefulAttack"],"picked":"SKIP","floor":29.0},{"not_picked":["theMarked:ChainLightning","theMarked:ResourceFulStrike"],"picked":"theMarked:Memento+1","floor":30.0},{"not_picked":["theMarked:Memento+1","theMarked:Indomitable+1","theMarked:Standoff"],"picked":"SKIP","floor":31.0},{"not_picked":["theMarked:OneWithTheBlade+1","theMarked:WardOff+1","theMarked:WastefulAttack"],"picked":"SKIP","floor":35.0},{"not_picked":["theMarked:WastefulAttack","theMarked:ElectricStrings","theMarked:WardOff+1"],"picked":"SKIP","floor":36.0},{"not_picked":["theMarked:Indomitable+1","theMarked:KeepCalmAndFight","theMarked:Opportunist+1"],"picked":"SKIP","floor":38},{"not_picked":["theMarked:RepellingDischarge+1","theMarked:Friction+1","theMarked:ChannelForce+1"],"picked":"SKIP","floor":40},{"not_picked":["theMarked:EmpowerWeapon+1","theMarked:ChainLightning+1","theMarked:TwofoldDefense+1"],"picked":"SKIP","floor":41},{"not_picked":["theMarked:Indomitable+1","theMarked:MagusForm+1","theMarked:GodGivenPower+1"],"picked":"SKIP","floor":44},{"not_picked":["theMarked:Parkour+1","theMarked:TheMission+1","theMarked:MysticalArsenal+1"],"picked":"SKIP","floor":45},{"not_picked":["theMarked:Pokerface+1","theMarked:TakeCover+1","theMarked:HeightenedSenses+1"],"picked":"SKIP","floor":46},{"not_picked":["theMarked:RogueSparks+1","theMarked:BanishingStrike+1","theMarked:EternalStudent+1"],"picked":"SKIP","floor":48}],"player_experience":212406,"relics_obtained":[{"floor":8.0,"key":"Tiny Chest"},{"floor":9.0,"key":"Blood Vial"},{"floor":20.0,"key":"Toxic Egg 2"},{"floor":21.0,"key":"Centennial Puzzle"},{"floor":23.0,"key":"StrikeDummy"},{"floor":26.0,"key":"Dream Catcher"},{"floor":27.0,"key":"Whetstone"},{"floor":29.0,"key":"Meat on the Bone"},{"floor":31.0,"key":"InkBottle"},{"floor":39,"key":"Molten Egg 2"},{"floor":40,"key":"Frozen Egg 2"},{"floor":41,"key":"Lantern"},{"floor":43,"key":"White Beast Statue"},{"floor":44,"key":"Juzu Bracelet"},{"floor":48,"key":"theMarked:DemonDagger"}],"event_choices":[{"damage_healed":0.0,"max_hp_gain":5.0,"max_hp_loss":0.0,"gold_gain":0.0,"event_name":"Big Fish","player_choice":"Donut","floor":3.0,"gold_loss":0.0,"damage_taken":0.0},{"damage_healed":0.0,"max_hp_gain":0.0,"max_hp_loss":0.0,"gold_gain":0.0,"event_name":"Liars Game","player_choice":"Ignored","floor":10.0,"gold_loss":0.0,"damage_taken":0.0},{"cards_removed":["theMarked:Standoff"],"damage_healed":0.0,"max_hp_gain":0.0,"max_hp_loss":0.0,"gold_gain":0.0,"event_name":"Beggar","player_choice":"Gave Gold","floor":19.0,"gold_loss":75.0,"damage_taken":0.0},{"damage_healed":0,"gold_gain":0,"player_choice":"Ignored","damage_taken":0,"max_hp_gain":0,"max_hp_loss":0,"event_name":"WeMeetAgain","floor":37,"gold_loss":0}],"is_beta":false,"boss_relics":[{"not_picked":["Velvet Choker","Coffee Dripper"],"picked":"Astrolabe"},{"not_picked":["Runic Pyramid","Busted Crown"],"picked":"theMarked:SpiritSword"}],"items_purged_floors":[2,11,24,47],"is_endless":false,"potions_floor_spawned":[1,4,8,22,27,30,31,38,40,41,44,45,46,48],"ascension_level":20}}