{"host":"5dk97cf2ubw2v967","time":1614263673,"event":{"mods":["AlwaysNeverKeys","BaseMod","Better Altar","Better Vampires","Block Reminder","Card Filter","Colored Powertips","Downfall","Googly Eyes","Highlight Path","Minty Spire (QoL Compilation)","Permanent Neow","Potion Indicator Mod","Quick Restart","Relic Filter","Relic Stats","Say the Spire","Spicy Shops","StSLib","Waifu the Spire","everything is the same but u backflip on backflip"],"gold_per_floor":[109,125,8,8,20,55,55,69,142,153,180,180,180,213,213,292,292,309,224,224,244,244,277,277,292,292,318,318,268,268,268,268,347,347,366,29,29,47,47,47,47,47,47,47,66,86,111,153,153,153,153,153],"floor_reached":51,"language":"ENG","playtime":2823,"items_purged":["Defend_G","Strike_G+1","Strike_G+1"],"score":1493,"play_id":"b2450c9a-9eed-4759-bcbf-4426dcb0b969","local_time":"20210225143433","is_ascension_mode":true,"campfire_choices":[{"data":"Infinite Blades","floor":7,"key":"SMITH"},{"floor":13,"key":"REST"},{"floor":15,"key":"REST"},{"data":"Phantasmal Killer","floor":24,"key":"SMITH"},{"data":"Well Laid Plans","floor":28,"key":"PURGE"},{"floor":32,"key":"REST"},{"floor":40,"key":"REST"},{"data":"Strike_G+1","floor":42,"key":"PURGE"},{"floor":49,"key":"REST"}],"circlet_count":0,"master_deck":["AscendersBane","Defend_G+1","Defend_G+1","Defend_G+1","Neutralize","Good Instincts","Blade Dance","Infinite Blades+1","Infinite Blades","Deflect","Finisher","Infinite Blades","Phantasmal Killer+1","Blade Dance+1","Escape Plan+1","Infinite Blades","J.A.X.+1","A Thousand Cuts","Deflect+1","Footwork","Deflect+1","CurseOfTheBell","CurseOfTheBell","Footwork","Blur+1","Blade Dance+1"],"relics":["Ring of the Snake","Frozen Eye","Shuriken","Ninja Scroll","Smiling Mask","Runic Pyramid","Boot","Toxic Egg 2","Peace Pipe","Anchor","Blood Vial","Empty Cage","Regal Pillow","downfall:ExtraCursedBell","Bronze Scales","Pantograph","Thread and Needle","Mango","CaptainsWheel","CeramicFish"],"acts_visited":["Exordium","TheCity","TheBeyond"],"potions_floor_usage":[6,11,14,18,18,21,27,13033,33,35,41,51],"damage_taken":[{"damage":1.0,"enemies":"2 Louse","floor":1.0,"turns":3.0},{"damage":0.0,"enemies":"Cultist","floor":2.0,"turns":4.0},{"damage":0,"enemies":"Small Slimes","floor":5,"turns":3},{"damage":12,"enemies":"3 Sentries","floor":6,"turns":6},{"damage":5,"enemies":"2 Fungi Beasts","floor":8,"turns":4},{"damage":6,"enemies":"Looter","floor":10,"turns":3},{"damage":28,"enemies":"Gremlin Nob","floor":11,"turns":4},{"damage":12,"enemies":"Lagavulin","floor":14,"turns":4},{"damage":25,"enemies":"The Guardian","floor":16,"turns":11},{"damage":7,"enemies":"2 Thieves","floor":18,"turns":3},{"damage":17,"enemies":"Shell Parasite","floor":21,"turns":3},{"damage":1,"enemies":"Gremlin Leader","floor":23,"turns":6},{"damage":0,"enemies":"3 Cultists","floor":25,"turns":4},{"damage":0,"enemies":"Book of Stabbing","floor":27,"turns":1},{"damage":17,"enemies":"Collector","floor":33,"turns":5},{"damage":42,"enemies":"3 Shapes","floor":35,"turns":5},{"damage":10,"enemies":"Orb Walker","floor":38,"turns":4},{"damage":0,"enemies":"Giant Head","floor":41,"turns":4},{"damage":19,"enemies":"Sphere and 2 Shapes","floor":45,"turns":6},{"damage":16,"enemies":"Maw","floor":46,"turns":5},{"damage":15,"enemies":"Mind Bloom Boss Battle","floor":47,"turns":6},{"damage":23,"enemies":"Reptomancer","floor":48,"turns":6},{"damage":27,"enemies":"Donu and Deca","floor":50,"turns":6},{"damage":82,"enemies":"Awakened One","floor":51,"turns":7}],"seed_played":"-2131897671064300129","potions_obtained":[{"floor":1.0,"key":"Weak Potion"},{"floor":5,"key":"PowerPotion"},{"floor":10,"key":"FearPotion"},{"floor":11,"key":"Fire Potion"},{"floor":14,"key":"AttackPotion"},{"floor":18,"key":"AttackPotion"},{"floor":25,"key":"AttackPotion"},{"floor":33,"key":"sneckomod:MuddlingPotion"},{"floor":38,"key":"SmokeBomb"},{"floor":45,"key":"SpeedPotion"}],"is_trial":false,"path_per_floor":["M","M","$","?","M","E","R","M","T","M","E","?","R","E","R","B",null,"M","?","?","M","?","E","R","M","T","E","R","$","?","?","R","B",null,"M","$","?","M","?","R","E","R","T","?","M","M","?","E","R","B","B"],"character_chosen":"THE_SILENT","items_purchased":["Infinite Blades","Footwork","Regal Pillow"],"campfire_rested":5,"item_purchase_floors":[3,36,36],"current_hp_per_floor":[58,58,58,58,58,46,46,41,41,35,7,7,26,14,33,8,52,45,45,45,28,41,40,40,40,40,40,40,40,40,1,20,28,57,17,17,17,9,9,43,45,45,59,59,42,28,40,19,58,53,0,0],"gold":153,"neow_bonus":"RANDOM_COLORLESS","is_daily":false,"chose_seed":false,"campfire_upgraded":2,"win_rate":0.0,"timestamp":1614263673,"path_taken":["M","M","$","?","M","E","R","?","T","M","E","?","R","E","R","BOSS","M","?","?","?","?","E","R","M","T","E","R","$","?","?","R","BOSS","M","$","?","M","?","R","E","R","T","?","M","M","?","E","R","BOSS","BOSS"],"items_purchased_type":["Card","Card","Relic"],"build_version":"2020-12-22","purchased_purges":3,"victory":false,"max_hp_per_floor":[66,66,66,66,66,66,66,66,66,66,66,66,66,66,66,66,66,66,66,66,66,66,66,66,66,66,66,66,66,66,66,66,66,66,66,66,66,66,66,66,66,66,80,80,80,80,80,80,80,80,80,80],"relic_stats":{"Peace Pipe":2,"Blood Vial":18,"Regal Pillow":30,"counters":[24,113],"Shuriken":[99],"Bronze Scales":[114],"Pantograph":72,"CeramicFish":9,"Smiling Mask":125,"Boot":[63],"obtain_stats":[{"Regal Pillow":36,"CeramicFish":48,"Thread and Needle":39,"Mango":43,"Smiling Mask":14,"Boot":19,"Empty Cage":34,"Peace Pipe":26,"Blood Vial":31,"Frozen Eye":6,"Anchor":27,"CaptainsWheel":47,"Shuriken":9,"Ninja Scroll":11,"Bronze Scales":39,"Pantograph":39,"Toxic Egg 2":23,"downfall:ExtraCursedBell":39,"Ring of the Snake":0,"Runic Pyramid":17},{"Regal Pillow":16,"CeramicFish":22,"Thread and Needle":17,"Mango":18,"Smiling Mask":8,"Boot":10,"Empty Cage":15,"Peace Pipe":13,"Blood Vial":14,"Frozen Eye":4,"Anchor":14,"CaptainsWheel":21,"Shuriken":5,"Ninja Scroll":7,"Bronze Scales":17,"Pantograph":17,"Toxic Egg 2":12,"downfall:ExtraCursedBell":17,"Ring of the Snake":0,"Runic Pyramid":9},{"Regal Pillow":69,"CeramicFish":100,"Thread and Needle":73,"Mango":77,"Smiling Mask":31,"Boot":45,"Empty Cage":64,"Peace Pipe":58,"Blood Vial":59,"Frozen Eye":16,"Anchor":59,"CaptainsWheel":94,"Shuriken":20,"Ninja Scroll":27,"Bronze Scales":73,"Pantograph":73,"Toxic Egg 2":54,"downfall:ExtraCursedBell":73,"Ring of the Snake":0,"Runic Pyramid":42}],"Ring of the Snake":[48]},"card_choices":[{"not_picked":["PanicButton","Deep Breath"],"picked":"Good Instincts","floor":0.0},{"not_picked":["Poisoned Stab","Bane"],"picked":"Blade Dance","floor":1.0},{"not_picked":["Bane","Acrobatics"],"picked":"Well Laid Plans","floor":2.0},{"not_picked":["Noxious Fumes","PiercingWail"],"picked":"Deflect","floor":5},{"not_picked":["Riddle With Holes","Prepared"],"picked":"Finisher","floor":6},{"not_picked":["Flechettes","Endless Agony","Dagger Spray"],"picked":"SKIP","floor":8},{"not_picked":["Outmaneuver","Dagger Spray","Dodge and Roll"],"picked":"SKIP","floor":10},{"not_picked":["Storm of Steel","Concentrate","Crippling Poison"],"picked":"SKIP","floor":11},{"not_picked":["Noxious Fumes","Dash"],"picked":"Infinite Blades","floor":14},{"not_picked":["Unload","Storm of Steel"],"picked":"Phantasmal Killer","floor":16},{"not_picked":["Deadly Poison","Backflip","Caltrops"],"picked":"SKIP","floor":18},{"not_picked":["Deadly Poison","Poisoned Stab","Heel Hook"],"picked":"SKIP","floor":21},{"not_picked":["Slice","Flying Knee+1"],"picked":"Blade Dance+1","floor":23},{"not_picked":["Dagger Throw","Flying Knee"],"picked":"Escape Plan+1","floor":25},{"not_picked":["Burst+1","Bane"],"picked":"Infinite Blades","floor":27},{"not_picked":["Bullet Time+1","Night Terror+1"],"picked":"A Thousand Cuts","floor":33},{"not_picked":["Noxious Fumes","Skewer"],"picked":"Deflect+1","floor":35},{"not_picked":["All Out Attack","Masterful Stab+1"],"picked":"Deflect+1","floor":38},{"not_picked":["Setup+1","Backflip+1","Flying Knee"],"picked":"SKIP","floor":45},{"not_picked":["Skewer","Slice"],"picked":"Footwork","floor":46},{"not_picked":["Quick Slash","Blade Dance+1"],"picked":"Blur+1","floor":47},{"not_picked":["Backstab","Catalyst+1"],"picked":"Blade Dance+1","floor":48}],"player_experience":1357960,"relics_obtained":[{"floor":6,"key":"Frozen Eye"},{"floor":9,"key":"Shuriken"},{"floor":11,"key":"Ninja Scroll"},{"floor":14,"key":"Smiling Mask"},{"floor":23,"key":"Toxic Egg 2"},{"floor":26,"key":"Peace Pipe"},{"floor":27,"key":"Anchor"},{"floor":39,"key":"Bronze Scales"},{"floor":39,"key":"Pantograph"},{"floor":39,"key":"Thread and Needle"},{"floor":43,"key":"Mango"},{"floor":47,"key":"CaptainsWheel"},{"floor":48,"key":"CeramicFish"}],"event_choices":[{"damage_healed":0,"gold_gain":0,"cards_transformed":["Defend_G"],"player_choice":"Transformed","damage_taken":0,"max_hp_gain":0,"max_hp_loss":0,"event_name":"Transmorgrifier","floor":4,"gold_loss":0,"cards_obtained":["Infinite Blades"]},{"damage_healed":0,"gold_gain":0,"player_choice":"Ignored","damage_taken":0,"max_hp_gain":0,"max_hp_loss":0,"event_name":"Golden Wing","floor":12,"gold_loss":0},{"damage_healed":0,"gold_gain":0,"player_choice":"Obtained Relic","damage_taken":0,"relics_obtained":["Boot"],"max_hp_gain":0,"max_hp_loss":0,"event_name":"Addict","floor":19,"gold_loss":85},{"damage_healed":0,"gold_gain":0,"player_choice":"Simplicity","damage_taken":0,"max_hp_gain":0,"max_hp_loss":0,"event_name":"Back to Basics","floor":20,"gold_loss":0,"cards_upgraded":["Strike_G","Strike_G","Strike_G","Strike_G","Strike_G","Defend_G","Defend_G","Defend_G"]},{"damage_healed":13,"gold_gain":0,"player_choice":"Heal","damage_taken":0,"max_hp_gain":0,"max_hp_loss":0,"event_name":"The Library","floor":22,"gold_loss":0},{"damage_healed":0,"gold_gain":0,"player_choice":"Obtain J.A.X.","damage_taken":0,"max_hp_gain":0,"max_hp_loss":0,"event_name":"Drug Dealer","floor":30,"gold_loss":0,"cards_obtained":["J.A.X."]},{"damage_healed":0,"gold_gain":0,"player_choice":" Potion Vial ","damage_taken":39,"relics_obtained":["Blood Vial"],"max_hp_gain":40,"max_hp_loss":1,"event_name":"betterAltar:BetterAltar","floor":31,"potions_obtained":["betterAltar:AltarPotion"],"relics_lost":[],"gold_loss":0},{"damage_healed":0,"gold_gain":0,"player_choice":"Ignored","damage_taken":0,"max_hp_gain":0,"max_hp_loss":0,"event_name":"The Moai Head","floor":37,"gold_loss":0},{"cards_removed":["Survivor"],"damage_healed":0,"gold_gain":0,"player_choice":"Removed Skill","damage_taken":0,"max_hp_gain":0,"max_hp_loss":0,"event_name":"Falling","floor":44,"gold_loss":0},{"damage_healed":0,"gold_gain":0,"player_choice":"Fight","damage_taken":0,"max_hp_gain":0,"max_hp_loss":0,"event_name":"MindBloom","floor":47,"gold_loss":0}],"is_beta":false,"boss_relics":[{"not_picked":["bronze:MakeshiftBattery","Calling Bell"],"picked":"Runic Pyramid"},{"not_picked":["Astrolabe","Runic Dome"],"picked":"Empty Cage"}],"items_purged_floors":[3,29,36],"is_endless":false,"potions_floor_spawned":[1,5,10,11,14,18,25,33,38,41,45],"killed_by":"Awakened One","ascension_level":20}}