{"host":"9n6i2vl93jt4o42q","time":1614262779,"event":{"mods":["BaseMod","Minty Spire (QoL Compilation)","Relic Stats"],"gold_per_floor":[115,130,32,32,51,86,86,120,120,134,134,134,155,155,155,155,155],"floor_reached":16,"language":"ENG","playtime":1121,"items_purged":[],"score":240,"play_id":"461605d5-fee8-4646-9e13-3c02aab16a35","local_time":"20210225151939","is_ascension_mode":true,"campfire_choices":[{"floor":7,"key":"REST"},{"floor":11,"key":"REST"},{"floor":15,"key":"REST"}],"circlet_count":0,"master_deck":["AscendersBane","Strike_G","Strike_G","Strike_G","Strike_G","Defend_G","Defend_G","Defend_G","Defend_G","Defend_G","Survivor","Neutralize","Dagger Throw","Flying Knee","Sucker Punch","Underhanded Strike","Caltrops","Expertise","Crippling Poison","PiercingWail","Blade Dance","Injury"],"relics":["Ring of the Snake","Question Card","Kunai","Mummified Hand","Golden Idol"],"acts_visited":["Exordium"],"potions_floor_usage":[8,14,14],"damage_taken":[{"damage":3,"enemies":"Small Slimes","floor":1,"turns":5},{"damage":0,"enemies":"2 Louse","floor":2,"turns":3},{"damage":4,"enemies":"Jaw Worm","floor":5,"turns":4},{"damage":34,"enemies":"3 Sentries","floor":6,"turns":10},{"damage":30,"enemies":"Gremlin Nob","floor":8,"turns":5},{"damage":1,"enemies":"3 Louse","floor":10,"turns":4},{"damage":9,"enemies":"Large Slime","floor":13,"turns":5},{"damage":4,"enemies":"Lagavulin","floor":14,"turns":5},{"damage":31,"enemies":"The Guardian","floor":16,"turns":11}],"seed_played":"-9158576018818950133","potions_obtained":[{"floor":1,"key":"SmokeBomb"},{"floor":5,"key":"Ancient Potion"},{"floor":13,"key":"Swift Potion"}],"is_trial":false,"path_per_floor":["M","M","$","?","M","E","R","E","T","M","R","?","M","E","R","B"],"character_chosen":"THE_SILENT","items_purchased":["Underhanded Strike","Caltrops"],"campfire_rested":3,"item_purchase_floors":[3,3],"current_hp_per_floor":[56,56,56,56,52,18,37,7,7,6,25,25,16,12,31,0,0],"gold":155,"neow_bonus":"THREE_CARDS","is_daily":false,"chose_seed":false,"campfire_upgraded":0,"win_rate":0.0,"timestamp":1614262779,"path_taken":["M","M","$","?","M","E","R","E","T","M","R","?","?","E","R","BOSS"],"items_purchased_type":["Card","Card"],"build_version":"2020-12-22","purchased_purges":0,"victory":false,"max_hp_per_floor":[66,66,66,66,66,66,66,66,66,66,66,66,66,66,66,66,66],"relic_stats":{"counters":[9,52],"Mummified Hand":[4],"Golden Idol":12,"Kunai":[9],"Question Card":3,"obtain_stats":[{"Mummified Hand":9,"Golden Idol":12,"Kunai":8,"Question Card":6,"Ring of the Snake":0},{"Mummified Hand":5,"Golden Idol":6,"Kunai":5,"Question Card":4,"Ring of the Snake":0},{"Mummified Hand":27,"Golden Idol":31,"Kunai":27,"Question Card":22,"Ring of the Snake":0}],"Ring of the Snake":[18]},"card_choices":[{"not_picked":["Underhanded Strike","Blade Dance"],"picked":"Dagger Throw","floor":0},{"not_picked":["Choke","Predator"],"picked":"Flying Knee","floor":1},{"not_picked":["Blade Dance","Acrobatics"],"picked":"Sucker Punch","floor":2},{"not_picked":["Setup","Prepared","Slice"],"picked":"SKIP","floor":5},{"not_picked":["Heel Hook","Poisoned Stab"],"picked":"Crippling Poison","floor":6},{"not_picked":["Calculated Gamble","Caltrops","Underhanded Strike"],"picked":"PiercingWail","floor":8},{"not_picked":["Flying Knee","Sucker Punch","Bouncing Flask"],"picked":"Blade Dance","floor":10},{"not_picked":["Wraith Form v2","Quick Slash","Eviscerate","Catalyst"],"picked":"SKIP","floor":13}],"player_experience":2648667,"relics_obtained":[{"floor":6,"key":"Question Card"},{"floor":8,"key":"Kunai"},{"floor":9,"key":"Mummified Hand"}],"event_choices":[{"damage_healed":0,"gold_gain":0,"cards_transformed":["Strike_G"],"player_choice":"Change","damage_taken":0,"max_hp_gain":0,"max_hp_loss":0,"event_name":"Living Wall","floor":4,"gold_loss":0,"cards_obtained":["Expertise"]},{"damage_healed":0,"gold_gain":0,"player_choice":"Take Wound","damage_taken":0,"relics_obtained":["Golden Idol"],"max_hp_gain":0,"max_hp_loss":0,"event_name":"Golden Idol","floor":12,"gold_loss":0,"cards_obtained":["Injury"]}],"is_beta":false,"boss_relics":[],"items_purged_floors":[],"is_endless":false,"potions_floor_spawned":[1,5,13],"killed_by":"The Guardian","ascension_level":20}}