{"host":"8t5dkgm85abdp22d","time":1614230243,"event":{"mods":["100% Spire Juice","ATMod(阿瑾Mod)","Act Like it!","BaseMod","Colored Powertips","Conspire","Gensokyo","GungeonMod","Hallownest","Marisa（F雨　魔理沙）","Minty Spire (QoL Compilation)","MostiFishMod","Remilia（蕾米莉亚）","RumiaBox-露米娅的神秘盒子","Ryuuou龙王","StSLib","The Bug Knight","The Marked","UnlockEverythingMod","Waifu the Spire","WarShipGirlsR/战舰少女R mod","Yakumo Yukari mod"],"gold_per_floor":[119,130,130,143,28,28,28,28],"floor_reached":7,"language":"ZHS","playtime":117,"items_purged":[],"score":82,"play_id":"d40dcc0f-c236-4a40-b6d1-daf2b886b960","local_time":"20210225131723","is_ascension_mode":true,"campfire_choices":[{"data":"Bash","floor":6,"key":"SMITH"}],"circlet_count":0,"master_deck":["AscendersBane","Strike_R","Strike_R","Strike_R","Strike_R","Strike_R","Defend_R","Defend_R","Defend_R","Defend_R","Bash+1","Regret"],"relics":["Burning Blood","AT_ATBox","DaveBox","NeowsBlessing","SynthV:TestCard","Transparent","AT_ArchangelStaff","DemoMod:GnawedKey"],"acts_visited":["Exordium"],"potions_floor_usage":[],"damage_taken":[{"damage":0,"enemies":"2 Louse","floor":1,"turns":1},{"damage":15,"enemies":"Jaw Worm","floor":2,"turns":1},{"damage":15,"enemies":"Small Slimes","floor":4,"turns":1},{"damage":84,"enemies":"3 Sentries","floor":7,"turns":4}],"seed_played":"3210187197834359555","potions_obtained":[{"floor":2,"key":"HeartOfIron"}],"is_trial":false,"path_per_floor":["M","M","?","M","$","R","E"],"character_chosen":"IRONCLAD","items_purchased":["DemoMod:GnawedKey"],"campfire_rested":0,"item_purchase_floors":[5],"current_hp_per_floor":[74,75,75,75,75,75,0,0],"gold":28,"neow_bonus":"THREE_ENEMY_KILL","is_daily":false,"chose_seed":false,"campfire_upgraded":1,"win_rate":0.0,"timestamp":1614230243,"path_taken":["M","M","?","M","$","R","E"],"items_purchased_type":["Relic"],"build_version":"2020-12-22","purchased_purges":0,"victory":false,"max_hp_per_floor":[75,75,75,75,75,75,75,75],"card_choices":[{"not_picked":["Heavy Blade","Warcry","conspire:Charge"],"picked":"SKIP","floor":1},{"not_picked":["Iron Wave","Warcry","Rampage","conspire:Charge","MostiFishMod:BrandingRite"],"picked":"SKIP","floor":2},{"not_picked":["Clash","Bloodletting","Flex","AT_GerminateFire","Clothesline"],"picked":"SKIP","floor":4}],"player_experience":143489,"relics_obtained":[{"floor":1,"key":"SynthV:TestCard"}],"event_choices":[{"damage_healed":0,"gold_gain":0,"player_choice":"Box","damage_taken":0,"relics_obtained":["AT_ArchangelStaff"],"max_hp_gain":0,"max_hp_loss":0,"event_name":"Big Fish","floor":3,"gold_loss":0,"cards_obtained":["Regret"]}],"is_beta":false,"boss_relics":[],"items_purged_floors":[],"is_endless":false,"potions_floor_spawned":[2],"killed_by":"3 Sentries","ascension_level":20}}