{"host":"8piv3t5bmy3h6dgk","time":1614295002,"event":{"mods":["AchievementEnabler","Astrologer","Bard","BaseMod","Better Altar","Better Match","BetterRewards","Colored Map","Colored Powertips","Faster Ascension Climbing","Gold Saver","Hermit","Minty Spire (QoL Compilation)","Remove Card Discount Mod","StSLib","The Disciple","The Hierophant","The Marked","The Necromancer","The Problem Sleuth","The Valiant","The Wild Card"],"gold_per_floor":[114,133,53,66,80,6,19,19,19,19,39,114,144,144,144,249,249,260,260,309,309,322,342,291,304,304,504,504,524,573,606,606,707,707,727,255,303,318,167,167,181,210,210,210,220,234,251,0,0,0],"floor_reached":51,"language":"ENG","playtime":1605,"items_purged":["Defend_R","Defend_R","Defend_R","Defend_R"],"score":849,"play_id":"5064b6e9-3d1d-4e5d-9170-f2f72d9fd1b1","local_time":"20210225181642","is_ascension_mode":false,"campfire_choices":[{"data":"Feed","floor":8,"key":"SMITH"},{"data":"Clash","floor":10,"key":"SMITH"},{"floor":15,"key":"REST"},{"data":"Inflame","floor":28,"key":"SMITH"},{"floor":32,"key":"REST"},{"floor":40,"key":"REST"},{"floor":44,"key":"REST"},{"data":"Apotheosis","floor":49,"key":"SMITH"}],"circlet_count":0,"master_deck":["Strike_R","Strike_R","Strike_R","Strike_R","Strike_R","Bash","Inflame+1","Whirlwind","Flex+1","Heavy Blade","Feed+1","Heavy Blade+1","Searing Blow","Clash+1","Flex+1","Thunderclap","Clash+1","Cleave","Demon Form","Apotheosis+1","Whirlwind","Flex","Flex","Heavy Blade+1","Parasite","Flex+1","Flex","Heavy Blade"],"relics":["Burning Blood","Brimstone","Tiny Chest","War Paint","Philosopher\u0027s Stone","MealTicket","Dream Catcher","Winged Necklace","Singing Bowl","SlaversCollar","Chemical X","Torii","Orichalcum","White Beast Statue","Whetstone"],"acts_visited":["Exordium","TheCity","TheBeyond"],"potions_floor_usage":[5,16,16,16,16,16,31,31,39,39,42,42,50,50,50],"damage_taken":[{"damage":0,"enemies":"Cultist","floor":1,"turns":2},{"damage":0,"enemies":"2 Louse","floor":2,"turns":1},{"damage":12,"enemies":"Jaw Worm","floor":4,"turns":2},{"damage":0,"enemies":"Looter","floor":5,"turns":1},{"damage":0,"enemies":"2 Fungi Beasts","floor":7,"turns":2},{"damage":13,"enemies":"Blue Slaver","floor":11,"turns":2},{"damage":20,"enemies":"Lagavulin","floor":13,"turns":3},{"damage":63,"enemies":"Hexaghost","floor":16,"turns":4},{"damage":0,"enemies":"Spheric Guardian","floor":18,"turns":2},{"damage":30,"enemies":"Shell Parasite","floor":22,"turns":3},{"damage":9,"enemies":"3 Cultists","floor":23,"turns":3},{"damage":0,"enemies":"Snake Plant","floor":25,"turns":2},{"damage":14,"enemies":"Centurion and Healer","floor":29,"turns":2},{"damage":43,"enemies":"Book of Stabbing","floor":31,"turns":3},{"damage":34,"enemies":"Collector","floor":33,"turns":5},{"damage":27,"enemies":"3 Shapes","floor":35,"turns":2},{"damage":45,"enemies":"2 Orb Walkers","floor":37,"turns":3},{"damage":43,"enemies":"3 Darklings","floor":38,"turns":3},{"damage":45,"enemies":"4 Shapes","floor":41,"turns":2},{"damage":15,"enemies":"Giant Head","floor":42,"turns":4},{"damage":6,"enemies":"Jaw Worm Horde","floor":45,"turns":2},{"damage":12,"enemies":"Writhing Mass","floor":46,"turns":3},{"damage":0,"enemies":"3 Darklings","floor":47,"turns":1},{"damage":94,"enemies":"Time Eater","floor":50,"turns":5}],"seed_played":"-3699733780114117634","potions_obtained":[{"floor":1,"key":"SneckoOil"},{"floor":2,"key":"Dexterity Potion"},{"floor":5,"key":"LiquidBronze"},{"floor":13,"key":"EntropicBrew"},{"floor":18,"key":"SpeedPotion"},{"floor":29,"key":"Fire Potion"},{"floor":31,"key":"SmokeBomb"},{"floor":37,"key":"AttackPotion"},{"floor":45,"key":"SkillPotion"},{"floor":46,"key":"Block Potion"},{"floor":47,"key":"AttackPotion"}],"is_trial":false,"path_per_floor":["M","M","$","M","M","$","M","R","T","R","M","?","E","$","R","B",null,"M","?","T","?","M","M","$","M","T","?","R","M","T","E","R","B",null,"M","$","?","M","$","R","M","E","T","R","M","M","M","$","R","B",null],"character_chosen":"IRONCLAD","items_purchased":["Inflame","Brimstone","Whirlwind","Flex","Feed","Searing Blow","Strength Potion","Chemical X","Strength Potion","EntropicBrew","Apotheosis","Fruit Juice","Flex","Whetstone","Flex","Heavy Blade"],"campfire_rested":4,"item_purchase_floors":[0,0,0,0,3,6,24,36,36,36,36,39,39,48,48,48],"current_hp_per_floor":[80,80,80,77,83,83,86,86,86,86,79,68,58,58,85,28,90,94,94,94,94,74,75,90,96,96,96,96,92,92,57,91,63,110,95,110,71,34,54,92,55,48,48,86,88,84,90,105,105,17],"gold":0,"neow_bonus":"","is_daily":false,"chose_seed":false,"campfire_upgraded":4,"win_rate":0.0,"timestamp":1614295002,"path_taken":["M","M","$","M","M","?","M","R","T","R","M","?","E","?","R","BOSS","M","?","?","?","?","M","$","M","T","?","R","M","?","E","R","BOSS","M","$","?","M","$","R","M","E","T","R","M","M","M","$","R","BOSS"],"items_purchased_type":["Card","Relic","Card","Card","Card","Card","Potion","Relic","Potion","Potion","Card","Potion","Card","Relic","Card","Card"],"build_version":"2020-12-22","purchased_purges":4,"victory":true,"max_hp_per_floor":[80,80,80,83,83,83,86,86,86,86,86,86,90,90,90,90,90,94,94,94,94,98,102,102,102,102,102,102,106,106,108,110,110,110,116,116,116,116,121,123,125,127,127,127,129,131,131,131,131,131],"card_choices":[{"not_picked":["Bloodletting","Second Wind","Armaments"],"picked":"SKIP","floor":1},{"not_picked":["Cleave","Seeing Red"],"picked":"Heavy Blade","floor":2},{"not_picked":["Rage","Perfected Strike"],"picked":"Heavy Blade","floor":4},{"not_picked":["Iron Wave","Twin Strike","Headbutt"],"picked":"SKIP","floor":5},{"not_picked":["Rage","Corruption"],"picked":"Clash","floor":7},{"not_picked":["Heavy Blade","Pommel Strike"],"picked":"Flex","floor":11},{"not_picked":["Carnage","Armaments"],"picked":"Thunderclap","floor":13},{"not_picked":["Intimidate+1","Perfected Strike+1","Shrug It Off"],"picked":"SKIP","floor":18},{"not_picked":["Wild Strike+1","Second Wind+1","Body Slam"],"picked":"SKIP","floor":22},{"not_picked":["Bloodletting+1","Juggernaut"],"picked":"Cleave","floor":23},{"not_picked":["Warcry","Infernal Blade","Shockwave"],"picked":"SKIP","floor":25},{"not_picked":["Disarm","Armaments","Iron Wave"],"picked":"SKIP","floor":29},{"not_picked":["Evolve+1","True Grit+1","Clothesline+1"],"picked":"Singing Bowl","floor":31},{"not_picked":["Bloodletting","Armaments","Warcry"],"picked":"Singing Bowl","floor":32},{"not_picked":["Double Tap","Offering"],"picked":"Demon Form","floor":33},{"not_picked":["Bloodletting","Iron Wave","Pummel+1"],"picked":"Singing Bowl","floor":35},{"not_picked":["Flex","Dual Wield+1"],"picked":"Whirlwind","floor":37},{"not_picked":["Thunderclap","Sever Soul+1"],"picked":"Flex","floor":38},{"not_picked":["Dropkick","Power Through+1","Warcry+1"],"picked":"Singing Bowl","floor":40},{"not_picked":["Headbutt","Thunderclap+1","Sword Boomerang+1"],"picked":"Singing Bowl","floor":41},{"not_picked":["Shrug It Off","Reaper","Reckless Charge+1"],"picked":"Singing Bowl","floor":42},{"not_picked":["Cleave+1","True Grit+1"],"picked":"Heavy Blade+1","floor":44},{"not_picked":["Combust+1","Power Through","Clash"],"picked":"Singing Bowl","floor":45},{"not_picked":["Sword Boomerang","Corruption","Body Slam"],"picked":"Singing Bowl","floor":46},{"not_picked":["Infernal Blade+1","Armaments+1"],"picked":"Flex+1","floor":47}],"player_experience":158216,"relics_obtained":[{"floor":9,"key":"Tiny Chest"},{"floor":13,"key":"War Paint"},{"floor":20,"key":"MealTicket"},{"floor":26,"key":"Dream Catcher"},{"floor":30,"key":"Winged Necklace"},{"floor":31,"key":"Singing Bowl"},{"floor":37,"key":"Torii"},{"floor":42,"key":"Orichalcum"},{"floor":43,"key":"White Beast Statue"}],"event_choices":[{"damage_healed":0,"gold_gain":75,"player_choice":"Gather Gold","damage_taken":11,"max_hp_gain":0,"max_hp_loss":0,"event_name":"World of Goop","floor":12,"gold_loss":0},{"damage_healed":0,"gold_gain":0,"player_choice":"Read","damage_taken":0,"max_hp_gain":0,"max_hp_loss":0,"event_name":"The Library","floor":19,"gold_loss":0,"cards_obtained":["Clash"]},{"damage_healed":0,"gold_gain":0,"player_choice":"Ignored","damage_taken":0,"max_hp_gain":0,"max_hp_loss":0,"event_name":"Beggar","floor":21,"gold_loss":0},{"damage_healed":0,"gold_gain":250,"player_choice":"Bet on Owner","damage_taken":0,"max_hp_gain":0,"max_hp_loss":0,"event_name":"The Joust","floor":27,"gold_loss":50},{"damage_healed":0,"gold_gain":0,"player_choice":"Fight","damage_taken":0,"max_hp_gain":0,"max_hp_loss":0,"event_name":"Mysterious Sphere","floor":37,"gold_loss":0}],"is_beta":false,"boss_relics":[{"not_picked":["Tiny House","Busted Crown"],"picked":"Philosopher\u0027s Stone"},{"not_picked":["Runic Pyramid","Cursed Key"],"picked":"SlaversCollar"}],"items_purged_floors":[0,0,0,0],"is_endless":false,"potions_floor_spawned":[1,2,5,13,18,29,31,37,38,45,46,47],"ascension_level":0}}