{"host":"jt67skv49snb75sm","time":1614290495,"event":{"mods":["BaseMod","Bestiary","Minty Spire (QoL Compilation)","Relic Stats"],"gold_per_floor":[115,115,131,131,143,143,175,193,193,209,209,359,30,55,55,128,128,141,158,174,174,202,233,233,264,314,314,346,356,356,390,390,467,467,484,706,325,344,355,380,380,393,417,199,199,199,230,246,246,246,246,246],"floor_reached":51,"language":"ENG","playtime":3656,"items_purged":["Doubt","Strike_G"],"score":1811,"play_id":"aae43139-106f-490c-b572-d7c6dc2d0d31","local_time":"20210225230135","is_ascension_mode":true,"campfire_choices":[{"data":"Poisoned Stab","floor":6.0,"key":"SMITH"},{"data":"Noxious Fumes","floor":15.0,"key":"SMITH"},{"floor":24,"key":"REST"},{"data":"Adrenaline","floor":27,"key":"SMITH"},{"data":"Blade Dance","floor":30,"key":"SMITH"},{"data":"Cloak And Dagger","floor":32,"key":"SMITH"},{"data":"Strike_G","floor":41,"key":"PURGE"},{"data":"Strike_G","floor":45,"key":"PURGE"},{"floor":49,"key":"RECALL"}],"circlet_count":0,"master_deck":["AscendersBane","Strike_G+1","Defend_G","Defend_G","Defend_G","Defend_G","Defend_G","Survivor","Neutralize","Accuracy+1","Underhanded Strike","Poisoned Stab+1","Tools of the Trade","Cloak And Dagger+1","Blade Dance+1","Noxious Fumes+1","Adrenaline+1","CurseOfTheBell","Calculated Gamble","Dash+1","Backstab","Necronomicurse","Blur+1","Deflect","Crippling Poison+1","Die Die Die+1","Acrobatics+1","Underhanded Strike+1","Footwork+1","Adrenaline+1","Catalyst","Choke+1"],"relics":["Ring of the Snake","Bag of Marbles","Pear","Meat on the Bone","Sling","Strawberry","Darkstone Periapt","Calling Bell","Shuriken","Snake Skull","Incense Burner","Necronomicon","Red Mask","Mercury Hourglass","Bottled Lightning","PreservedInsect","Molten Egg 2","Smiling Mask","Fusion Hammer","Oddly Smooth Stone","Anchor","Peace Pipe","DollysMirror","Sundial"],"acts_visited":["Exordium","TheCity","TheBeyond"],"potions_floor_usage":[22,50],"damage_taken":[{"damage":1.0,"enemies":"Jaw Worm","floor":1.0,"turns":5.0},{"damage":1.0,"enemies":"Small Slimes","floor":3.0,"turns":5.0},{"damage":1.0,"enemies":"2 Louse","floor":5.0,"turns":4.0},{"damage":0.0,"enemies":"Gremlin Nob","floor":7.0,"turns":1.0},{"damage":22.0,"enemies":"Large Slime","floor":8.0,"turns":8.0},{"damage":3.0,"enemies":"2 Fungi Beasts","floor":10.0,"turns":3.0},{"damage":14.0,"enemies":"Lagavulin","floor":14.0,"turns":6.0},{"damage":32.0,"enemies":"The Guardian","floor":16.0,"turns":13.0},{"damage":14.0,"enemies":"3 Byrds","floor":18.0,"turns":5.0},{"damage":16.0,"enemies":"Shell Parasite","floor":19.0,"turns":5.0},{"damage":23.0,"enemies":"Snake Plant","floor":20.0,"turns":5.0},{"damage":4,"enemies":"Masked Bandits","floor":22,"turns":4},{"damage":17,"enemies":"Book of Stabbing","floor":23,"turns":4},{"damage":0,"enemies":"Gremlin Leader","floor":25,"turns":3},{"damage":0,"enemies":"Slavers","floor":28,"turns":2},{"damage":7,"enemies":"Centurion and Healer","floor":29,"turns":5},{"damage":0,"enemies":"Book of Stabbing","floor":31,"turns":2},{"damage":27,"enemies":"Automaton","floor":33,"turns":7},{"damage":0,"enemies":"3 Darklings","floor":35,"turns":2},{"damage":0,"enemies":"Orb Walker","floor":38,"turns":2},{"damage":0,"enemies":"Sphere and 2 Shapes","floor":39,"turns":3},{"damage":11,"enemies":"Giant Head","floor":40,"turns":5},{"damage":0,"enemies":"3 Darklings","floor":42,"turns":2},{"damage":0,"enemies":"Nemesis","floor":47,"turns":3},{"damage":0,"enemies":"Jaw Worm Horde","floor":48,"turns":1},{"damage":66,"enemies":"Awakened One","floor":50,"turns":10},{"damage":42,"enemies":"Time Eater","floor":51,"turns":5}],"seed_played":"-6069120465593920761","potions_obtained":[{"floor":1.0,"key":"DuplicationPotion"},{"floor":3.0,"key":"AttackPotion"},{"floor":10.0,"key":"Fruit Juice"},{"floor":14.0,"key":"FearPotion"},{"floor":16.0,"key":"Energy Potion"},{"floor":22,"key":"SpeedPotion"}],"is_trial":false,"path_per_floor":["M","?","M","?","M","R","E","M","T","M","?","?","$","E","R","B",null,"M","M","M","?","?","E","R","E","T","R","E","M","R","E","R","B",null,"M","?","$","M","M","E","R","M","T","$","R","?","E","M","R","B","B"],"character_chosen":"THE_SILENT","items_purchased":["Sling","Strawberry","Oddly Smooth Stone","Anchor","DollysMirror"],"campfire_rested":1,"item_purchase_floors":[13,13,37,37,44],"current_hp_per_floor":[58,51,50,55,54,54,64,42,42,51,27,27,34,32,32,17,80,66,50,39,24,32,27,58,58,58,58,58,63,63,63,63,48,91,91,91,91,91,91,80,80,80,80,80,80,80,80,80,80,26,0,0],"gold":246,"neow_bonus":"RANDOM_COMMON_RELIC","is_daily":false,"chose_seed":false,"campfire_upgraded":5,"win_rate":0.0,"timestamp":1614290495,"path_taken":["M","?","M","?","M","R","E","M","T","M","?","?","$","E","R","BOSS","M","M","M","?","?","E","R","E","T","R","E","M","R","E","R","BOSS","M","?","$","M","M","E","R","M","T","$","R","?","E","?","R","BOSS","BOSS"],"items_purchased_type":["Relic","Relic","Relic","Relic","Relic"],"build_version":"2020-12-22","purchased_purges":2,"victory":false,"max_hp_per_floor":[66,66,66,71,71,71,81,81,81,81,81,81,88,88,88,93,99,99,99,99,105,105,105,105,105,105,105,105,105,105,105,105,105,105,105,105,105,105,105,105,105,105,105,105,105,105,105,105,105,105,105,105],"relic_stats":{"Darkstone Periapt":12,"counters":[27,119],"Snake Skull":[67],"PreservedInsect":264,"Smiling Mask":75,"Mercury Hourglass":[197],"Peace Pipe":2,"Shuriken":[58],"Sundial":[2],"Necronomicon":[32],"obtain_stats":[{"Darkstone Periapt":14,"Pear":7,"Oddly Smooth Stone":37,"Snake Skull":17,"PreservedInsect":26,"Incense Burner":17,"Sling":13,"Smiling Mask":31,"Mercury Hourglass":23,"Calling Bell":17,"Peace Pipe":40,"Anchor":37,"Shuriken":17,"DollysMirror":44,"Sundial":47,"Strawberry":13,"Molten Egg 2":28,"Fusion Hammer":34,"Bag of Marbles":0,"Necronomicon":21,"Red Mask":22,"Bottled Lightning":25,"Ring of the Snake":0,"Meat on the Bone":9},{"Darkstone Periapt":7,"Pear":4,"Oddly Smooth Stone":19,"Snake Skull":8,"PreservedInsect":14,"Incense Burner":8,"Sling":6,"Smiling Mask":17,"Mercury Hourglass":13,"Calling Bell":8,"Peace Pipe":22,"Anchor":19,"Shuriken":8,"DollysMirror":23,"Sundial":24,"Strawberry":6,"Molten Egg 2":15,"Fusion Hammer":18,"Bag of Marbles":0,"Necronomicon":11,"Red Mask":12,"Bottled Lightning":14,"Ring of the Snake":0,"Meat on the Bone":5},{"Darkstone Periapt":32,"Pear":15,"Oddly Smooth Stone":88,"Snake Skull":45,"PreservedInsect":71,"Incense Burner":45,"Sling":26,"Smiling Mask":79,"Mercury Hourglass":68,"Calling Bell":45,"Peace Pipe":98,"Anchor":88,"Shuriken":45,"DollysMirror":100,"Sundial":103,"Strawberry":26,"Molten Egg 2":73,"Fusion Hammer":86,"Bag of Marbles":0,"Necronomicon":60,"Red Mask":64,"Bottled Lightning":71,"Ring of the Snake":0,"Meat on the Bone":23}],"Ring of the Snake":[54],"Meat on the Bone":108},"card_choices":[{"not_picked":["Flying Knee","Eviscerate"],"picked":"Accuracy","floor":1.0},{"not_picked":["Slice","Blur"],"picked":"Underhanded Strike","floor":3.0},{"not_picked":["PiercingWail","Dagger Throw"],"picked":"Poisoned Stab","floor":5.0},{"not_picked":["Heel Hook","Concentrate"],"picked":"Tools of the Trade","floor":7.0},{"not_picked":["Backflip","Poisoned Stab"],"picked":"Cloak And Dagger","floor":8.0},{"not_picked":["Accuracy","Sucker Punch"],"picked":"Blade Dance","floor":10.0},{"not_picked":["Backflip","PiercingWail"],"picked":"Noxious Fumes","floor":14.0},{"not_picked":["Envenom","Phantasmal Killer"],"picked":"Adrenaline","floor":16.0},{"not_picked":["Bane","Poisoned Stab"],"picked":"Calculated Gamble","floor":18.0},{"not_picked":["Outmaneuver","Dagger Spray"],"picked":"Dash+1","floor":19.0},{"not_picked":["Tools of the Trade","Backflip"],"picked":"Backstab","floor":20.0},{"not_picked":["Calculated Gamble","Acrobatics"],"picked":"Blur+1","floor":23},{"not_picked":["Flying Knee","Dagger Spray","Dodge and Roll"],"picked":"SKIP","floor":25},{"not_picked":["All Out Attack+1","Escape Plan","Burst"],"picked":"SKIP","floor":28},{"not_picked":["Deadly Poison","Escape Plan"],"picked":"Deflect","floor":29},{"not_picked":["Calculated Gamble","Dodge and Roll"],"picked":"Crippling Poison+1","floor":31},{"not_picked":["Venomology","Tools of the Trade"],"picked":"Die Die Die+1","floor":33},{"not_picked":["Dagger Throw+1","Prepared"],"picked":"Acrobatics","floor":35},{"not_picked":["Dagger Spray+1","Reflex","Backflip"],"picked":"SKIP","floor":38},{"not_picked":["Sucker Punch+1","Prepared"],"picked":"Underhanded Strike+1","floor":39},{"not_picked":["Dash+1","Sucker Punch+1"],"picked":"Footwork+1","floor":40},{"not_picked":["Cloak And Dagger","Poisoned Stab+1","Doppelganger"],"picked":"SKIP","floor":42},{"not_picked":["Setup","Dagger Spray+1"],"picked":"Catalyst","floor":47},{"not_picked":["Blade Dance","Underhanded Strike+1"],"picked":"Choke+1","floor":48}],"player_experience":908523,"relics_obtained":[{"floor":7.0,"key":"Pear"},{"floor":9.0,"key":"Meat on the Bone"},{"floor":14.0,"key":"Darkstone Periapt"},{"floor":17.0,"key":"Shuriken"},{"floor":17.0,"key":"Snake Skull"},{"floor":17.0,"key":"Incense Burner"},{"floor":21.0,"key":"Necronomicon"},{"floor":22,"key":"Red Mask"},{"floor":23,"key":"Mercury Hourglass"},{"floor":25,"key":"Bottled Lightning"},{"floor":26,"key":"PreservedInsect"},{"floor":28,"key":"Molten Egg 2"},{"floor":31,"key":"Smiling Mask"},{"floor":40,"key":"Peace Pipe"},{"floor":47,"key":"Sundial"}],"event_choices":[{"cards_removed":["Strike_G"],"damage_healed":0.0,"max_hp_gain":0.0,"max_hp_loss":0.0,"gold_gain":0.0,"event_name":"Golden Wing","player_choice":"Card Removal","floor":2.0,"gold_loss":0.0,"damage_taken":7.0},{"damage_healed":0.0,"max_hp_gain":5.0,"max_hp_loss":0.0,"gold_gain":0.0,"event_name":"Big Fish","player_choice":"Donut","floor":4.0,"gold_loss":0.0,"damage_taken":0.0},{"damage_healed":0.0,"max_hp_gain":0.0,"max_hp_loss":0.0,"gold_gain":0.0,"event_name":"Shining Light","player_choice":"Entered Light","floor":11.0,"gold_loss":0.0,"damage_taken":24.0,"cards_upgraded":["Strike_G","Accuracy"]},{"damage_healed":0.0,"max_hp_gain":0.0,"max_hp_loss":0.0,"gold_gain":150.0,"event_name":"Liars Game","player_choice":"AGREE","floor":12.0,"gold_loss":0.0,"damage_taken":0.0,"cards_obtained":["Doubt"]},{"damage_healed":0.0,"max_hp_gain":0.0,"max_hp_loss":0.0,"gold_gain":0.0,"event_name":"Cursed Tome","player_choice":"Obtained Book","floor":21.0,"gold_loss":0.0,"damage_taken":21.0},{"damage_healed":0,"gold_gain":0,"player_choice":"Fought Bandits","damage_taken":0,"max_hp_gain":0,"max_hp_loss":0,"event_name":"Masked Bandits","floor":22,"gold_loss":0},{"damage_healed":0,"gold_gain":222,"player_choice":"Wore Mask","damage_taken":0,"max_hp_gain":0,"max_hp_loss":0,"event_name":"Tomb of Lord Red Mask","floor":36,"gold_loss":0},{"damage_healed":0,"gold_gain":0,"player_choice":"Upgraded","damage_taken":0,"max_hp_gain":0,"max_hp_loss":0,"event_name":"Upgrade Shrine","floor":46,"gold_loss":0,"cards_upgraded":["Acrobatics"]}],"is_beta":false,"boss_relics":[{"not_picked":["Philosopher\u0027s Stone","HoveringKite"],"picked":"Calling Bell"},{"not_picked":["Ring of the Serpent","SlaversCollar"],"picked":"Fusion Hammer"}],"items_purged_floors":[37,44],"is_endless":false,"potions_floor_spawned":[1,3,10,14,16,19,20,22,29,39,40,47,48],"killed_by":"Time Eater","ascension_level":20}}