{"host":"emzatosnsokm6754","time":1614234817,"event":{"mods":["Act Like it!","BaseMod","Bossed Relics","Colored Powertips","Dota2Spire","Energized Spire","Minty Spire (QoL Compilation)","Rare Cards Sparkle","Replay The Spire","Ruina","Small Relic Pack","StSLib","The Hierophant","The Servant 0.9.4"],"gold_per_floor":[116,130,25,44,56,56,84,84,108,34,34,67,86,98,98,199,199,212,212,212,112,126,157,169,194,231,274,306,49,78,89,89,193,193,212,212,212,30,44,44,75,87,87,87,102,137,137,154,154,154,154,154,154,189,189],"floor_reached":56,"language":"ENG","playtime":2875,"items_purged":["Snipe"],"score":1192,"play_id":"80df5a37-0676-40d9-9831-0278dda7ee1f","local_time":"20210225193337","is_ascension_mode":true,"campfire_choices":[{"data":"FanOfKnives","floor":6,"key":"SMITH"},{"data":"Moonlight","floor":11,"key":"SMITH"},{"data":"SilverBlades","floor":15,"key":"SMITH"},{"data":"SoulSculpture","floor":24,"key":"SMITH"},{"data":"SurpressingFire","floor":32,"key":"SMITH"},{"floor":40,"key":"RECALL"},{"data":"SoulSculpture","floor":44,"key":"SMITH"},{"data":"MurderousAura","floor":47,"key":"SMITH"},{"data":"WasteNot","floor":49,"key":"SMITH"},{"data":"BottledTime","floor":52,"key":"SMITH"}],"circlet_count":0,"master_deck":["Strike_S","Strike_S","Strike_S","Strike_S","Defend_S","Defend_S","Defend_S","Defend_S","KidneyShot","Exchange","TimeWarp","SilverBlades+1","FanOfKnives+1","InstantArmor","Ricochet","Sabotage","TimeWarp","Moonlight+1","TimeWarp","WasteNot+1","PendulumOfEternity","Misdirection+1","ruina:FalseThrone","SoulSculpture+1","Rearm+1","Ricochet","SurpressingFire+1","ruina:Mimicry","BottledTime+1","SoulSculpture+1","RealityMarble+1","Alleviate+1","Comet+1","MurderousAura+1","GearUp+1","Gouge+1"],"relics":["Uniform","Dota2Spire:PowerTreads","Pen Nib","Blood Vial","Dota2Spire:EchoSabre","Dota2Spire:Bloodstone","MawBank","Tiny Chest","Bottled Flame","Dream Catcher","Pandora\u0027s Box","relicPack:DSword","Sling","Oddly Smooth Stone","Divine Protection","relicPack:DarknessArmor"],"acts_visited":["Exordium","ruina:Briah","TheBeyond","TheEnding"],"potions_floor_usage":[14,16,16,27,50],"damage_taken":[{"damage":0,"enemies":"Cultist","floor":1,"turns":3},{"damage":3,"enemies":"Jaw Worm","floor":2,"turns":4},{"damage":0,"enemies":"2 Louse","floor":4,"turns":1},{"damage":0,"enemies":"2 Fungi Beasts","floor":5,"turns":2},{"damage":0,"enemies":"Lagavulin","floor":7,"turns":7},{"damage":8,"enemies":"Replay:BlueRogue","floor":12,"turns":4},{"damage":0,"enemies":"Looter","floor":13,"turns":2},{"damage":0,"enemies":"Blue Slaver","floor":14,"turns":1},{"damage":15,"enemies":"Fading Forest","floor":16,"turns":11},{"damage":16,"enemies":"ruina:3_Bats","floor":18,"turns":4},{"damage":9,"enemies":"ruina:BadWolf","floor":22,"turns":4},{"damage":10,"enemies":"ruina:Mountain","floor":23,"turns":5},{"damage":0,"enemies":"ruina:Woodsman","floor":25,"turns":2},{"damage":1,"enemies":"ruina:ServantOfWrath","floor":27,"turns":3},{"damage":5,"enemies":"ruina:QueenOfHate","floor":28,"turns":3},{"damage":18,"enemies":"ruina:RoadHome","floor":30,"turns":3},{"damage":15,"enemies":"ruina:3_Scarecrows","floor":31,"turns":3},{"damage":10,"enemies":"ruina:JesterOfNihil","floor":33,"turns":7},{"damage":18,"enemies":"3 Darklings","floor":35,"turns":3},{"damage":0,"enemies":"Orb Walker","floor":39,"turns":2},{"damage":15,"enemies":"Nemesis","floor":41,"turns":5},{"damage":10,"enemies":"Spire Growth","floor":42,"turns":4},{"damage":4,"enemies":"Jaw Worm Horde","floor":45,"turns":2},{"damage":0,"enemies":"Giant Head","floor":46,"turns":5},{"damage":0,"enemies":"Sphere and 2 Shapes","floor":48,"turns":3},{"damage":25,"enemies":"Replay:Hell Engine","floor":50,"turns":5},{"damage":0,"enemies":"Shield and Spear","floor":54,"turns":3},{"damage":6,"enemies":"The Heart","floor":55,"turns":4}],"seed_played":"4052303565439477129","potions_obtained":[{"floor":1,"key":"Adrenaline Potion"},{"floor":5,"key":"Milkshake"},{"floor":7,"key":"LiquidBronze"},{"floor":12,"key":"Dexterity Potion"},{"floor":18,"key":"Reflective Coating"},{"floor":23,"key":"Adrenaline Potion"},{"floor":25,"key":"Doom Potion"},{"floor":30,"key":"Dexterity Potion"},{"floor":33,"key":"Dexterity Potion"},{"floor":42,"key":"AttackPotion"}],"is_trial":false,"path_per_floor":["M","M","$","M","M","R","E","?","T","$","R","E","M","M","R","B",null,"M","?","?","?","M","E","R","M","T","E","M","$","E","M","R","B",null,"M","?","?","$","M","R","E","M","T","R","M","E","R","M","R","B",null,"R","$","E","B",null],"character_chosen":"THE_SERVANT","items_purchased":["FanOfKnives","InstantArmor","Moonlight","ruina:Mimicry","Sling","Alleviate+1"],"campfire_rested":0,"item_purchase_floors":[3,3,10,29,38,38],"current_hp_per_floor":[65,62,62,62,62,62,62,62,62,62,62,56,58,60,60,65,65,49,61,61,61,54,46,46,48,48,49,46,46,51,44,44,36,77,59,24,24,24,60,60,77,77,77,77,73,75,75,77,77,77,77,77,77,77,71],"gold":189,"neow_bonus":"RANDOM_COMMON_RELIC","is_daily":false,"chose_seed":false,"campfire_upgraded":9,"win_rate":0.0,"timestamp":1614234817,"path_taken":["M","M","$","?","M","R","E","?","T","$","R","E","M","?","R","BOSS","M","?","?","?","M","E","R","M","T","E","M","$","E","M","R","BOSS","M","?","?","$","M","R","E","M","T","R","?","E","R","M","R","BOSS","R","$","E","BOSS"],"items_purchased_type":["Card","Card","Card","Card","Relic","Card"],"build_version":"2020-12-22","purchased_purges":1,"victory":true,"max_hp_per_floor":[65,65,65,65,65,65,65,65,65,65,65,65,65,65,65,65,65,65,77,77,77,77,77,77,77,77,77,77,77,77,77,77,77,77,77,77,77,77,77,77,77,77,77,77,77,77,77,77,77,77,77,77,77,77,77],"card_choices":[{"not_picked":["Revamp","Replace"],"picked":"TimeWarp","floor":1},{"not_picked":["Revamp","Rewind"],"picked":"SilverBlades","floor":2},{"not_picked":["Replace","Collapse"],"picked":"Ricochet","floor":4},{"not_picked":["Replace","FastForward"],"picked":"Sabotage","floor":5},{"not_picked":["Moondial","Reset"],"picked":"TimeWarp","floor":7},{"not_picked":["Unruled","ShatteredReality","Replace"],"picked":"SKIP","floor":12},{"not_picked":["Unruled","DualDimension"],"picked":"TimeWarp","floor":13},{"not_picked":["Moonlight","InstantArmor"],"picked":"WasteNot","floor":14},{"not_picked":["FlawlessForm","ForgedInTime"],"picked":"PendulumOfEternity","floor":16},{"not_picked":["Potential","Deadline"],"picked":"Misdirection+1","floor":18},{"not_picked":["Duplication","FloweringNight"],"picked":"SoulSculpture","floor":21},{"not_picked":["Moondial","BottledTime+1"],"picked":"Rearm+1","floor":22},{"not_picked":["Dilation","DoubleEdge+1"],"picked":"Snipe","floor":23},{"not_picked":["TimeWarp","Unruled"],"picked":"Ricochet","floor":25},{"not_picked":["SpecialFormula","Revamp"],"picked":"SurpressingFire","floor":27},{"not_picked":["RealityMarble","Read","FastForward"],"picked":"SKIP","floor":28},{"not_picked":["Replace+1","Moondial","Barrier"],"picked":"SKIP","floor":30},{"not_picked":["Shuttle","Rewind"],"picked":"BottledTime","floor":31},{"not_picked":["Deny","FlawlessForm"],"picked":"SoulSculpture","floor":33},{"not_picked":["Revamp+1","Barrier"],"picked":"RealityMarble+1","floor":35},{"not_picked":["Barrier+1","Potential+1","Revamp"],"picked":"SKIP","floor":39},{"not_picked":["Barrier","LightFlow"],"picked":"Comet+1","floor":41},{"not_picked":["Rewind","Ricochet","Unruled"],"picked":"SKIP","floor":42},{"not_picked":["Collapse+1","Spin+1","Misdirection+1"],"picked":"SKIP","floor":45},{"not_picked":["FastForward","FanOfKnives+1"],"picked":"MurderousAura","floor":46},{"not_picked":["DoubleEdge+1","SurpressingFire"],"picked":"GearUp+1","floor":48},{"not_picked":["Rearm","Alleviate+1"],"picked":"Gouge+1","floor":54}],"player_experience":218370,"relics_obtained":[{"floor":7,"key":"Pen Nib"},{"floor":9,"key":"Blood Vial"},{"floor":12,"key":"Dota2Spire:EchoSabre"},{"floor":23,"key":"MawBank"},{"floor":26,"key":"Tiny Chest"},{"floor":27,"key":"Bottled Flame"},{"floor":30,"key":"Dream Catcher"},{"floor":41,"key":"Oddly Smooth Stone"},{"floor":46,"key":"Divine Protection"},{"floor":54,"key":"relicPack:DarknessArmor"}],"event_choices":[{"damage_healed":0,"gold_gain":0,"player_choice":"Ignored","damage_taken":0,"max_hp_gain":0,"max_hp_loss":0,"event_name":"NoteForYourself","floor":8,"gold_loss":0},{"damage_healed":0,"gold_gain":0,"player_choice":"Ignored","damage_taken":0,"max_hp_gain":0,"max_hp_loss":0,"event_name":"Purifier","floor":37,"gold_loss":0}],"is_beta":false,"boss_relics":[{"not_picked":["relicPack:KazumaCape","Black Star"],"picked":"Dota2Spire:Bloodstone"},{"not_picked":["SlaversCollar","Snecko Eye"],"picked":"Pandora\u0027s Box"}],"items_purged_floors":[29],"is_endless":false,"potions_floor_spawned":[1,5,7,12,18,23,25,30,33,39,41,42,46],"ascension_level":1}}