{"host":"r4yhuzs0e1z69tr3","time":1614222229,"event":{"mods":["BaseMod","Minty Spire (QoL Compilation)","Rare Cards Sparkle"],"gold_per_floor":[112,131,56,56,67,92,92,57,84,84,111,111,111,129,129,227,227,239,254,254,254,254,286,303,338,364,364,399,414,449,462,462,563,563,578,592,606,209,209,209,240,253,253,54,54,66,77,94,94,94,94],"floor_reached":50,"language":"ENG","playtime":3768,"items_purged":[],"score":624,"play_id":"b7289b1b-df0f-4bb9-a55c-408319f0a8ea","local_time":"20210224220349","is_ascension_mode":true,"campfire_choices":[{"floor":7.0,"key":"REST"},{"data":"Crescendo","floor":10.0,"key":"SMITH"},{"data":"Swivel","floor":12.0,"key":"SMITH"},{"data":"Sanctity","floor":15.0,"key":"SMITH"},{"floor":27.0,"key":"REST"},{"floor":32.0,"key":"REST"},{"data":"Establishment","floor":40.0,"key":"SMITH"},{"floor":49.0,"key":"REST"}],"circlet_count":0,"master_deck":["Strike_P+1","Strike_P+1","Strike_P+1","Strike_P+1","Defend_P+1","Defend_P+1","Defend_P+1","Defend_P+1","Eruption+1","Vigilance","EmptyMind","Crescendo+1","Sanctity+1","WheelKick","CutThroughFate","Swivel+1","FollowUp","Ragnarok","BattleHymn","WindmillStrike","EmptyFist+1","ConjureBlade","Tantrum+1","FlyingSleeves+1","Establishment+1","Protect+1","CrushJoints","Tantrum"],"relics":["PureWater","NeowsBlessing","Ginger","Pen Nib","Bag of Preparation","Boot","Busted Crown","Akabeko","Omamori","Tiny Chest","Red Mask","Anchor","SlaversCollar","Toxic Egg 2","MealTicket","Regal Pillow","Lee\u0027s Waffle"],"acts_visited":["Exordium","TheCity","TheBeyond"],"potions_floor_usage":[],"damage_taken":[{"damage":0.0,"enemies":"Cultist","floor":1.0,"turns":1.0},{"damage":0.0,"enemies":"Small Slimes","floor":2.0,"turns":1.0},{"damage":0.0,"enemies":"2 Louse","floor":5.0,"turns":1.0},{"damage":26.0,"enemies":"3 Sentries","floor":6.0,"turns":9.0},{"damage":0.0,"enemies":"Gremlin Nob","floor":11.0,"turns":2.0},{"damage":0.0,"enemies":"2 Fungi Beasts","floor":14.0,"turns":2.0},{"damage":26.0,"enemies":"Slime Boss","floor":16.0,"turns":6.0},{"damage":0.0,"enemies":"Chosen","floor":18.0,"turns":3.0},{"damage":1.0,"enemies":"Shell Parasite","floor":19.0,"turns":2.0},{"damage":18.0,"enemies":"Book of Stabbing","floor":23.0,"turns":5.0},{"damage":0.0,"enemies":"Snecko","floor":24.0,"turns":3.0},{"damage":20.0,"enemies":"Slavers","floor":25.0,"turns":6.0},{"damage":8.0,"enemies":"Masked Bandits","floor":28.0,"turns":4.0},{"damage":0.0,"enemies":"Chosen and Byrds","floor":29.0,"turns":3.0},{"damage":27.0,"enemies":"Gremlin Leader","floor":30.0,"turns":4.0},{"damage":13.0,"enemies":"Centurion and Healer","floor":31.0,"turns":4.0},{"damage":13.0,"enemies":"Collector","floor":33.0,"turns":5.0},{"damage":0.0,"enemies":"3 Shapes","floor":35.0,"turns":2.0},{"damage":15.0,"enemies":"3 Darklings","floor":36.0,"turns":4.0},{"damage":0.0,"enemies":"Maw","floor":37.0,"turns":4.0},{"damage":20.0,"enemies":"Giant Head","floor":41.0,"turns":5.0},{"damage":40.0,"enemies":"Spire Growth","floor":42.0,"turns":4.0},{"damage":0.0,"enemies":"3 Darklings","floor":46.0,"turns":3.0},{"damage":31.0,"enemies":"Jaw Worm Horde","floor":47.0,"turns":3.0},{"damage":15.0,"enemies":"4 Shapes","floor":48.0,"turns":3.0},{"damage":73,"enemies":"Time Eater","floor":50,"turns":6}],"seed_played":"6024292193137477578","potions_obtained":[{"floor":2.0,"key":"StancePotion"},{"floor":6.0,"key":"PowerPotion"},{"floor":19.0,"key":"Explosive Potion"},{"floor":24.0,"key":"GamblersBrew"},{"floor":28.0,"key":"FairyPotion"},{"floor":31.0,"key":"SteroidPotion"},{"floor":37.0,"key":"Weak Potion"},{"floor":47.0,"key":"BottledMiracle"}],"is_trial":false,"path_per_floor":["M","M","$","T","M","E","R","?","T","R","E","R","?","M","R","B",null,"M","M","?","?","?","E","M","E","T","R","?","M","E","M","R","B",null,"M","M","M","$","?","R","E","M","T","$","$","M","M","M","R","B"],"character_chosen":"WATCHER","items_purchased":["Sanctity","Establishment","Toxic Egg 2","Lee\u0027s Waffle","CrushJoints"],"campfire_rested":4,"item_purchase_floors":[3,38,38,44,44],"current_hp_per_floor":[72,72,72,72,72,46,67,72,72,72,72,72,72,72,72,46,72,72,71,71,71,71,53,53,33,33,54,46,46,19,6,27,14,72,72,57,57,57,57,57,37,21,21,79,79,79,48,33,71,0,0],"gold":94,"neow_bonus":"THREE_ENEMY_KILL","is_daily":false,"chose_seed":false,"campfire_upgraded":4,"win_rate":0.0,"timestamp":1614222229,"path_taken":["M","?","$","?","M","E","R","?","T","R","E","R","?","M","R","BOSS","M","M","?","?","?","E","?","E","T","R","?","M","E","M","R","BOSS","M","M","M","$","?","R","E","M","T","?","$","M","M","M","R","BOSS"],"items_purchased_type":["Card","Card","Relic","Relic","Card"],"build_version":"2020-12-22","purchased_purges":0,"victory":false,"max_hp_per_floor":[72,72,72,72,72,72,72,72,72,72,72,72,72,72,72,72,72,72,72,72,72,72,72,72,72,72,72,72,72,72,72,72,72,72,72,72,72,72,72,72,72,72,72,79,79,79,79,79,79,79,79],"card_choices":[{"not_picked":["ThirdEye","FollowUp"],"picked":"EmptyMind","floor":1.0},{"not_picked":["Nirvana","Conclude"],"picked":"Crescendo","floor":2.0},{"not_picked":["ThirdEye","Halt"],"picked":"WheelKick","floor":5.0},{"not_picked":["Prostrate","Devotion"],"picked":"CutThroughFate","floor":6.0},{"not_picked":["Perseverance","JustLucky"],"picked":"Swivel","floor":11.0},{"not_picked":["SashWhip","LikeWater"],"picked":"FollowUp","floor":14.0},{"not_picked":["Brilliance","Establishment"],"picked":"Ragnarok","floor":16.0},{"not_picked":[],"picked":"BattleHymn","floor":18.0},{"not_picked":[],"picked":"WindmillStrike","floor":19.0},{"not_picked":["FlyingSleeves"],"picked":"SKIP","floor":23.0},{"not_picked":["FollowUp"],"picked":"SKIP","floor":24.0},{"not_picked":["Collect"],"picked":"SKIP","floor":25.0},{"not_picked":[],"picked":"EmptyFist+1","floor":28.0},{"not_picked":["DeceiveReality"],"picked":"SKIP","floor":29.0},{"not_picked":["Evaluate"],"picked":"SKIP","floor":30.0},{"not_picked":["Halt"],"picked":"SKIP","floor":31.0},{"not_picked":[],"picked":"ConjureBlade","floor":33.0},{"not_picked":[],"picked":"Tantrum+1","floor":35.0},{"not_picked":["Prostrate"],"picked":"SKIP","floor":36.0},{"not_picked":[],"picked":"FlyingSleeves+1","floor":37.0},{"not_picked":["Evaluate+1"],"picked":"SKIP","floor":41.0},{"not_picked":[],"picked":"Protect+1","floor":42.0},{"not_picked":[],"picked":"Tantrum","floor":46.0},{"not_picked":["ClearTheMind+1"],"picked":"SKIP","floor":47.0},{"not_picked":["FlyingSleeves"],"picked":"SKIP","floor":48.0}],"player_experience":187686,"relics_obtained":[{"floor":4.0,"key":"Ginger"},{"floor":6.0,"key":"Pen Nib"},{"floor":9.0,"key":"Bag of Preparation"},{"floor":11.0,"key":"Boot"},{"floor":23.0,"key":"Akabeko"},{"floor":25.0,"key":"Omamori"},{"floor":26.0,"key":"Tiny Chest"},{"floor":28.0,"key":"Red Mask"},{"floor":30.0,"key":"Anchor"},{"floor":41.0,"key":"MealTicket"},{"floor":43.0,"key":"Regal Pillow"}],"event_choices":[{"damage_healed":18.0,"max_hp_gain":0.0,"max_hp_loss":0.0,"gold_gain":0.0,"event_name":"The Cleric","player_choice":"Healed","floor":8.0,"gold_loss":35.0,"damage_taken":0.0},{"damage_healed":0.0,"max_hp_gain":0.0,"max_hp_loss":0.0,"gold_gain":0.0,"event_name":"Living Wall","player_choice":"Grow","floor":13.0,"gold_loss":0.0,"damage_taken":0.0,"cards_upgraded":["Eruption"]},{"damage_healed":0.0,"max_hp_gain":0.0,"max_hp_loss":0.0,"gold_gain":0.0,"event_name":"Back to Basics","player_choice":"Simplicity","floor":20.0,"gold_loss":0.0,"damage_taken":0.0,"cards_upgraded":["Strike_P","Strike_P","Strike_P","Strike_P","Defend_P","Defend_P","Defend_P","Defend_P"]},{"damage_healed":0.0,"max_hp_gain":0.0,"max_hp_loss":0.0,"gold_gain":0.0,"event_name":"Cursed Tome","player_choice":"Ignored","floor":21.0,"gold_loss":0.0,"damage_taken":0.0},{"damage_healed":0.0,"max_hp_gain":0.0,"max_hp_loss":0.0,"gold_gain":0.0,"event_name":"Beggar","player_choice":"Ignored","floor":22.0,"gold_loss":0.0,"damage_taken":0.0},{"damage_healed":0.0,"max_hp_gain":0.0,"max_hp_loss":0.0,"gold_gain":0.0,"event_name":"Masked Bandits","player_choice":"Fought Bandits","floor":28.0,"gold_loss":0.0,"damage_taken":0.0},{"damage_healed":0.0,"max_hp_gain":0.0,"max_hp_loss":0.0,"gold_gain":0.0,"event_name":"SensoryStone","player_choice":"Memory 1","floor":39.0,"gold_loss":0.0,"damage_taken":0.0}],"is_beta":false,"boss_relics":[{"not_picked":["Ectoplasm","Astrolabe"],"picked":"Busted Crown"},{"not_picked":["Philosopher\u0027s Stone","Pandora\u0027s Box"],"picked":"SlaversCollar"}],"items_purged_floors":[],"is_endless":false,"potions_floor_spawned":[2,6,19,24,28,31,35,37,47],"killed_by":"Time Eater","ascension_level":2}}