{"host":"q9qwbotttpvtd6fn","time":1614218705,"event":{"mods":["BaseMod","Colored Map","Minty Spire (QoL Compilation)","StSLib"],"gold_per_floor":[118,131,149,164,20,20,46,46,99,111,111,123,140,168,168,266,266,276,120,120,139,154,179,179,204,276,276,292,143,143,162,162,267,267,279,279,296,296,296,322,322,357,384,20,36,63,63,113,113,113],"floor_reached":51,"language":"ENG","playtime":4478,"items_purged":["Defend_P","LessonLearned"],"score":1152,"play_id":"6f424777-20ed-47b0-98e6-acd75022e5d9","local_time":"20210224210505","is_ascension_mode":true,"campfire_choices":[{"floor":6.0,"key":"REST"},{"data":"Crescendo","floor":8.0,"key":"SMITH"},{"floor":15.0,"key":"REST"},{"data":"Establishment","floor":24,"key":"SMITH"},{"data":"MentalFortress","floor":27,"key":"SMITH"},{"floor":32,"key":"REST"},{"floor":41,"key":"REST"},{"floor":49,"key":"REST"}],"circlet_count":0,"master_deck":["Eruption","Vigilance","EmptyBody","Crescendo+1","Meditate","EmptyMind","MentalFortress+1","Indignation","BowlingBash","Tantrum+1","Study","Devotion","FearNoEvil","Establishment+1","WindmillStrike","ClearTheMind","Perseverance","WindmillStrike+1","BattleHymn","MentalFortress+1","TalkToTheHand+1","Protect+1"],"relics":["PureWater","Letter Opener","Dream Catcher","Potion Belt","Pandora\u0027s Box","Melange","Meat on the Bone","Lantern","Blue Candle","Happy Flower","Black Star","Nunchaku","Bottled Flame","Vajra","FossilizedHelix","Orichalcum","Sling","Pocketwatch","Omamori","Turnip"],"acts_visited":["TheCity","TheBeyond"],"potions_floor_usage":[25,37,40,40,40,46,50,50,50],"damage_taken":[{"damage":14.0,"enemies":"2 Louse","floor":1.0,"turns":2.0},{"damage":0.0,"enemies":"Cultist","floor":2.0,"turns":4.0},{"damage":4.0,"enemies":"Small Slimes","floor":3.0,"turns":3.0},{"damage":4.0,"enemies":"Red Slaver","floor":4.0,"turns":5.0},{"damage":15.0,"enemies":"Gremlin Nob","floor":7.0,"turns":4.0},{"damage":12.0,"enemies":"Lots of Slimes","floor":10.0,"turns":4.0},{"damage":0.0,"enemies":"3 Louse","floor":12.0,"turns":1.0},{"damage":0.0,"enemies":"Gremlin Gang","floor":13.0,"turns":2.0},{"damage":2.0,"enemies":"3 Sentries","floor":14.0,"turns":5.0},{"damage":27.0,"enemies":"The Guardian","floor":16.0,"turns":10.0},{"damage":3.0,"enemies":"3 Byrds","floor":18.0,"turns":4.0},{"damage":8.0,"enemies":"Spheric Guardian","floor":21.0,"turns":4.0},{"damage":10.0,"enemies":"Centurion and Healer","floor":22.0,"turns":5.0},{"damage":11.0,"enemies":"Gremlin Leader","floor":23.0,"turns":6.0},{"damage":33,"enemies":"Slavers","floor":25,"turns":4},{"damage":6,"enemies":"Sentry and Sphere","floor":28,"turns":4},{"damage":0,"enemies":"Snake Plant","floor":31,"turns":4},{"damage":17,"enemies":"Champ","floor":33,"turns":7},{"damage":53,"enemies":"3 Darklings","floor":35,"turns":4},{"damage":23,"enemies":"3 Shapes","floor":37,"turns":7},{"damage":36,"enemies":"Reptomancer","floor":40,"turns":6},{"damage":21,"enemies":"Nemesis","floor":42,"turns":5},{"damage":27,"enemies":"3 Darklings","floor":45,"turns":4},{"damage":16,"enemies":"Reptomancer","floor":46,"turns":4},{"damage":0,"enemies":"Mind Bloom Boss Battle","floor":48,"turns":3},{"damage":38,"enemies":"Awakened One","floor":50,"turns":10}],"seed_played":"-6992074835590879622","potions_obtained":[{"floor":2.0,"key":"AttackPotion"},{"floor":4.0,"key":"DuplicationPotion"},{"floor":10.0,"key":"SneckoOil"},{"floor":12.0,"key":"Swift Potion"},{"floor":13.0,"key":"Fire Potion"},{"floor":14.0,"key":"PowerPotion"},{"floor":18.0,"key":"LiquidBronze"},{"floor":23.0,"key":"SkillPotion"},{"floor":31,"key":"LiquidMemories"},{"floor":33,"key":"BlessingOfTheForge"},{"floor":37,"key":"EssenceOfSteel"},{"floor":40,"key":"Ancient Potion"},{"floor":45,"key":"SkillPotion"},{"floor":46,"key":"BottledMiracle"}],"is_trial":false,"path_per_floor":["M","M","M","M","$","R","E","R","T","M","?","M","M","E","R","B",null,"M","$","?","M","M","E","R","E","T","R","M","$","?","M","R","B",null,"M","?","M","?","?","E","R","E","T","$","M","E","?","?","R","B",null],"character_chosen":"WATCHER","items_purchased":["MentalFortress","Melange","Happy Flower","Sling","LiquidBronze","Fire Potion"],"campfire_rested":5,"item_purchase_floors":[5,19,29,44,44,44],"current_hp_per_floor":[37,37,33,29,29,50,35,35,35,23,23,23,23,21,42,15,72,69,69,69,61,51,40,40,19,19,19,25,25,25,37,58,41,72,31,31,20,20,63,39,57,36,36,36,21,17,17,29,47,21],"gold":113,"neow_bonus":"REMOVE_TWO","is_daily":false,"chose_seed":false,"campfire_upgraded":3,"win_rate":0.0,"timestamp":1614218705,"path_taken":["M","M","M","M","$","R","E","R","T","M","?","?","M","E","R","BOSS","M","$","?","?","M","E","R","E","T","R","M","?","?","?","R","BOSS","M","?","M","?","?","E","R","E","T","$","M","E","?","?","R","BOSS"],"items_purchased_type":["Card","Relic","Relic","Relic","Potion","Potion"],"build_version":"2020-12-22","purchased_purges":2,"victory":true,"max_hp_per_floor":[72,72,72,72,72,72,72,72,72,72,72,72,72,72,72,72,72,72,72,72,72,72,72,72,72,72,72,72,72,72,72,72,72,72,72,72,72,72,63,63,63,63,63,63,63,63,63,63,63,63],"card_choices":[{"not_picked":["BowlingBash","CrushJoints"],"picked":"EmptyBody","floor":1.0},{"not_picked":["CrushJoints","SignatureMove"],"picked":"Crescendo","floor":2.0},{"not_picked":["Collect","Prostrate"],"picked":"Meditate","floor":3.0},{"not_picked":["PathToVictory","Nirvana"],"picked":"EmptyMind","floor":4.0},{"not_picked":["Vault","EmptyBody"],"picked":"Indignation","floor":7.0},{"not_picked":["WindmillStrike","FlyingSleeves"],"picked":"Consecrate","floor":10.0},{"not_picked":["EmptyBody","JustLucky"],"picked":"BowlingBash","floor":12.0},{"not_picked":["Vengeance","FlyingSleeves"],"picked":"Tantrum","floor":13.0},{"not_picked":["EmptyBody","Prostrate","PathToVictory"],"picked":"SKIP","floor":14.0},{"not_picked":["EmptyFist","PathToVictory"],"picked":"Study","floor":15.0},{"not_picked":["Wish","SpiritShield"],"picked":"Devotion","floor":16.0},{"not_picked":["Halt","Evaluate+1"],"picked":"Perseverance","floor":18.0},{"not_picked":["ClearTheMind+1","ReachHeaven"],"picked":"WindmillStrike+1","floor":21.0},{"not_picked":["Evaluate","EmptyFist"],"picked":"BattleHymn","floor":22.0},{"not_picked":["BattleHymn","CarveReality","InnerPeace+1"],"picked":"SKIP","floor":23.0},{"not_picked":["SashWhip+1","Meditate+1","PathToVictory"],"picked":"SKIP","floor":25},{"not_picked":["Worship","PathToVictory","Crescendo"],"picked":"SKIP","floor":28},{"not_picked":["CutThroughFate","ThirdEye","FlyingSleeves"],"picked":"SKIP","floor":31},{"not_picked":["ConjureBlade","MasterReality"],"picked":"LessonLearned","floor":33},{"not_picked":["EmptyBody","SashWhip+1"],"picked":"TalkToTheHand+1","floor":35},{"not_picked":["Tantrum","Conclude"],"picked":"Protect+1","floor":37},{"not_picked":["DeceiveReality+1","Swivel","Meditate"],"picked":"SKIP","floor":40},{"not_picked":["Fasting2","Wish","Tantrum+1"],"picked":"SKIP","floor":42},{"not_picked":["EmptyFist","Crescendo+1","Evaluate+1"],"picked":"SKIP","floor":45},{"not_picked":["ConjureBlade","BattleHymn","Fasting2+1"],"picked":"SKIP","floor":46}],"player_experience":501059,"relics_obtained":[{"floor":7.0,"key":"Letter Opener"},{"floor":9.0,"key":"Dream Catcher"},{"floor":14.0,"key":"Potion Belt"},{"floor":23.0,"key":"Meat on the Bone"},{"floor":25,"key":"Lantern"},{"floor":26,"key":"Blue Candle"},{"floor":40,"key":"Nunchaku"},{"floor":40,"key":"Bottled Flame"},{"floor":42,"key":"Vajra"},{"floor":42,"key":"FossilizedHelix"},{"floor":43,"key":"Orichalcum"},{"floor":46,"key":"Pocketwatch"},{"floor":46,"key":"Omamori"},{"floor":48,"key":"Turnip"}],"event_choices":[{"cards_removed":["Strike_P"],"damage_healed":0.0,"max_hp_gain":0.0,"max_hp_loss":0.0,"gold_gain":0.0,"event_name":"Bonfire Elementals","player_choice":"Offered Basic","floor":11.0,"gold_loss":0.0,"damage_taken":0.0},{"damage_healed":0.0,"max_hp_gain":0.0,"max_hp_loss":0.0,"gold_gain":0.0,"event_name":"Purifier","player_choice":"Ignored","floor":20.0,"gold_loss":0.0,"damage_taken":0.0},{"damage_healed":0,"gold_gain":0,"player_choice":"Copied","damage_taken":0,"max_hp_gain":0,"max_hp_loss":0,"event_name":"Duplicator","floor":30,"gold_loss":0,"cards_obtained":["MentalFortress"]},{"damage_healed":0,"gold_gain":0,"player_choice":"Ignored","damage_taken":0,"max_hp_gain":0,"max_hp_loss":0,"event_name":"Mysterious Sphere","floor":36,"gold_loss":0},{"damage_healed":0,"gold_gain":0,"player_choice":"Ignored","damage_taken":0,"max_hp_gain":0,"max_hp_loss":0,"event_name":"Tomb of Lord Red Mask","floor":38,"gold_loss":0},{"damage_healed":63,"gold_gain":0,"player_choice":"Heal","damage_taken":0,"max_hp_gain":0,"max_hp_loss":9,"event_name":"The Moai Head","floor":39,"gold_loss":0},{"cards_removed":["Consecrate"],"damage_healed":0,"gold_gain":0,"player_choice":"Removed Attack","damage_taken":0,"max_hp_gain":0,"max_hp_loss":0,"event_name":"Falling","floor":47,"gold_loss":0},{"damage_healed":0,"gold_gain":0,"player_choice":"Fight","damage_taken":0,"max_hp_gain":0,"max_hp_loss":0,"event_name":"MindBloom","floor":48,"gold_loss":0}],"is_beta":false,"boss_relics":[{"not_picked":["Velvet Choker","Snecko Eye"],"picked":"Pandora\u0027s Box"},{"not_picked":["Fusion Hammer","HolyWater"],"picked":"Black Star"}],"items_purged_floors":[5,44],"is_endless":false,"potions_floor_spawned":[2,4,10,12,13,14,18,23,31,33,37,40,45,46],"ascension_level":4}}