{"host":"aq7km0trio740wk5","time":1614223184,"event":{"mods":["BaseMod","Colored Powertips","Highlight Path","Minty Spire (QoL Compilation)","Permanent Neow","Relic Stats"],"gold_per_floor":[114,264,276,117,117,117,142,142,167,184,211,211,221,221,221,298,298,314,314,17,32,46,46,80,80,130,130,143,153,153,153,153,226,226,240,240,253,278,290,290,340,366,390,6,6,37,53,69,69,69,69],"floor_reached":50,"language":"ENG","playtime":3190,"items_purged":["Doubt","Strike_G"],"score":1181,"play_id":"8037d7a2-e7f6-46ed-bbcd-a208aa6d3ab4","local_time":"20210224211944","is_ascension_mode":true,"campfire_choices":[{"data":"Bouncing Flask","floor":6.0,"key":"SMITH"},{"floor":8.0,"key":"REST"},{"data":"Well Laid Plans","floor":12.0,"key":"SMITH"},{"floor":15.0,"key":"REST"},{"floor":23.0,"key":"REST"},{"floor":25.0,"key":"REST"},{"data":"Cloak And Dagger","floor":27.0,"key":"SMITH"},{"floor":30.0,"key":"REST"},{"data":"Cloak And Dagger","floor":32.0,"key":"SMITH"},{"data":"Wraith Form v2","floor":40.0,"key":"SMITH"},{"data":"Ghostly","floor":45,"key":"SMITH"},{"floor":49,"key":"RECALL"}],"circlet_count":0,"master_deck":["AscendersBane","Strike_G+1","Defend_G","Defend_G","Defend_G","Defend_G","Defend_G+1","Survivor","Neutralize+1","Infinite Blades","Poisoned Stab+1","Bouncing Flask+1","Blade Dance","Finisher+1","Well Laid Plans+1","PiercingWail","Phantasmal Killer","Dash","Blade Dance","Cloak And Dagger+1","Backflip","Terror","Cloak And Dagger+1","Escape Plan","Ghostly+1","Ghostly","Ghostly","Wraith Form v2+1","Eviscerate+1","Endless Agony+1","Sucker Punch+1","Well Laid Plans+1","Deadly Poison+1","Catalyst","Acrobatics"],"relics":["Ring of the Snake","StoneCalendar","Whetstone","Kunai","SlaversCollar","ClockworkSouvenir","Nunchaku","Lantern","Astrolabe","Ginger","The Courier","Dream Catcher","CaptainsWheel","Snake Skull","Bottled Tornado"],"acts_visited":[],"potions_floor_usage":[50],"damage_taken":[{"damage":5.0,"enemies":"Small Slimes","floor":1.0,"turns":6.0},{"damage":4.0,"enemies":"2 Louse","floor":3.0,"turns":4.0},{"damage":24.0,"enemies":"3 Sentries","floor":7.0,"turns":8.0},{"damage":0.0,"enemies":"Cultist","floor":10.0,"turns":3.0},{"damage":8.0,"enemies":"Lagavulin","floor":11.0,"turns":6.0},{"damage":7.0,"enemies":"Blue Slaver","floor":13.0,"turns":5.0},{"damage":13.0,"enemies":"Slime Boss","floor":16.0,"turns":5.0},{"damage":17.0,"enemies":"Spheric Guardian","floor":18.0,"turns":5.0},{"damage":1.0,"enemies":"2 Thieves","floor":21.0,"turns":5.0},{"damage":25.0,"enemies":"Cultist and Chosen","floor":22.0,"turns":7.0},{"damage":18.0,"enemies":"Slavers","floor":24.0,"turns":7.0},{"damage":12.0,"enemies":"Snake Plant","floor":28.0,"turns":4.0},{"damage":8.0,"enemies":"Shelled Parasite and Fungi","floor":29.0,"turns":7.0},{"damage":5.0,"enemies":"Champ","floor":33.0,"turns":8.0},{"damage":5.0,"enemies":"3 Shapes","floor":35.0,"turns":7.0},{"damage":8.0,"enemies":"3 Darklings","floor":37.0,"turns":7.0},{"damage":0.0,"enemies":"Mind Bloom Boss Battle","floor":38.0,"turns":6.0},{"damage":0.0,"enemies":"Maw","floor":39.0,"turns":7.0},{"damage":0.0,"enemies":"Nemesis","floor":42.0,"turns":7.0},{"damage":0,"enemies":"Reptomancer","floor":46,"turns":9},{"damage":0,"enemies":"Sphere and 2 Shapes","floor":47,"turns":7},{"damage":19,"enemies":"4 Shapes","floor":48,"turns":7},{"damage":20,"enemies":"Awakened One","floor":50,"turns":3}],"seed_played":"1080746614642152189","potions_obtained":[{"floor":3.0,"key":"SneckoOil"},{"floor":10.0,"key":"Block Potion"},{"floor":16.0,"key":"ColorlessPotion"},{"floor":18.0,"key":"Block Potion"},{"floor":22.0,"key":"PowerPotion"},{"floor":24.0,"key":"FearPotion"},{"floor":29.0,"key":"AttackPotion"},{"floor":35.0,"key":"FairyPotion"},{"floor":38.0,"key":"BlessingOfTheForge"}],"is_trial":false,"path_per_floor":["M","?","M","$","?","R","E","R","T","M","E","R","M","?","R","B",null,"M","?","$","M","M","R","E","R","T","R","M","M","R","?","R","B",null,"M","?","M","?","M","R","T","E","T","$","R","E","M","M","R","B"],"character_chosen":"THE_SILENT","items_purchased":["Bouncing Flask","ClockworkSouvenir","Blade Dance","CaptainsWheel","Snake Skull"],"campfire_rested":5,"item_purchase_floors":[4,20,20,44,44],"current_hp_per_floor":[54,54,50,50,55,55,31,52,52,52,44,44,37,16,37,24,59,42,32,32,31,6,27,9,30,30,30,18,10,31,31,31,26,33,28,28,20,20,20,20,20,20,20,20,20,20,20,1,1,0,0],"gold":69,"neow_bonus":"UPGRADE_CARD","is_daily":false,"chose_seed":false,"campfire_upgraded":6,"win_rate":0.0,"timestamp":1614223184,"path_taken":["M","?","M","$","?","R","E","R","T","M","E","R","M","?","R","BOSS","M","?","$","M","M","R","E","R","T","R","M","?","R","?","R","BOSS","M","?","M","?","M","R","?","E","T","$","R","E","M","M","R","BOSS"],"items_purchased_type":["Card","Relic","Card","Relic","Relic"],"build_version":"2020-12-22","purchased_purges":2,"victory":false,"max_hp_per_floor":[66,66,66,66,71,71,71,71,71,71,71,71,71,71,71,71,71,71,71,71,71,71,71,71,71,71,71,71,71,71,35,35,35,35,35,33,33,33,33,33,33,33,33,33,33,33,33,33,33,33,33],"relic_stats":{"Nunchaku":[8],"Dream Catcher":0,"counters":[4,26],"Astrolabe":[],"StoneCalendar":[150],"Snake Skull":[12],"Whetstone":[],"Kunai":[19],"Ginger":[2],"obtain_stats":[{"Lantern":0,"Astrolabe":0,"StoneCalendar":0,"The Courier":42,"Snake Skull":44,"Whetstone":0,"Ginger":0,"Bottled Tornado":46,"ClockworkSouvenir":0,"SlaversCollar":0,"Nunchaku":0,"Dream Catcher":43,"CaptainsWheel":44,"Kunai":0,"Ring of the Snake":0},{"Lantern":0,"Astrolabe":0,"StoneCalendar":0,"The Courier":0,"Snake Skull":0,"Whetstone":0,"Ginger":0,"Bottled Tornado":1,"ClockworkSouvenir":0,"SlaversCollar":0,"Nunchaku":0,"Dream Catcher":0,"CaptainsWheel":0,"Kunai":0,"Ring of the Snake":0},{"Lantern":0,"Astrolabe":0,"StoneCalendar":0,"The Courier":0,"Snake Skull":0,"Whetstone":0,"Ginger":0,"Bottled Tornado":9,"ClockworkSouvenir":0,"SlaversCollar":0,"Nunchaku":0,"Dream Catcher":0,"CaptainsWheel":0,"Kunai":0,"Ring of the Snake":0}],"Ring of the Snake":[8]},"card_choices":[{"not_picked":["Underhanded Strike","Backflip"],"picked":"Infinite Blades","floor":1.0},{"not_picked":["Quick Slash","Endless Agony"],"picked":"Poisoned Stab","floor":3.0},{"not_picked":["Caltrops","PiercingWail"],"picked":"Blade Dance","floor":7.0},{"not_picked":["Poisoned Stab","Concentrate"],"picked":"Finisher","floor":10.0},{"not_picked":["Concentrate","Dash"],"picked":"Well Laid Plans","floor":11.0},{"not_picked":["Glass Knife","Reflex"],"picked":"PiercingWail","floor":13.0},{"not_picked":["Venomology","Envenom"],"picked":"Phantasmal Killer","floor":16.0},{"not_picked":["Slice","Crippling Poison"],"picked":"Dash","floor":18.0},{"not_picked":["Outmaneuver","Eviscerate"],"picked":"Cloak And Dagger","floor":21.0},{"not_picked":["Expertise","Acrobatics"],"picked":"Backflip","floor":22.0},{"not_picked":["Crippling Poison","PiercingWail"],"picked":"Terror","floor":24.0},{"not_picked":["Infinite Blades","Flechettes"],"picked":"Cloak And Dagger","floor":28.0},{"not_picked":["Backflip","Blade Dance+1"],"picked":"Escape Plan","floor":29.0},{"not_picked":["Doppelganger","Storm of Steel"],"picked":"Wraith Form v2","floor":33.0},{"not_picked":["Blade Dance","Deadly Poison+1"],"picked":"Well Laid Plans+1","floor":35.0},{"not_picked":["Sucker Punch","Backflip","Outmaneuver"],"picked":"SKIP","floor":37.0},{"not_picked":["Setup+1","Slice","Backflip"],"picked":"SKIP","floor":39.0},{"not_picked":["Backstab","Calculated Gamble+1"],"picked":"Deadly Poison+1","floor":42},{"not_picked":["Deadly Poison","Slice+1","Grand Finale"],"picked":"SKIP","floor":46},{"not_picked":["Sucker Punch+1","PiercingWail+1"],"picked":"Catalyst","floor":47},{"not_picked":["Riddle With Holes","Storm of Steel"],"picked":"Acrobatics","floor":48}],"player_experience":4119553,"relics_obtained":[{"floor":7.0,"key":"StoneCalendar"},{"floor":9.0,"key":"Whetstone"},{"floor":11.0,"key":"Kunai"},{"floor":24.0,"key":"Nunchaku"},{"floor":26.0,"key":"Lantern"},{"floor":38.0,"key":"Ginger"},{"floor":42,"key":"The Courier"},{"floor":43,"key":"Dream Catcher"},{"floor":46,"key":"Bottled Tornado"}],"event_choices":[{"damage_healed":0.0,"max_hp_gain":0.0,"max_hp_loss":0.0,"gold_gain":150.0,"event_name":"Liars Game","player_choice":"AGREE","floor":2.0,"gold_loss":0.0,"damage_taken":0.0,"cards_obtained":["Doubt"]},{"damage_healed":0.0,"max_hp_gain":5.0,"max_hp_loss":0.0,"gold_gain":0.0,"event_name":"Big Fish","player_choice":"Donut","floor":5.0,"gold_loss":0.0,"damage_taken":0.0},{"damage_healed":0.0,"max_hp_gain":0.0,"max_hp_loss":0.0,"gold_gain":0.0,"event_name":"Shining Light","player_choice":"Entered Light","floor":14.0,"gold_loss":0.0,"damage_taken":21.0,"cards_upgraded":["Defend_G","Finisher"]},{"damage_healed":0.0,"max_hp_gain":0.0,"max_hp_loss":0.0,"gold_gain":0.0,"event_name":"Wheel of Change","player_choice":"Damaged","floor":19.0,"gold_loss":0.0,"damage_taken":10.0},{"damage_healed":0.0,"max_hp_gain":0.0,"max_hp_loss":36.0,"gold_gain":0.0,"event_name":"Ghosts","player_choice":"Became a Ghost","floor":31.0,"gold_loss":0.0,"damage_taken":0.0,"cards_obtained":["Ghostly","Ghostly","Ghostly"]},{"damage_healed":0.0,"max_hp_gain":0.0,"max_hp_loss":2.0,"gold_gain":0.0,"event_name":"Winding Halls","player_choice":"Max HP","floor":36.0,"gold_loss":0.0,"damage_taken":0.0},{"damage_healed":0.0,"max_hp_gain":0.0,"max_hp_loss":0.0,"gold_gain":0.0,"event_name":"MindBloom","player_choice":"Fight","floor":38.0,"gold_loss":0.0,"damage_taken":0.0}],"is_beta":false,"boss_relics":[{"not_picked":["SacredBark","Busted Crown"],"picked":"SlaversCollar"},{"not_picked":["Black Star","Calling Bell"],"picked":"Astrolabe"}],"items_purged_floors":[4,20],"is_endless":false,"potions_floor_spawned":[3,10,16,18,22,24,29,35,38,39,46],"killed_by":"Awakened One","ascension_level":20}}