{"host":"onmzcmq5a68cxj3d","time":1614283931,"event":{"mods":["BaseMod","Colored Map","Minty Spire (QoL Compilation)","Remove Card Discount Mod"],"gold_per_floor":[118,31,31,106,106,106,106,106,188,188,188,205,2,2,2,106,106,124,124,124,95,105,105,105,105,130,161,16,16,16,16,16,114,114,124,124,124,138,138,138,136,136,162,162,195,195,52,52,52,52],"floor_reached":51,"language":"ENG","playtime":2385,"items_purged":["Wraith Form v2","Strike_R","Strike_R","Defend_R","Defend_R","Strike_R","Strike_R","Thunderclap","Strike_R"],"score":692,"play_id":"cea9240d-594f-4c99-a91f-dd037560f0af","local_time":"20210225131211","daily_mods":["Heirloom","Time Dilation","Flight"],"is_ascension_mode":false,"campfire_choices":[{"data":"DevaForm","floor":6,"key":"SMITH"},{"data":"Echo Form","floor":8,"key":"SMITH"},{"floor":10,"key":"REST"},{"data":"Metallicize","floor":15,"key":"SMITH"},{"data":"Flame Barrier","floor":23,"key":"SMITH"},{"data":"Intimidate","floor":24,"key":"SMITH"},{"data":"Iron Wave","floor":25,"key":"SMITH"},{"data":"Shockwave","floor":29,"key":"SMITH"},{"floor":30,"key":"REST"},{"data":"Anger","floor":32,"key":"SMITH"},{"data":"Reaper","floor":40,"key":"SMITH"},{"data":"Anger","floor":42,"key":"SMITH"},{"data":"Anger","floor":44,"key":"SMITH"},{"data":"Bash","floor":46,"key":"SMITH"},{"data":"Defend_R","floor":49,"key":"SMITH"}],"circlet_count":0,"master_deck":["Demon Form+1","Echo Form+1","DevaForm+1","Defend_R+1","Bash+1","Intimidate+1","Metallicize+1","Flame Barrier+1","Iron Wave+1","Anger+1","Anger+1","Shockwave+1","Reaper+1","Anger+1"],"relics":["Unceasing Top","Calipers","Shuriken","InkBottle","TheAbacus","TungstenRod","SacredBark","Shovel","Omamori","Dead Branch","Medical Kit","Juzu Bracelet","Orichalcum","Lee\u0027s Waffle"],"acts_visited":["Exordium","TheCity","TheBeyond"],"potions_floor_usage":[27,33,50],"damage_taken":[{"damage":6,"enemies":"Jaw Worm","floor":1,"turns":3},{"damage":10,"enemies":"Small Slimes","floor":12,"turns":6},{"damage":11,"enemies":"Slime Boss","floor":16,"turns":8},{"damage":8,"enemies":"Chosen","floor":18,"turns":6},{"damage":14,"enemies":"2 Thieves","floor":22,"turns":5},{"damage":10,"enemies":"Slavers","floor":27,"turns":7},{"damage":15,"enemies":"Collector","floor":33,"turns":8},{"damage":33,"enemies":"3 Darklings","floor":35,"turns":5},{"damage":8,"enemies":"3 Shapes","floor":38,"turns":8},{"damage":16,"enemies":"Giant Head","floor":45,"turns":6},{"damage":60,"enemies":"Donu and Deca","floor":50,"turns":7}],"seed_played":"-8698446782765533258","potions_obtained":[{"floor":1,"key":"SneckoOil"},{"floor":27,"key":"Ancient Potion"},{"floor":38,"key":"ColorlessPotion"}],"is_trial":true,"path_per_floor":["M","$","?","?","?","R","?","R","T","R","?","M","$","T","R","B",null,"M","?","?","$","M","R","R","R","T","E","$","R","R","?","R","B",null,"M","$","?","M","?","R","$","R","T","R","E","R","$","?","R","B",null],"character_chosen":"IRONCLAD","items_purchased":["Metallicize","Iron Wave","TheAbacus","Anger","Medical Kit","Lee\u0027s Waffle"],"campfire_rested":2,"item_purchase_floors":[2,13,13,21,28,47],"current_hp_per_floor":[74,74,74,63,68,68,56,56,56,81,81,71,71,71,71,60,85,77,77,75,75,61,61,61,61,61,51,51,51,76,76,76,61,85,52,52,52,65,65,65,65,65,65,65,66,66,92,92,92,65],"gold":52,"neow_bonus":"","is_daily":false,"chose_seed":false,"campfire_upgraded":13,"win_rate":0.0,"timestamp":1614283931,"path_taken":["M","$","?","?","?","R","?","R","T","R","?","?","$","?","R","BOSS","M","?","?","$","?","R","R","R","T","E","$","R","R","?","R","BOSS","M","$","?","?","?","R","$","R","T","R","E","R","$","?","R","BOSS"],"items_purchased_type":["Card","Card","Relic","Card","Relic","Relic"],"build_version":"2020-12-22","purchased_purges":9,"victory":true,"max_hp_per_floor":[80,80,80,80,85,85,85,85,85,85,85,85,85,85,85,85,85,85,85,85,85,85,85,85,85,85,85,85,85,85,85,85,85,85,85,85,85,85,85,85,85,85,85,85,85,85,92,92,92,92],"card_choices":[{"not_picked":["Clash","Power Through"],"picked":"Intimidate","floor":1},{"not_picked":["Headbutt","Metallicize"],"picked":"Flame Barrier","floor":12},{"not_picked":["Disarm","Wild Strike"],"picked":"Anger","floor":18},{"not_picked":["Clothesline+1","Body Slam"],"picked":"Thunderclap","floor":22},{"not_picked":["Carnage+1","Twin Strike"],"picked":"Shockwave","floor":27},{"not_picked":["Fiend Fire","Corruption"],"picked":"Reaper","floor":33},{"not_picked":["Rupture","Clothesline+1","Dual Wield+1"],"picked":"SKIP","floor":35},{"not_picked":["Sword Boomerang+1","Warcry+1"],"picked":"Anger","floor":38},{"not_picked":["Ghostly Armor+1","Iron Wave+1","Juggernaut"],"picked":"SKIP","floor":45}],"player_experience":465521,"relics_obtained":[{"floor":9,"key":"InkBottle"},{"floor":14,"key":"TungstenRod"},{"floor":26,"key":"Omamori"},{"floor":27,"key":"Dead Branch"},{"floor":43,"key":"Juzu Bracelet"},{"floor":45,"key":"Orichalcum"}],"event_choices":[{"damage_healed":0,"gold_gain":0,"player_choice":"Ignored","damage_taken":0,"max_hp_gain":0,"max_hp_loss":0,"event_name":"Golden Wing","floor":3,"gold_loss":0},{"damage_healed":0,"gold_gain":75,"player_choice":"Gather Gold","damage_taken":11,"max_hp_gain":0,"max_hp_loss":0,"event_name":"World of Goop","floor":4,"gold_loss":0},{"damage_healed":0,"gold_gain":0,"player_choice":"Donut","damage_taken":0,"max_hp_gain":5,"max_hp_loss":0,"event_name":"Big Fish","floor":5,"gold_loss":0},{"damage_healed":0,"gold_gain":0,"player_choice":"Success","damage_taken":12,"relics_obtained":["Shuriken"],"max_hp_gain":0,"max_hp_loss":0,"event_name":"Scrap Ooze","floor":7,"gold_loss":0},{"damage_healed":0,"gold_gain":0,"player_choice":"Upgraded","damage_taken":0,"max_hp_gain":0,"max_hp_loss":0,"event_name":"Upgrade Shrine","floor":11,"gold_loss":0,"cards_upgraded":["Demon Form"]},{"damage_healed":0,"gold_gain":0,"player_choice":"Opened","damage_taken":0,"relics_obtained":["Shovel"],"max_hp_gain":0,"max_hp_loss":0,"event_name":"The Mausoleum","floor":19,"gold_loss":0},{"damage_healed":0,"gold_gain":0,"player_choice":"Punched","damage_taken":3,"max_hp_gain":0,"max_hp_loss":0,"event_name":"Designer","floor":20,"gold_loss":0},{"damage_healed":0,"gold_gain":0,"player_choice":"Ignored","damage_taken":0,"max_hp_gain":0,"max_hp_loss":0,"event_name":"Ghosts","floor":31,"gold_loss":0},{"damage_healed":0,"gold_gain":0,"player_choice":"Ignored","damage_taken":0,"max_hp_gain":0,"max_hp_loss":0,"event_name":"NoteForYourself","floor":37,"gold_loss":0},{"damage_healed":0,"gold_gain":0,"player_choice":"Memory 1","damage_taken":0,"max_hp_gain":0,"max_hp_loss":0,"event_name":"SensoryStone","floor":39,"gold_loss":0},{"cards_removed":["Defend_R"],"damage_healed":0,"gold_gain":0,"player_choice":"Removed Skill","damage_taken":0,"max_hp_gain":0,"max_hp_loss":0,"event_name":"Falling","floor":48,"gold_loss":0}],"is_beta":false,"boss_relics":[{"not_picked":["Pandora\u0027s Box","Philosopher\u0027s Stone"],"picked":"SacredBark"},{"not_picked":["Runic Dome","Coffee Dripper","Runic Cube"]}],"items_purged_floors":[2,2,2,13,13,21,21,28,41],"is_endless":false,"potions_floor_spawned":[1,27,38],"ascension_level":0}}