{"host":"nbofzmb1hl9rnais","time":1614211477,"event":{"mods":["BaseMod","Colored Map","Hermit","Minty Spire (QoL Compilation)","StSLib","The Bug Knight"],"gold_per_floor":[117,127,202,202,256,281,231,231,280,300,251,279,82,94,94,192,192,208,227,227,71,71,106,106,136,136,156,185,212,212,227,227,331,331,343,100,100,128,144,144,159,175,175,194,207,221,221,96,96,96],"floor_reached":51,"language":"ENG","playtime":2856,"items_purged":["HollowMod:SharpenedShadows","HollowMod:SlysStrikes+1","Establishment+1"],"score":807,"play_id":"e18c690b-f8be-4fec-b2d9-0f40001cac61","local_time":"20210224160437","daily_mods":["SealedDeck"],"is_ascension_mode":true,"campfire_choices":[{"data":"Prostrate","floor":8,"key":"SMITH"},{"data":"HollowMod:ShadowDash","floor":15,"key":"SMITH"},{"data":"HollowMod:SiblingsSouls","floor":24,"key":"SMITH"},{"data":"HollowMod:SlysStrikes","floor":30,"key":"SMITH"},{"data":"HollowMod:BlackTendrils","floor":32,"key":"SMITH"},{"data":"HollowMod:CloakDash","floor":40,"key":"SMITH"},{"data":"HollowMod:VengefulVoid","floor":47,"key":"SMITH"},{"data":"HollowMod:WraithStrike","floor":49,"key":"SMITH"}],"circlet_count":0,"master_deck":["Prostrate+1","Prostrate+1","WindmillStrike","HollowMod:DoubleDash","HollowMod:BlackTendrils+1","HollowMod:CloakDash+1","HollowMod:DoubleDash+1","HollowMod:DescendingDark","HollowMod:VengefulVoid+1","HollowMod:SiblingsSouls+1","Prostrate","HollowMod:SiblingsShadow+1","HollowMod:ShadowDash+1","HollowMod:ShadowDash+1","HollowMod:MonarchWings+1","HollowMod:DescendingDark","HollowMod:WraithStrike+1","HollowMod:DescendingDark+1"],"relics":["PureWater","Blood Vial","Du-Vu Doll","Tiny Chest","Odd Mushroom","Ornamental Fan","Runic Pyramid","DollysMirror","Toxic Egg 2","CeramicFish","War Paint","StoneCalendar","Toy Ornithopter","Black Star","Lee\u0027s Waffle","Letter Opener"],"acts_visited":["Exordium","TheCity","TheBeyond"],"potions_floor_usage":[12,23,41,45,50,50],"damage_taken":[{"damage":0,"enemies":"Cultist","floor":1,"turns":4},{"damage":0,"enemies":"Jaw Worm","floor":2,"turns":4},{"damage":0,"enemies":"Lagavulin","floor":6,"turns":4},{"damage":10,"enemies":"The Mushroom Lair","floor":10,"turns":4},{"damage":10,"enemies":"3 Sentries","floor":12,"turns":4},{"damage":0,"enemies":"Small Slimes","floor":14,"turns":3},{"damage":31,"enemies":"Hexaghost","floor":16,"turns":10},{"damage":6,"enemies":"Chosen","floor":18,"turns":4},{"damage":0,"enemies":"3 Byrds","floor":19,"turns":6},{"damage":31,"enemies":"Slavers","floor":23,"turns":3},{"damage":43,"enemies":"Gremlin Leader","floor":25,"turns":7},{"damage":22,"enemies":"3 Cultists","floor":27,"turns":4},{"damage":6,"enemies":"Snecko","floor":28,"turns":6},{"damage":0,"enemies":"Chosen and Byrds","floor":31,"turns":4},{"damage":28,"enemies":"Automaton","floor":33,"turns":5},{"damage":0,"enemies":"Orb Walker","floor":35,"turns":3},{"damage":11,"enemies":"3 Shapes","floor":38,"turns":2},{"damage":25,"enemies":"Spire Growth","floor":39,"turns":5},{"damage":13,"enemies":"3 Darklings","floor":41,"turns":3},{"damage":18,"enemies":"Jaw Worm Horde","floor":42,"turns":4},{"damage":31,"enemies":"Spire Growth","floor":44,"turns":4},{"damage":25,"enemies":"Transient","floor":45,"turns":5},{"damage":0,"enemies":"3 Darklings","floor":46,"turns":2},{"damage":29,"enemies":"Awakened One","floor":50,"turns":6}],"seed_played":"5168279985541929973","potions_obtained":[{"floor":6,"key":"Energy Potion"},{"floor":10,"key":"PowerPotion"},{"floor":12,"key":"SkillPotion"},{"floor":18,"key":"SmokeBomb"},{"floor":20,"key":"FairyPotion"},{"floor":23,"key":"Strength Potion"},{"floor":28,"key":"LiquidMemories"},{"floor":35,"key":"CultistPotion"},{"floor":42,"key":"EssenceOfSteel"},{"floor":46,"key":"CultistPotion"}],"is_trial":true,"path_per_floor":["M","M","?","?","T","E","?","R","T","?","$","E","$","M","R","B",null,"M","M","?","$","T","E","R","E","T","M","M","T","R","M","R","B",null,"M","$","?","M","M","R","M","M","T","M","M","M","R","$","R","B",null],"character_chosen":"WATCHER","items_purchased":["HollowMod:SiblingsSouls","Prostrate","HollowMod:SiblingsShadow","DollysMirror","Lee\u0027s Waffle"],"campfire_rested":0,"item_purchase_floors":[11,13,13,21,36],"current_hp_per_floor":[72,72,61,61,61,65,65,65,65,64,64,65,65,67,67,48,72,69,72,72,72,72,49,49,31,31,43,50,50,50,58,58,72,72,72,79,79,76,79,79,79,77,77,79,79,79,79,79,79,79],"gold":96,"neow_bonus":"","is_daily":false,"chose_seed":false,"campfire_upgraded":8,"win_rate":0.0,"timestamp":1614211477,"path_taken":["M","M","?","?","?","E","?","R","T","?","$","E","$","?","R","BOSS","M","M","?","$","?","E","R","E","T","M","M","?","R","M","R","BOSS","M","$","?","M","?","R","M","M","T","M","M","M","R","$","R","BOSS"],"items_purchased_type":["Card","Card","Card","Relic","Relic"],"build_version":"2020-12-22","purchased_purges":3,"victory":true,"max_hp_per_floor":[72,72,72,72,72,72,72,72,72,72,72,72,72,72,72,72,72,72,72,72,72,72,72,72,72,72,72,72,72,72,72,72,72,72,72,79,79,79,79,79,79,79,79,79,79,79,79,79,79,79],"card_choices":[{"not_picked":["EmptyFist","HollowMod:HowlingWraiths"],"picked":"HollowMod:VengefulVoid","floor":1},{"not_picked":["HollowMod:HowlingWraiths","WheelKick","DeceiveReality"],"picked":"SKIP","floor":2},{"not_picked":["Adaptation","HollowMod:GoodIntentions","HollowMod:SoulShaman"],"picked":"SKIP","floor":6},{"not_picked":["EmptyBody","HollowMod:DoubleDash","JustLucky"],"picked":"SKIP","floor":12},{"not_picked":["Halt","HollowMod:FastStrike"],"picked":"HollowMod:ShadowDash","floor":14},{"not_picked":["DevaForm","Ragnarok"],"picked":"HollowMod:SlysStrikes","floor":16},{"not_picked":["HollowMod:NewJinnsSoul+1","HollowMod:HowlingWraiths","Swivel+1"],"picked":"SKIP","floor":18},{"not_picked":["MentalFortress","HollowMod:CrystalDash+1","EmptyFist+1"],"picked":"SKIP","floor":19},{"not_picked":["Consecrate","Indignation+1"],"picked":"HollowMod:MonarchWings+1","floor":23},{"not_picked":["Vengeance+1","HollowMod:SoulStrike","HollowMod:BaldurShell"],"picked":"SKIP","floor":25},{"not_picked":["FlyingSleeves","HollowMod:LuriensSpire+1","BattleHymn+1"],"picked":"SKIP","floor":27},{"not_picked":["JustLucky","HollowMod:AbyssShriek"],"picked":"HollowMod:DescendingDark","floor":28},{"not_picked":["Evaluate+1","CutThroughFate+1","Wish+1"],"picked":"SKIP","floor":31},{"not_picked":["Wish+1","HollowMod:RadiancesLament+1"],"picked":"Establishment","floor":33},{"not_picked":["CarveReality","Consecrate","HollowMod:DreamGate+1"],"picked":"SKIP","floor":35},{"not_picked":["EmptyFist","HollowMod:SharpenedNail+1"],"picked":"HollowMod:WraithStrike","floor":38},{"not_picked":["Collect+1","HollowMod:Grubsong","HollowMod:BrokenVessel+1"],"picked":"SKIP","floor":39},{"not_picked":["HollowMod:NewLittleFool","HollowMod:InfectedCysts","HollowMod:SharpenedShadows"],"picked":"SKIP","floor":41},{"not_picked":["WreathOfFlame+1","HollowMod:DreamGate+1","CutThroughFate"],"picked":"SKIP","floor":42},{"not_picked":["InnerPeace+1","HollowMod:DescendingDark+1","HollowMod:FallenFury+1"],"picked":"SKIP","floor":44},{"not_picked":["InnerPeace+1","HollowMod:FallenFury+1"],"picked":"HollowMod:DescendingDark+1","floor":44},{"not_picked":["ThirdEye+1","SashWhip+1","Halt+1"],"picked":"SKIP","floor":45},{"not_picked":["Wallop","HollowMod:DoubleDash+1","Adaptation+1"],"picked":"SKIP","floor":46}],"player_experience":219260,"relics_obtained":[{"floor":5,"key":"Blood Vial"},{"floor":6,"key":"Du-Vu Doll"},{"floor":9,"key":"Tiny Chest"},{"floor":10,"key":"Odd Mushroom"},{"floor":12,"key":"Ornamental Fan"},{"floor":22,"key":"Toxic Egg 2"},{"floor":23,"key":"CeramicFish"},{"floor":25,"key":"War Paint"},{"floor":26,"key":"StoneCalendar"},{"floor":29,"key":"Toy Ornithopter"},{"floor":43,"key":"Letter Opener"}],"event_choices":[{"damage_healed":0,"gold_gain":75,"player_choice":"Gather Gold","damage_taken":11,"max_hp_gain":0,"max_hp_loss":0,"event_name":"World of Goop","floor":3,"gold_loss":0},{"damage_healed":0,"gold_gain":0,"player_choice":"Grow","damage_taken":0,"max_hp_gain":0,"max_hp_loss":0,"event_name":"Living Wall","floor":4,"gold_loss":0,"cards_upgraded":["Prostrate"]},{"cards_removed":["HollowMod:DoubleDash"],"damage_healed":0,"gold_gain":0,"player_choice":"Card Removal","damage_taken":0,"max_hp_gain":0,"max_hp_loss":0,"event_name":"The Cleric","floor":7,"gold_loss":50},{"damage_healed":0,"gold_gain":0,"player_choice":"Fought Mushrooms","damage_taken":0,"max_hp_gain":0,"max_hp_loss":0,"event_name":"Mushrooms","floor":10,"gold_loss":0},{"damage_healed":0,"gold_gain":0,"player_choice":"Got Potions","damage_taken":0,"max_hp_gain":0,"max_hp_loss":0,"event_name":"Lab","floor":20,"gold_loss":0},{"damage_healed":0,"gold_gain":0,"player_choice":"Forge","damage_taken":0,"max_hp_gain":0,"max_hp_loss":0,"event_name":"Accursed Blacksmith","floor":37,"gold_loss":0,"cards_upgraded":["Establishment"]}],"is_beta":false,"boss_relics":[{"not_picked":["Empty Cage","Sozu"],"picked":"Runic Pyramid"},{"not_picked":["SacredBark","Runic Dome"],"picked":"Black Star"}],"items_purged_floors":[13,36,48],"is_endless":false,"potions_floor_spawned":[6,10,12,18,23,28,31,33,35,42,46],"ascension_level":1}}