{"host":"q57ekfojy3i00x9o","time":1614237120,"event":{"mods":["Act Like it!","Arknights","Aspiration","BaseMod","Colored Map","Energized Spire","Hermit","Minty Spire (QoL Compilation)","Quick Restart","Ruina","Spicy Shops","Spikes Relics","StSLib","slay the spire mod where everything is the same but ironclad has a cowboy hat"],"gold_per_floor":[118,118,34,34,34,60,60,60,60,85,85,85,103,118,118,195,195,207,4,184,195,209,209,259,259,259,277,13,24,38,38,38,109,109,109,109],"floor_reached":35,"language":"RUS","playtime":653,"items_purged":["Regret"],"score":880,"play_id":"7ca08bf3-d47b-4a1a-aad6-afa4ada514f6","local_time":"20210225121200","is_ascension_mode":true,"campfire_choices":[{"data":"ats:Curse Doll","floor":7.0,"key":"SMITH"},{"data":"ats:Mental Burst","floor":11.0,"key":"SMITH"},{"data":"ats:Automatic Cover","floor":15.0,"key":"SMITH"},{"data":"ats:Nebulous Foxfire","floor":23.0,"key":"SMITH"},{"data":"Apotheosis","floor":32.0,"key":"SMITH"}],"circlet_count":0,"master_deck":["AscendersBane","ats:Strike C","ats:Strike G","ats:Strike S","ats:Armor Crushing Shot","ats:Defend+1","ats:Defend","ats:Defend","ats:Defend","ats:Emotion Absorption","ats:Blood Oath","ats:Collapsing Strike+1","ats:Sashimi Platter+1","ats:Curse Doll+1","ats:Mental Burst+1","ats:Automatic Cover+1","ats:Leaping Hammer","ats:Nebulous Foxfire+1","ats:Closed Bolt Burst Fire","ats:Sword Rain","ats:Blood Oath","ats:Blood Oath+1","ats:Closed Bolt Burst Fire","Apotheosis+1","ats:Powerful Strike","ats:Charging Defense","ats:Shadow Assault"],"relics":["ats:Sanity","NeowsBlessing","ats:Originium","Toy Ornithopter","Pen Nib","Bird Faced Urn","Mercury Hourglass","aspiration:SecretTechniqueScroll","Membership Card","StoneCalendar","Bottled Flame","Oddly Smooth Stone","SlaversCollar"],"acts_visited":["Exordium","TheCity","TheBeyond"],"potions_floor_usage":[],"damage_taken":[{"damage":0.0,"enemies":"2 Louse","floor":1.0,"turns":2.0},{"damage":0.0,"enemies":"Gremlin Nob","floor":6.0,"turns":1.0},{"damage":0.0,"enemies":"3 Sentries","floor":10.0,"turns":1.0},{"damage":1.0,"enemies":"Cultist","floor":13.0,"turns":3.0},{"damage":0.0,"enemies":"Small Slimes","floor":14.0,"turns":1.0},{"damage":3.0,"enemies":"Slime Boss","floor":16.0,"turns":6.0},{"damage":37.0,"enemies":"Shell Parasite","floor":18.0,"turns":6.0},{"damage":12.0,"enemies":"3 Byrds","floor":21.0,"turns":4.0},{"damage":4.0,"enemies":"3 Cultists","floor":22.0,"turns":3.0},{"damage":13.0,"enemies":"Snecko","floor":27.0,"turns":3.0},{"damage":14.0,"enemies":"Centurion and Healer","floor":29.0,"turns":4.0},{"damage":18.0,"enemies":"Snake Plant","floor":30.0,"turns":3.0},{"damage":58.0,"enemies":"Collector","floor":33.0,"turns":7.0},{"damage":0,"enemies":"3 Darklings","floor":35,"turns":1}],"seed_played":"-7045969714135818917","potions_obtained":[{"floor":10.0,"key":"Explosive Potion"},{"floor":13.0,"key":"DuplicationPotion"},{"floor":16.0,"key":"Swift Potion"},{"floor":18.0,"key":"GamblersBrew"},{"floor":21.0,"key":"SneckoOil"},{"floor":27.0,"key":"DuplicationPotion"}],"is_trial":false,"path_per_floor":["M","?","$","?","$","E","R","?","T","E","R","?","M","M","R","B",null,"M","$","?","M","M","R","?","T","T","M","$","M","M","?","R","B",null,"M"],"character_chosen":"DOCTOR_CLASS","items_purchased":["ats:Sashimi Platter","Membership Card","ats:Sword Rain","Oddly Smooth Stone","Apotheosis"],"campfire_rested":0,"item_purchase_floors":[3,19,19,28,28],"current_hp_per_floor":[65,65,65,65,65,65,65,65,65,72,72,50,72,72,72,72,72,60,60,41,40,68,68,68,68,68,67,67,63,45,45,45,32,62,62,62],"gold":109,"neow_bonus":"THREE_ENEMY_KILL","is_daily":false,"chose_seed":false,"campfire_upgraded":5,"win_rate":0.0,"timestamp":1614237120,"path_taken":["M","?","$","?","$","E","R","?","T","E","R","?","M","M","R","BOSS","M","$","?","?","?","R","?","?","T","?","$","?","M","?","R","BOSS","M"],"items_purchased_type":["Card","Relic","Card","Relic","Card"],"build_version":"2020-12-22","purchased_purges":1,"victory":false,"max_hp_per_floor":[72,72,72,72,72,72,72,72,72,72,72,72,72,72,72,72,72,72,72,72,72,72,72,72,72,72,72,72,72,72,72,72,72,72,72,72],"card_choices":[{"not_picked":["ats:Ignite","ats:Shadow Raid"],"picked":"ats:Blood Oath","floor":1.0},{"not_picked":["ats:Revitalization","ats:Shell Defense"],"picked":"ats:Curse Doll","floor":6.0},{"not_picked":["ats:Beaten Up","ats:Steam Pump"],"picked":"ats:Mental Burst","floor":10.0},{"not_picked":["ats:Blood Oath","ats:Part Time Job"],"picked":"ats:Automatic Cover","floor":13.0},{"not_picked":["ats:Support Order","ats:Song Of Battle"],"picked":"ats:Leaping Hammer","floor":14.0},{"not_picked":["ats:Volcano","ats:Calcification"],"picked":"ats:Nebulous Foxfire","floor":16.0},{"not_picked":["ats:Chain Hook","ats:Shadow Raid"],"picked":"ats:Closed Bolt Burst Fire","floor":18.0},{"not_picked":["ats:Song Of Battle","ats:Serious Mode"],"picked":"ats:Blood Oath","floor":21.0},{"not_picked":["ats:Revitalization","ats:Shell Defense"],"picked":"ats:Blood Oath+1","floor":22.0},{"not_picked":["ats:Steam Pump","ats:Charging Defense"],"picked":"ats:Closed Bolt Burst Fire","floor":27.0},{"not_picked":["ats:Flame Of Heaven","ats:Soul Rend"],"picked":"ats:Powerful Strike","floor":29.0},{"not_picked":["ats:Closed Bolt Burst Fire","ats:Very Hot Blade"],"picked":"ats:Charging Defense","floor":30.0},{"not_picked":["ats:Calcification","ats:Nebulous Foxfire"],"picked":"ats:Shadow Assault","floor":33.0}],"player_experience":793303,"relics_obtained":[{"floor":6.0,"key":"ats:Originium"},{"floor":6.0,"key":"Toy Ornithopter"},{"floor":9.0,"key":"Bird Faced Urn"},{"floor":10.0,"key":"ats:Originium"},{"floor":10.0,"key":"Mercury Hourglass"},{"floor":25.0,"key":"StoneCalendar"},{"floor":26.0,"key":"Bottled Flame"}],"event_choices":[{"damage_healed":0.0,"max_hp_gain":0.0,"max_hp_loss":0.0,"gold_gain":0.0,"cards_transformed":["ats:Strike V"],"event_name":"Transmorgrifier","player_choice":"Transformed","floor":2.0,"gold_loss":0.0,"damage_taken":0.0,"cards_obtained":["ats:Collapsing Strike"]},{"damage_healed":0.0,"max_hp_gain":0.0,"max_hp_loss":0.0,"gold_gain":0.0,"event_name":"Living Wall","player_choice":"Grow","floor":4.0,"gold_loss":0.0,"damage_taken":0.0,"cards_upgraded":["ats:Sashimi Platter"]},{"damage_healed":0.0,"max_hp_gain":0.0,"max_hp_loss":0.0,"gold_gain":0.0,"event_name":"Big Fish","player_choice":"Box","floor":8.0,"gold_loss":0.0,"damage_taken":0.0,"relics_obtained":["Pen Nib"],"cards_obtained":["Regret"]},{"damage_healed":0.0,"max_hp_gain":0.0,"max_hp_loss":0.0,"gold_gain":0.0,"event_name":"Shining Light","player_choice":"Entered Light","floor":12.0,"gold_loss":0.0,"damage_taken":22.0,"cards_upgraded":["ats:Collapsing Strike","ats:Defend"]},{"damage_healed":0.0,"max_hp_gain":0.0,"max_hp_loss":0.0,"gold_gain":180.0,"event_name":"Knowing Skull","player_choice":"GOLD GOLD ","floor":20.0,"potions_obtained":[],"gold_loss":0.0,"damage_taken":19.0,"cards_obtained":[]},{"damage_healed":0.0,"max_hp_gain":0.0,"max_hp_loss":0.0,"gold_gain":50.0,"event_name":"Nest","player_choice":"Stole From Cult","floor":24.0,"gold_loss":0.0,"damage_taken":0.0},{"damage_healed":0.0,"max_hp_gain":0.0,"max_hp_loss":0.0,"gold_gain":0.0,"event_name":"Ghosts","player_choice":"Ignored","floor":31.0,"gold_loss":0.0,"damage_taken":0.0}],"is_beta":false,"boss_relics":[{"not_picked":["aspiration:DefectSkillbook","aspiration:WatcherSkillbook"],"picked":"aspiration:SecretTechniqueScroll"},{"not_picked":["energizedSpire:StickyHand","Empty Cage"],"picked":"SlaversCollar"}],"items_purged_floors":[28],"is_endless":false,"potions_floor_spawned":[10,13,16,18,21,27,29,30],"killed_by":"3 Darklings","ascension_level":18}}