{"host":"dkr0dog13pegamnp","time":1614260953,"event":{"mods":["AchievementEnabler","BaseMod","Minty Spire (QoL Compilation)","Rare Cards Sparkle","StSLib","SuperFastMode","everything is the same but u backflip on backflip"],"gold_per_floor":[115,65,79,94,94,124,124,158,183,198,198,215,215,233,233,332,332,317,167,186,29,29,29],"floor_reached":22,"language":"KOR","playtime":524,"items_purged":["Strike_G"],"score":333,"play_id":"0f4ac1f7-35d3-48f5-b046-73f8f1262ddc","local_time":"20210225224913","is_ascension_mode":true,"campfire_choices":[{"data":"Dash","floor":7,"key":"SMITH"},{"data":"Neutralize","floor":11,"key":"SMITH"},{"floor":15,"key":"REST"}],"circlet_count":0,"master_deck":["AscendersBane","Strike_G","Strike_G","Strike_G+1","Defend_G","Defend_G","Defend_G","Defend_G","Defend_G","Survivor","Neutralize+1","Dash+1","Noxious Fumes+1","Bouncing Flask","Malaise","Prepared+1","Catalyst"],"relics":["Ring of the Snake","NeowsBlessing","Pen Nib","Strawberry","Orichalcum","Golden Idol","Black Star","Bronze Scales"],"acts_visited":["Exordium","TheCity"],"potions_floor_usage":[6,6,16,18],"damage_taken":[{"damage":0,"enemies":"Small Slimes","floor":1,"turns":1},{"damage":0,"enemies":"2 Louse","floor":3,"turns":1},{"damage":0,"enemies":"Jaw Worm","floor":4,"turns":1},{"damage":19,"enemies":"Lagavulin","floor":6,"turns":6},{"damage":16,"enemies":"3 Sentries","floor":8,"turns":7},{"damage":3,"enemies":"Blue Slaver","floor":10,"turns":3},{"damage":1,"enemies":"Large Slime","floor":12,"turns":5},{"damage":2,"enemies":"3 Louse","floor":14,"turns":4},{"damage":19,"enemies":"The Guardian","floor":16,"turns":10},{"damage":9,"enemies":"2 Thieves","floor":18,"turns":4},{"damage":22,"enemies":"3 Byrds","floor":20,"turns":7},{"damage":25,"enemies":"Centurion and Healer","floor":22,"turns":5}],"seed_played":"3865929506639360515","potions_obtained":[{"floor":1,"key":"SteroidPotion"},{"floor":4,"key":"Poison Potion"},{"floor":12,"key":"DistilledChaos"},{"floor":14,"key":"Block Potion"}],"is_trial":false,"path_per_floor":["M","?","M","M","?","E","R","E","T","M","R","M","?","M","R","B",null,"M","$","M","$","M"],"character_chosen":"THE_SILENT","items_purchased":["Catalyst","Bronze Scales"],"campfire_rested":1,"item_purchase_floors":[19,21],"current_hp_per_floor":[59,59,59,59,46,27,27,18,18,15,15,14,14,12,32,13,54,45,45,23,23,0,0],"gold":29,"neow_bonus":"THREE_ENEMY_KILL","is_daily":false,"chose_seed":false,"campfire_upgraded":2,"win_rate":0.0,"timestamp":1614260953,"path_taken":["M","?","M","M","?","E","R","E","T","M","R","M","?","M","R","BOSS","M","$","M","$","M"],"items_purchased_type":["Card","Relic"],"build_version":"2020-12-22","purchased_purges":1,"victory":false,"max_hp_per_floor":[66,66,66,66,66,66,66,73,73,73,73,73,68,68,68,68,68,68,68,68,68,68,68],"card_choices":[{"not_picked":["Well Laid Plans","Dodge and Roll"],"picked":"Dash","floor":1},{"not_picked":["Underhanded Strike","Quick Slash","Deadly Poison"],"picked":"SKIP","floor":3},{"not_picked":["Dodge and Roll","Dagger Throw"],"picked":"Noxious Fumes","floor":4},{"not_picked":["Choke","Skewer","Catalyst"],"picked":"SKIP","floor":6},{"not_picked":["All Out Attack","Heel Hook","Noxious Fumes"],"picked":"SKIP","floor":8},{"not_picked":["Distraction","Bane","Dodge and Roll"],"picked":"SKIP","floor":10},{"not_picked":["Dagger Throw","Poisoned Stab"],"picked":"Bouncing Flask","floor":12},{"not_picked":["Prepared","Flying Knee","Heel Hook"],"picked":"SKIP","floor":14},{"not_picked":["Venomology","Envenom"],"picked":"Malaise","floor":16},{"not_picked":["Sucker Punch","Cloak And Dagger"],"picked":"Prepared+1","floor":18},{"not_picked":["Slice","Bane","Sucker Punch"],"picked":"SKIP","floor":20}],"player_experience":112772,"relics_obtained":[{"floor":6,"key":"Pen Nib"},{"floor":8,"key":"Strawberry"},{"floor":9,"key":"Orichalcum"}],"event_choices":[{"cards_removed":["Strike_G"],"damage_healed":0,"gold_gain":0,"player_choice":"Card Removal","damage_taken":0,"max_hp_gain":0,"max_hp_loss":0,"event_name":"The Cleric","floor":2,"gold_loss":50},{"damage_healed":0,"gold_gain":0,"player_choice":"Entered Light","damage_taken":13,"max_hp_gain":0,"max_hp_loss":0,"event_name":"Shining Light","floor":5,"gold_loss":0,"cards_upgraded":["Noxious Fumes","Strike_G"]},{"damage_healed":0,"gold_gain":0,"player_choice":"Lose Max HP","damage_taken":0,"relics_obtained":["Golden Idol"],"max_hp_gain":0,"max_hp_loss":5,"event_name":"Golden Idol","floor":13,"gold_loss":0}],"is_beta":false,"boss_relics":[{"not_picked":["Coffee Dripper","Runic Dome"],"picked":"Black Star"}],"items_purged_floors":[19],"is_endless":false,"potions_floor_spawned":[1,4,12,14],"killed_by":"Centurion and Healer","ascension_level":14}}