{"host":"bnbc66jny2i0hx0x","time":1614240426,"event":{"mods":["AchievementEnabler","BaseMod","Minty Spire (QoL Compilation)","Relic Sorter","StSLib"],"gold_per_floor":[17,35,50,50,50,79,79,108,108,108,108,139,12,46,46,120,120,140,155,155,173,173,198,198,232,259,292,308,308,327,337,337,414,414,432,285,305,0,17,47,47,80,106,116,116,151,175,212,224,236,248,260,31,64,64],"floor_reached":56,"language":"ENG","playtime":3307,"items_purged":[],"score":2459,"play_id":"1cdeec57-5899-4d14-afa2-7d425fd76b01","local_time":"20210225000706","is_ascension_mode":true,"campfire_choices":[{"data":"Defragment","floor":7,"key":"SMITH"},{"data":"Zap","floor":10,"key":"SMITH"},{"data":"Gash","floor":15,"key":"SMITH"},{"data":"Chill","floor":24,"key":"SMITH"},{"data":"Genetic Algorithm","floor":32,"key":"SMITH"},{"data":"Steam Power","floor":41,"key":"SMITH"},{"floor":49,"key":"RECALL"},{"data":"Madness","floor":52,"key":"SMITH"}],"circlet_count":0,"master_deck":["AscendersBane","Zap+1","All For One","Sunder+1","Ball Lightning","Defragment+1","Reboot+1","Self Repair+1","Ball Lightning","Cold Snap","Glacier","Gash+1","Buffer+1","Loop+1","Biased Cognition+1","Gash","Biased Cognition+1","Storm+1","Chill+1","Reinforced Body","Genetic Algorithm+1","Self Repair+1","Ball Lightning","Steam+1","Steam Power+1","Echo Form+1","Madness+1","Madness","Gash+1","Hologram"],"relics":["Cracked Core","Pear","Frozen Egg 2","Matryoshka","Kunai","War Paint","Bird Faced Urn","Pandora\u0027s Box","Anchor","Letter Opener","Art of War","Potion Belt","Ornamental Fan","Philosopher\u0027s Stone","Runic Capacitor","Red Mask","Dream Catcher","Regal Pillow","Darkstone Periapt","MawBank","Turnip","Bottled Tornado","Strawberry"],"acts_visited":["Exordium","TheCity","TheBeyond","TheEnding"],"potions_floor_usage":[6,8,18,25,33,47,54,54,55,55,55],"damage_taken":[{"damage":5,"enemies":"2 Louse","floor":1,"turns":3},{"damage":3,"enemies":"Jaw Worm","floor":2,"turns":4},{"damage":8,"enemies":"Small Slimes","floor":3,"turns":2},{"damage":1,"enemies":"Gremlin Nob","floor":6,"turns":3},{"damage":15,"enemies":"Lagavulin","floor":8,"turns":7},{"damage":24,"enemies":"Gremlin Nob","floor":12,"turns":4},{"damage":2,"enemies":"3 Sentries","floor":14,"turns":5},{"damage":0,"enemies":"Hexaghost","floor":16,"turns":11},{"damage":0,"enemies":"Spheric Guardian","floor":18,"turns":4},{"damage":0,"enemies":"Shell Parasite","floor":19,"turns":4},{"damage":27,"enemies":"Centurion and Healer","floor":21,"turns":5},{"damage":0,"enemies":"Gremlin Leader","floor":23,"turns":4},{"damage":0,"enemies":"Slavers","floor":25,"turns":6},{"damage":2,"enemies":"Book of Stabbing","floor":27,"turns":4},{"damage":2,"enemies":"Shelled Parasite and Fungi","floor":28,"turns":4},{"damage":9,"enemies":"Snake Plant","floor":30,"turns":2},{"damage":0,"enemies":"3 Cultists","floor":31,"turns":4},{"damage":0,"enemies":"Champ","floor":33,"turns":6},{"damage":0,"enemies":"3 Shapes","floor":35,"turns":4},{"damage":0,"enemies":"3 Darklings","floor":37,"turns":3},{"damage":0,"enemies":"Transient","floor":39,"turns":5},{"damage":0,"enemies":"Giant Head","floor":40,"turns":6},{"damage":0,"enemies":"Reptomancer","floor":42,"turns":4},{"damage":0,"enemies":"Maw","floor":44,"turns":4},{"damage":0,"enemies":"Giant Head","floor":46,"turns":6},{"damage":12,"enemies":"Sphere and 2 Shapes","floor":47,"turns":4},{"damage":16,"enemies":"Mind Bloom Boss Battle","floor":48,"turns":5},{"damage":70,"enemies":"Awakened One","floor":50,"turns":8},{"damage":31,"enemies":"Shield and Spear","floor":54,"turns":8},{"damage":96,"enemies":"The Heart","floor":55,"turns":10}],"seed_played":"5264118495258854397","potions_obtained":[{"floor":2,"key":"ColorlessPotion"},{"floor":3,"key":"Weak Potion"},{"floor":6,"key":"GamblersBrew"},{"floor":16,"key":"Energy Potion"},{"floor":18,"key":"Weak Potion"},{"floor":23,"key":"AttackPotion"},{"floor":28,"key":"BlessingOfTheForge"},{"floor":30,"key":"Ancient Potion"},{"floor":31,"key":"Ancient Potion"},{"floor":33,"key":"SpeedPotion"},{"floor":35,"key":"Swift Potion"},{"floor":40,"key":"Regen Potion"},{"floor":42,"key":"SkillPotion"},{"floor":47,"key":"Swift Potion"},{"floor":54,"key":"SkillPotion"}],"is_trial":false,"path_per_floor":["M","M","M","?","?","E","R","E","T","R","?","E","$","E","R","B",null,"M","M","?","M","?","E","R","E","T","E","M","$","M","M","R","B",null,"M","$","M","?","M","E","R","E","T","M","?","E","M","?","R","B",null,"R","$","E","B",null],"character_chosen":"DEFECT","items_purchased":["Cold Snap","Glacier","Runic Capacitor","Bottled Tornado"],"campfire_rested":0,"item_purchase_floors":[13,13,36,53],"current_hp_per_floor":[59,56,48,48,48,57,57,42,42,42,31,17,17,25,25,39,71,77,81,81,81,81,81,81,81,81,81,81,81,74,81,81,81,81,81,81,81,81,81,81,81,81,81,81,66,81,81,81,81,51,74,74,74,88,31],"gold":64,"neow_bonus":"THREE_RARE_CARDS","is_daily":false,"chose_seed":false,"campfire_upgraded":7,"win_rate":0.0,"timestamp":1614240426,"path_taken":["M","M","M","?","?","E","R","E","T","R","?","E","$","E","R","BOSS","M","M","?","M","?","E","R","E","T","E","M","$","M","M","R","BOSS","M","$","M","?","M","E","R","E","T","M","?","E","M","?","R","BOSS","R","$","E","BOSS"],"items_purchased_type":["Card","Card","Relic","Relic"],"build_version":"2020-12-22","purchased_purges":0,"victory":true,"max_hp_per_floor":[71,71,71,71,71,81,81,81,81,81,81,81,81,81,81,81,81,81,81,81,81,81,81,81,81,81,81,81,81,81,81,81,81,81,81,81,81,81,81,81,81,81,81,81,81,81,81,81,81,81,81,81,81,88,88],"card_choices":[{"not_picked":["Amplify","Machine Learning"],"picked":"All For One","floor":0},{"not_picked":["Rebound","Coolheaded"],"picked":"Sunder","floor":1},{"not_picked":["Sweeping Beam","Stack"],"picked":"Ball Lightning","floor":2},{"not_picked":["Auto Shields","Hologram"],"picked":"Defragment","floor":3},{"not_picked":["Static Discharge","Consume"],"picked":"Reboot","floor":6},{"not_picked":["Turbo","Hologram"],"picked":"Self Repair+1","floor":8},{"not_picked":["Chaos","Darkness"],"picked":"Ball Lightning","floor":12},{"not_picked":["Stack","Darkness"],"picked":"Gash","floor":14},{"not_picked":["Hyperbeam","Meteor Strike"],"picked":"Buffer+1","floor":16},{"not_picked":["Lockon","Sweeping Beam","Sunder"],"picked":"SKIP","floor":18},{"not_picked":["Static Discharge+1","Gash"],"picked":"Genetic Algorithm","floor":19},{"not_picked":["Rebound","Scrape"],"picked":"Steam+1","floor":21},{"not_picked":["Storm+1","Cold Snap"],"picked":"Steam Power","floor":23},{"not_picked":["Beam Cell","Biased Cognition+1","Sunder"],"picked":"SKIP","floor":25},{"not_picked":["Conserve Battery","Scrape","Storm+1"],"picked":"SKIP","floor":27},{"not_picked":["Reprogram","Streamline","Reinforced Body"],"picked":"SKIP","floor":28},{"not_picked":["Stack","Rip and Tear","Storm+1"],"picked":"SKIP","floor":30},{"not_picked":["Blizzard","Stack","Sweeping Beam"],"picked":"SKIP","floor":31},{"not_picked":["Buffer+1","Reboot"],"picked":"Echo Form+1","floor":33},{"not_picked":["Self Repair+1","Conserve Battery","Redo"],"picked":"SKIP","floor":35},{"not_picked":["Redo","Go for the Eyes","Loop+1"],"picked":"SKIP","floor":37},{"not_picked":["Redo+1","Aggregate+1","Cold Snap"],"picked":"SKIP","floor":39},{"not_picked":["Conserve Battery","Leap+1","Turbo+1"],"picked":"SKIP","floor":40},{"not_picked":["Meteor Strike","Beam Cell","Coolheaded"],"picked":"SKIP","floor":42},{"not_picked":["Turbo+1","Steam Power","Go for the Eyes"],"picked":"SKIP","floor":44},{"not_picked":["Genetic Algorithm+1","Coolheaded+1","Lockon"],"picked":"SKIP","floor":46},{"not_picked":["Stack+1","Steam+1","Thunder Strike"],"picked":"SKIP","floor":47},{"not_picked":["Coolheaded","Cold Snap"],"picked":"Gash+1","floor":48},{"not_picked":["Cold Snap","Redo"],"picked":"Hologram","floor":54}],"player_experience":1283979,"relics_obtained":[{"floor":6,"key":"Pear"},{"floor":8,"key":"Frozen Egg 2"},{"floor":9,"key":"Matryoshka"},{"floor":12,"key":"War Paint"},{"floor":14,"key":"Bird Faced Urn"},{"floor":23,"key":"Anchor"},{"floor":25,"key":"Letter Opener"},{"floor":26,"key":"Art of War"},{"floor":26,"key":"Potion Belt"},{"floor":27,"key":"Ornamental Fan"},{"floor":40,"key":"Dream Catcher"},{"floor":42,"key":"Regal Pillow"},{"floor":43,"key":"Darkstone Periapt"},{"floor":46,"key":"MawBank"},{"floor":48,"key":"Turnip"},{"floor":54,"key":"Strawberry"}],"event_choices":[{"damage_healed":0,"gold_gain":0,"player_choice":"Grow","damage_taken":0,"max_hp_gain":0,"max_hp_loss":0,"event_name":"Living Wall","floor":4,"gold_loss":0,"cards_upgraded":["Sunder"]},{"damage_healed":0,"gold_gain":0,"player_choice":"Ignored","damage_taken":0,"max_hp_gain":0,"max_hp_loss":0,"event_name":"Liars Game","floor":5,"gold_loss":0},{"damage_healed":0,"gold_gain":0,"player_choice":"Success","damage_taken":11,"relics_obtained":["Kunai"],"max_hp_gain":0,"max_hp_loss":0,"event_name":"Scrap Ooze","floor":11,"gold_loss":0},{"damage_healed":0,"gold_gain":0,"cards_transformed":["Meteor Strike","Dualcast"],"player_choice":"Became Test Subject","damage_taken":0,"max_hp_gain":0,"max_hp_loss":0,"event_name":"Drug Dealer","floor":20,"gold_loss":0,"cards_obtained":["Self Repair","Ball Lightning"]},{"damage_healed":0,"gold_gain":0,"player_choice":"Ignored","damage_taken":0,"max_hp_gain":0,"max_hp_loss":0,"event_name":"Beggar","floor":22,"gold_loss":0},{"damage_healed":0,"gold_gain":0,"player_choice":"Paid","damage_taken":0,"relics_obtained":["Red Mask"],"max_hp_gain":0,"max_hp_loss":0,"event_name":"Tomb of Lord Red Mask","floor":38,"gold_loss":305},{"damage_healed":0,"gold_gain":0,"player_choice":"Embrace Madness","damage_taken":15,"max_hp_gain":0,"max_hp_loss":0,"event_name":"Winding Halls","floor":45,"gold_loss":0,"cards_obtained":["Madness","Madness"]},{"damage_healed":0,"gold_gain":0,"player_choice":"Fight","damage_taken":0,"max_hp_gain":0,"max_hp_loss":0,"event_name":"MindBloom","floor":48,"gold_loss":0}],"is_beta":false,"boss_relics":[{"not_picked":["Runic Dome","Astrolabe"],"picked":"Pandora\u0027s Box"},{"not_picked":["Coffee Dripper","Velvet Choker"],"picked":"Philosopher\u0027s Stone"}],"items_purged_floors":[],"is_endless":false,"potions_floor_spawned":[2,3,6,16,18,23,28,30,31,33,35,40,42,46,47,54],"ascension_level":15}}