{"host":"2e3z4r48quhw80cc","time":1614292336,"event":{"mods":["BaseMod","Minty Spire (QoL Compilation)","Quick Restart","StSLib","SuperFastMode"],"gold_per_floor":[359,10,23,40,40,66,66,95,132,219,231,243,255,267,267],"floor_reached":14,"language":"KOR","playtime":299,"items_purged":["Strike_B"],"score":168,"play_id":"44034afd-f9ef-4000-9227-6749d692ccd9","local_time":"20210226073216","is_ascension_mode":true,"campfire_choices":[{"floor":7,"key":"REST"},{"floor":11,"key":"REST"}],"circlet_count":0,"master_deck":["AscendersBane","Strike_B","Strike_B","Defend_B","Defend_B","Defend_B","Defend_B","Zap","Dualcast","Static Discharge","Capacitor","Undo","Seek","Lockon","Darkness"],"relics":["Cracked Core","Mummified Hand","Strawberry","MawBank","Juzu Bracelet","FaceOfCleric"],"acts_visited":["Exordium"],"potions_floor_usage":[6],"damage_taken":[{"damage":2.0,"enemies":"Jaw Worm","floor":1.0,"turns":3.0},{"damage":4.0,"enemies":"2 Louse","floor":3.0,"turns":3.0},{"damage":6.0,"enemies":"Cultist","floor":4.0,"turns":3.0},{"damage":28,"enemies":"3 Sentries","floor":6,"turns":8},{"damage":25,"enemies":"Lagavulin","floor":8,"turns":8},{"damage":28,"enemies":"Gremlin Nob","floor":14,"turns":4}],"seed_played":"4642535037459153974","potions_obtained":[{"floor":1.0,"key":"BlessingOfTheForge"},{"floor":3.0,"key":"SteroidPotion"},{"floor":8,"key":"GamblersBrew"}],"is_trial":false,"path_per_floor":["M","$","M","M","?","E","R","E","T","?","R","?","?","E"],"character_chosen":"DEFECT","items_purchased":["Mummified Hand","Capacitor"],"campfire_rested":2,"item_purchase_floors":[2,2],"current_hp_per_floor":[44,44,40,34,39,18,42,17,17,6,30,30,30,2,2],"gold":267,"neow_bonus":"TWO_FIFTY_GOLD","is_daily":false,"chose_seed":false,"campfire_upgraded":0,"win_rate":0.0,"timestamp":1614292336,"path_taken":["M","$","M","M","?","E","R","E","T","?","R","?","?","E"],"items_purchased_type":["Relic","Card"],"build_version":"2020-12-22","purchased_purges":1,"victory":false,"max_hp_per_floor":[71,71,71,71,76,83,83,83,83,83,83,83,83,83,83],"card_choices":[{"not_picked":["Chill","Streamline"],"picked":"Static Discharge","floor":1.0},{"not_picked":["Sweeping Beam","Hologram"],"picked":"Undo","floor":3.0},{"not_picked":["Sweeping Beam","Reprogram","Fusion"],"picked":"SKIP","floor":4.0},{"not_picked":["Hologram","Blizzard"],"picked":"Seek","floor":6},{"not_picked":["Compile Driver","Static Discharge"],"picked":"Lockon","floor":8}],"player_experience":209731,"relics_obtained":[{"floor":6,"key":"Strawberry"},{"floor":8,"key":"MawBank"},{"floor":9,"key":"Juzu Bracelet"}],"event_choices":[{"damage_healed":0.0,"max_hp_gain":5.0,"max_hp_loss":0.0,"gold_gain":0.0,"event_name":"Big Fish","player_choice":"Donut","floor":5.0,"gold_loss":0.0,"damage_taken":0.0},{"damage_healed":0,"gold_gain":75,"player_choice":"Gather Gold","damage_taken":11,"max_hp_gain":0,"max_hp_loss":0,"event_name":"World of Goop","floor":10,"gold_loss":0},{"damage_healed":0,"gold_gain":0,"cards_transformed":["Strike_B"],"player_choice":"Change","damage_taken":0,"max_hp_gain":0,"max_hp_loss":0,"event_name":"Living Wall","floor":12,"gold_loss":0,"cards_obtained":["Darkness"]},{"damage_healed":0,"gold_gain":0,"player_choice":"Trade","damage_taken":0,"relics_obtained":["FaceOfCleric"],"max_hp_gain":0,"max_hp_loss":0,"event_name":"FaceTrader","floor":13,"gold_loss":0}],"is_beta":false,"boss_relics":[],"items_purged_floors":[2],"is_endless":false,"potions_floor_spawned":[1,3,8],"killed_by":"Gremlin Nob","ascension_level":15}}