{"host":"2se5dq1do2gp0x9k","time":1614222690,"event":{"mods":["AchievementEnabler","BaseMod","Block Reminder","Colored Map","Colored Powertips","Minty Spire (QoL Compilation)","Relic Stats","StSLib","SuperFastMode"],"gold_per_floor":[115,130,13,25,25,25,44,73,73,73,53,78,3,14,14,88,88,104,123,47,3,3,3,3,3],"floor_reached":24,"language":"ENG","playtime":491,"items_purged":["Strike_B"],"score":408,"play_id":"57a76d8c-736e-40f5-af5c-f457184b7139","local_time":"20210224191130","is_ascension_mode":true,"campfire_choices":[{"data":"Doom and Gloom","floor":6,"key":"SMITH"},{"data":"Zap","floor":10,"key":"SMITH"},{"data":"Redo","floor":15,"key":"SMITH"},{"floor":23,"key":"REST"}],"circlet_count":0,"master_deck":["AscendersBane","Strike_B","Strike_B","Strike_B","Defend_B","Defend_B","Defend_B","Defend_B","Zap+1","Dualcast","Sweeping Beam","Doom and Gloom+1","Lockon","Reinforced Body","Doom and Gloom+1","Doom and Gloom","Cold Snap","Redo+1","Multi-Cast","Coolheaded+1","Conserve Battery","Undo","Loop"],"relics":["Cracked Core","NeowsBlessing","Cables","Kunai","Blue Candle","Velvet Choker"],"acts_visited":["Exordium","TheCity"],"potions_floor_usage":[8,24],"damage_taken":[{"damage":0,"enemies":"Jaw Worm","floor":1,"turns":1},{"damage":0,"enemies":"2 Louse","floor":2,"turns":1},{"damage":0,"enemies":"Cultist","floor":4,"turns":1},{"damage":0,"enemies":"Lots of Slimes","floor":7,"turns":1},{"damage":15,"enemies":"3 Sentries","floor":8,"turns":4},{"damage":11,"enemies":"Gremlin Nob","floor":12,"turns":3},{"damage":10,"enemies":"Looter","floor":14,"turns":3},{"damage":19,"enemies":"The Guardian","floor":16,"turns":9},{"damage":16,"enemies":"2 Thieves","floor":18,"turns":3},{"damage":25,"enemies":"3 Byrds","floor":19,"turns":3},{"damage":74,"enemies":"Book of Stabbing","floor":24,"turns":5}],"seed_played":"8764947273438444953","potions_obtained":[{"floor":1,"key":"SkillPotion"},{"floor":4,"key":"LiquidMemories"},{"floor":11,"key":"FairyPotion"}],"is_trial":false,"path_per_floor":["M","M","$","M","?","R","M","E","T","R","?","E","$","M","R","B",null,"M","M","$","$","?","R","E"],"character_chosen":"DEFECT","items_purchased":["Lockon","Reinforced Body","Undo","Loop"],"campfire_rested":1,"item_purchase_floors":[3,3,20,21],"current_hp_per_floor":[64,64,64,64,64,64,64,49,49,49,49,38,38,28,28,9,56,40,15,15,15,29,50,0,0],"gold":3,"neow_bonus":"THREE_ENEMY_KILL","is_daily":false,"chose_seed":false,"campfire_upgraded":3,"win_rate":0.0,"timestamp":1614222690,"path_taken":["M","M","$","M","?","R","M","E","T","R","?","E","$","?","R","BOSS","M","M","?","$","?","R","E"],"items_purchased_type":["Card","Card","Card","Card"],"build_version":"2020-12-22","purchased_purges":1,"victory":false,"max_hp_per_floor":[71,71,71,71,71,71,71,71,71,71,71,71,71,71,71,71,71,71,71,71,71,71,71,71,71],"relic_stats":{"counters":[11,34],"Blue Candle":[0],"Kunai":[1],"obtain_stats":[{"NeowsBlessing":0,"Blue Candle":12,"Velvet Choker":17,"Kunai":9,"Cracked Core":0,"Cables":8},{"NeowsBlessing":0,"Blue Candle":6,"Velvet Choker":8,"Kunai":5,"Cracked Core":0,"Cables":5},{"NeowsBlessing":0,"Blue Candle":11,"Velvet Choker":23,"Kunai":8,"Cracked Core":0,"Cables":8}],"Cables":[21,14,3,4,0]},"card_choices":[{"not_picked":["Heatsinks","BootSequence"],"picked":"Sweeping Beam","floor":1},{"not_picked":["Heatsinks","Gash"],"picked":"Doom and Gloom","floor":2},{"not_picked":["Hello World","Hologram"],"picked":"Doom and Gloom","floor":4},{"not_picked":["Blizzard","Capacitor"],"picked":"Doom and Gloom","floor":7},{"not_picked":["Blizzard","Sweeping Beam","Thunder Strike"],"picked":"SKIP","floor":8},{"not_picked":["Glacier","Loop"],"picked":"Cold Snap","floor":12},{"not_picked":["Sweeping Beam","Compile Driver"],"picked":"Redo","floor":14},{"not_picked":["Rainbow","Core Surge"],"picked":"Multi-Cast","floor":16},{"not_picked":["Loop","Ball Lightning"],"picked":"Coolheaded+1","floor":18},{"not_picked":["Rip and Tear","Self Repair"],"picked":"Conserve Battery","floor":19}],"player_experience":4146145,"relics_obtained":[{"floor":8,"key":"Cables"},{"floor":9,"key":"Kunai"},{"floor":12,"key":"Blue Candle"}],"event_choices":[{"damage_healed":0,"gold_gain":0,"player_choice":"Grow","damage_taken":0,"max_hp_gain":0,"max_hp_loss":0,"event_name":"Living Wall","floor":5,"gold_loss":0,"cards_upgraded":["Doom and Gloom"]},{"damage_healed":0,"gold_gain":0,"player_choice":"Bought 1 Potion","damage_taken":0,"max_hp_gain":0,"max_hp_loss":0,"event_name":"The Woman in Blue","floor":11,"gold_loss":0},{"damage_healed":14,"gold_gain":0,"player_choice":"Heal","damage_taken":0,"max_hp_gain":0,"max_hp_loss":0,"event_name":"The Library","floor":22,"gold_loss":0}],"is_beta":false,"boss_relics":[{"not_picked":["Black Star","Empty Cage"],"picked":"Velvet Choker"}],"items_purged_floors":[13],"is_endless":false,"potions_floor_spawned":[1,4,7,12],"killed_by":"Book of Stabbing","ascension_level":20}}