{"host":"Jz","time":1614260651,"event":{"mods":["AchievementEnabler","BaseMod","Colored Map","Colored Powertips","Minty Spire (QoL Compilation)","Relic Stats","Slay-I","StSLib"],"gold_per_floor":[109,128,138,98,116,116,116,136,136,153,153,153,184,203,203,277,277,294,313,14,31,31,31,31,31],"floor_reached":24,"language":"ENG","playtime":1124,"items_purged":["Strike_R"],"score":500,"play_id":"bf6520f7-9576-4c86-8584-95111a555e4a","local_time":"20210225204411","is_ascension_mode":true,"campfire_choices":[{"data":"Whirlwind","floor":6,"key":"SMITH"},{"data":"Bash","floor":11,"key":"SMITH"},{"floor":15,"key":"REST"},{"floor":23,"key":"REST"}],"circlet_count":0,"master_deck":["AscendersBane","Strike_R","Strike_R+1","Strike_R+1","Defend_R","Defend_R","Defend_R","Defend_R","Bash+1","Whirlwind+1","Demon Form","Combust","Rampage","Shrug It Off","Armaments+1","Headbutt","Offering+1","Spot Weakness+1","Shockwave+1","Inflame","Warcry+1","Ghostly+1","Ghostly+1","Ghostly+1"],"relics":["Burning Blood","NeowsBlessing","Self Forming Clay","Toxic Egg 2","SlaversCollar"],"acts_visited":["Exordium","TheCity"],"potions_floor_usage":[13,14,16,20,20,24],"damage_taken":[{"damage":0,"enemies":"Cultist","floor":1,"turns":1},{"damage":0,"enemies":"2 Louse","floor":2,"turns":1},{"damage":0,"enemies":"Small Slimes","floor":3,"turns":1},{"damage":12,"enemies":"Looter","floor":4,"turns":4},{"damage":14,"enemies":"Large Slime","floor":5,"turns":6},{"damage":10,"enemies":"Red Slaver","floor":8,"turns":4},{"damage":6,"enemies":"Looter","floor":10,"turns":4},{"damage":10,"enemies":"Lagavulin","floor":13,"turns":6},{"damage":0,"enemies":"Exordium Wildlife","floor":14,"turns":3},{"damage":4,"enemies":"Slime Boss","floor":16,"turns":7},{"damage":30,"enemies":"Chosen","floor":18,"turns":6},{"damage":24,"enemies":"3 Byrds","floor":19,"turns":5},{"damage":37,"enemies":"Snecko","floor":21,"turns":7},{"damage":35,"enemies":"Slavers","floor":24,"turns":3}],"seed_played":"-2659111050194982293","potions_obtained":[{"floor":3,"key":"Weak Potion"},{"floor":5,"key":"Fruit Juice"},{"floor":13,"key":"Block Potion"},{"floor":14,"key":"Fire Potion"},{"floor":16,"key":"ColorlessPotion"},{"floor":18,"key":"Ancient Potion"},{"floor":19,"key":"BloodPotion"}],"is_trial":false,"path_per_floor":["M","M","M","M","M","R","?","M","T","M","R","?","E","M","R","B",null,"M","M","$","M","?","R","E"],"character_chosen":"IRONCLAD","items_purchased":["Shockwave+1","Inflame","AttackPotion"],"campfire_rested":2,"item_purchase_floors":[20,20,20],"current_hp_per_floor":[74,75,75,69,61,61,38,34,34,34,34,27,23,29,51,53,70,46,28,49,18,18,30,0,0],"gold":31,"neow_bonus":"THREE_ENEMY_KILL","is_daily":false,"chose_seed":false,"campfire_upgraded":2,"win_rate":0.0,"timestamp":1614260651,"path_taken":["M","M","?","?","M","R","?","M","T","M","R","?","E","M","R","BOSS","M","M","$","M","?","R","E"],"items_purchased_type":["Card","Card","Potion"],"build_version":"2020-12-18","purchased_purges":1,"victory":false,"max_hp_per_floor":[75,75,75,75,75,75,75,75,75,75,75,75,75,75,75,75,75,75,75,80,80,40,40,40,40],"relic_stats":{"counters":[14,58],"Self Forming Clay":[75],"obtain_stats":[{"SlaversCollar":17,"NeowsBlessing":0,"Self Forming Clay":9,"Toxic Egg 2":13,"Burning Blood":0},{"SlaversCollar":10,"NeowsBlessing":0,"Self Forming Clay":6,"Toxic Egg 2":8,"Burning Blood":0},{"SlaversCollar":37,"NeowsBlessing":0,"Self Forming Clay":17,"Toxic Egg 2":27,"Burning Blood":0}],"Burning Blood":67},"card_choices":[{"not_picked":["Clothesline","Havoc"],"picked":"Whirlwind","floor":1},{"not_picked":["Havoc","Warcry"],"picked":"Demon Form","floor":2},{"not_picked":["Headbutt","Clash"],"picked":"Combust","floor":3},{"not_picked":["Feel No Pain","Rage","Burning Pact"],"picked":"SKIP","floor":4},{"not_picked":["Headbutt","Havoc"],"picked":"Rampage","floor":5},{"not_picked":["Wild Strike","Infernal Blade","Perfected Strike"],"picked":"SKIP","floor":8},{"not_picked":["Sword Boomerang","Flex"],"picked":"Shrug It Off","floor":10},{"not_picked":["Warcry+1","Searing Blow"],"picked":"Armaments+1","floor":13},{"not_picked":["Warcry+1","Evolve"],"picked":"Headbutt","floor":14},{"not_picked":["Berserk","Feed"],"picked":"Offering+1","floor":16},{"not_picked":["Whirlwind","Combust","Hemokinesis"],"picked":"SKIP","floor":18},{"not_picked":["Sword Boomerang","Flex+1"],"picked":"Spot Weakness+1","floor":19},{"not_picked":["Rampage","Wild Strike"],"picked":"Warcry+1","floor":21}],"player_experience":406526,"relics_obtained":[{"floor":9,"key":"Self Forming Clay"},{"floor":13,"key":"Toxic Egg 2"}],"event_choices":[{"damage_healed":0,"gold_gain":0,"player_choice":"Entered Light","damage_taken":23,"max_hp_gain":0,"max_hp_loss":0,"event_name":"Shining Light","floor":7,"gold_loss":0,"cards_upgraded":["Strike_R","Strike_R"]},{"cards_removed":["Strike_R"],"damage_healed":0,"gold_gain":0,"player_choice":"Card Removal","damage_taken":7,"max_hp_gain":0,"max_hp_loss":0,"event_name":"Golden Wing","floor":12,"gold_loss":0},{"damage_healed":0,"gold_gain":0,"player_choice":"Became a Ghost","damage_taken":0,"max_hp_gain":0,"max_hp_loss":40,"event_name":"Ghosts","floor":22,"gold_loss":0,"cards_obtained":["Ghostly","Ghostly","Ghostly"]}],"is_beta":true,"boss_relics":[{"not_picked":["Pandora\u0027s Box","Empty Cage"],"picked":"SlaversCollar"}],"items_purged_floors":[20],"is_endless":false,"potions_floor_spawned":[3,5,13,14,16,18,19],"killed_by":"Slavers","ascension_level":20}}