{"host":"p4uvwq8t1ek3wppa","time":1614280696,"event":{"mods":["Aspiration","BaseMod","Colored Map","Colored Powertips","DeckTracker","Highlight Path","Hubris","Infinite Spire","Minty Spire (QoL Compilation)","Quick Restart","Random Character Button","Relic Sorter","Replay The Spire","StSLib","SuperFastMode","Synergy Search","The Cursed","The Disciple","The Jungle","The Runesmith"],"gold_per_floor":[109,109,109,126,138,165,165,195,195,195,175,21,49,65,159,264,264,275,295,313,326,326,352,369,404,404,429,429,429,429,447,447,543,543,554,654,654,673,673,693,752,832,832,877,877],"floor_reached":44,"language":"ENG","playtime":8535,"items_purged":[],"score":544,"play_id":"d3b29459-c5cf-499a-baf4-c1c43c1d48d7","local_time":"20210225201816","is_ascension_mode":true,"campfire_choices":[{"data":"Metallicize","floor":7,"key":"SMITH"},{"floor":29,"key":"REST"}],"circlet_count":0,"master_deck":["Strike_R","Strike_R","Strike_R","Strike_R","Strike_R","Defend_R","Defend_R","Defend_R","Defend_R","Shrug It Off","Wild Strike","Life Link","Metallicize+1","Anger+1","Survivor+1","Neutralize+1","Cleave","Impervious","Deadly Poison","Armaments+1","Combust","infinitespire:FinalStrike","Dagger Throw+1","Armaments","Rage","Languid","Tools of the Trade","Power Through","infinitespire:Starlight","Perfected Strike","Deadly Poison","Parasite","Armaments+1","All Out Attack+1"],"relics":["Burning Blood","ReplayTheSpireMod:Ring of Challenge","Mango","Ginger","Magic Flower","ReplayFunnel","infinitespire:CheckeredPen","Replay:Grab Bag","Busted Crown","aspiration:FutureDiary","aspiration:SilentSkillbook","Bag of Marbles","Blue Candle","HornCleat","Bag of Preparation","aspiration:RitualStick","Ring of Hypnosis","Replay:Bronze Core","Peace Pipe","Question Card","Garlic","hubris:IronBody"],"acts_visited":["Exordium","TheCity","TheBeyond"],"potions_floor_usage":[16,16,16,27,36,41],"damage_taken":[{"damage":3,"enemies":"Small Slimes","floor":1,"turns":3},{"damage":0,"enemies":"Cultist","floor":4,"turns":3},{"damage":9,"enemies":"Jaw Worm","floor":5,"turns":4},{"damage":1,"enemies":"Replay:BlueRogue","floor":6,"turns":7},{"damage":28,"enemies":"Lagavulin","floor":8,"turns":6},{"damage":10,"enemies":"3 Sentries","floor":13,"turns":9},{"damage":3,"enemies":"Gremlin Gang","floor":14,"turns":5},{"damage":8,"enemies":"Fading Forest","floor":16,"turns":11},{"damage":3,"enemies":"Spheric Guardian","floor":18,"turns":6},{"damage":4,"enemies":"Shell Parasite","floor":19,"turns":6},{"damage":18,"enemies":"Snake Plant","floor":20,"turns":5},{"damage":45,"enemies":"3 Cultists","floor":21,"turns":6},{"damage":20,"enemies":"Book of Stabbing","floor":23,"turns":5},{"damage":3,"enemies":"Chosen and Byrds","floor":24,"turns":5},{"damage":5,"enemies":"Replay:Snechameleon","floor":25,"turns":4},{"damage":21,"enemies":"Gremlin Leader","floor":27,"turns":4},{"damage":2,"enemies":"Centurion and Healer","floor":31,"turns":3},{"damage":51,"enemies":"Champ","floor":33,"turns":12},{"damage":8,"enemies":"3 Shapes","floor":35,"turns":3},{"damage":27,"enemies":"infinitespire:Three Voidlings","floor":36,"turns":4},{"damage":18,"enemies":"Nightmare_Alpha","floor":36,"turns":15},{"damage":9,"enemies":"3 Darklings","floor":38,"turns":4},{"damage":5,"enemies":"Writhing Mass","floor":40,"turns":3},{"damage":28,"enemies":"Spire Growth","floor":41,"turns":5},{"damage":60,"enemies":"R_Hoarder","floor":42,"turns":10},{"damage":48,"enemies":"Reptomancer","floor":44,"turns":2}],"seed_played":"-4295027323868549309","potions_obtained":[{"floor":4,"key":"Toxic Potion"},{"floor":6,"key":"Weak Potion"},{"floor":11,"key":"EssenceOfSteel"},{"floor":18,"key":"Adrenaline Potion"},{"floor":20,"key":"Energy Potion"},{"floor":24,"key":"Dexterity Potion"},{"floor":25,"key":"AttackPotion"},{"floor":31,"key":"ColorlessPotion"},{"floor":40,"key":"Venom Potion"}],"is_trial":true,"path_per_floor":["M","?","$","M","M","E","R","E","T","?","?","$","E","M","R_BF","B",null,"M","M","M","M","AVR","E","M","E","T","E","?","R","?","M","R_BF","B",null,"M","?","T","M","?","M","M","E","T","E"],"character_chosen":"IRONCLAD","items_purchased":["ReplayFunnel"],"campfire_rested":1,"item_purchase_floors":[12],"current_hp_per_floor":[80,80,80,80,77,94,94,72,72,72,72,72,71,77,77,78,94,94,94,85,49,49,38,44,48,48,36,17,45,45,52,80,38,94,94,84,84,94,94,94,75,39,39,0,0],"gold":877,"neow_bonus":"","is_daily":false,"chose_seed":false,"campfire_upgraded":1,"win_rate":0.0,"timestamp":1614280696,"path_taken":["M","?","$","?","M","E","R","E","T","?","?","$","E","M","R_BF","BOSS","M","M","?","M","AVR","E","M","E","T","E","?","R","?","M","R_BF","BOSS","M","?","?","M","?","M","M","E","T","E"],"items_purchased_type":["Relic"],"build_version":"2020-12-22","purchased_purges":0,"victory":false,"max_hp_per_floor":[80,80,80,80,80,94,94,94,94,94,94,94,94,94,94,94,94,94,94,94,94,94,94,94,94,94,94,94,94,94,94,94,94,94,94,94,94,94,94,94,94,94,94,94,94],"card_choices":[{"not_picked":["ReplayTheSpireMod:Muscle Training","Second Wind"],"picked":"Shrug It Off","floor":1},{"not_picked":["Sword Boomerang","Pommel Strike"],"picked":"Wild Strike","floor":4},{"not_picked":["ReplayTheSpireMod:Limb From Limb","Iron Wave"],"picked":"Life Link","floor":5},{"not_picked":["Havoc","hubris:CleavingFinish"],"picked":"Metallicize","floor":6},{"not_picked":["Demonic Infusion","ReplayTheSpireMod:Limb From Limb"],"picked":"Anger","floor":8},{"not_picked":["Iron Wave","Clothesline","Replay:Undeath\u0027s Touch"],"picked":"SKIP","floor":13},{"not_picked":["Iron Wave","Clothesline","Replay:Undeath\u0027s Touch"],"picked":"SKIP","floor":13},{"not_picked":["Iron Wave","Clothesline","Replay:Undeath\u0027s Touch"],"picked":"SKIP","floor":13},{"not_picked":["Second Wind","ReplayTheSpireMod:Muscle Training"],"picked":"Cleave","floor":14},{"not_picked":["Offering","Demonic Infusion"],"picked":"Impervious","floor":16},{"not_picked":["Run Through"],"picked":"Deadly Poison","floor":18},{"not_picked":["Headbutt"],"picked":"Armaments","floor":19},{"not_picked":["ReplayTheSpireMod:Exploit Weakness+1"],"picked":"Combust","floor":20},{"not_picked":["Run Through+1","Shrug It Off"],"picked":"SKIP","floor":21},{"not_picked":["Heavy Blade","Feel No Pain"],"picked":"SKIP","floor":23},{"not_picked":["Limit Break"],"picked":"Dagger Throw+1","floor":24},{"not_picked":["ReplayTheSpireMod:Tripwire"],"picked":"Armaments","floor":25},{"not_picked":["Bane+1"],"picked":"Rage","floor":27},{"not_picked":["Feel No Pain","Life Link"],"picked":"SKIP","floor":31},{"not_picked":["Die Die Die"],"picked":"Tools of the Trade","floor":33},{"not_picked":["Skewer"],"picked":"Power Through","floor":35},{"not_picked":["infinitespire:NeuralNetwork","infinitespire:SealOfDarkness+"],"picked":"infinitespire:Starlight","floor":36},{"not_picked":["True Grit"],"picked":"Perfected Strike","floor":36},{"not_picked":["Seeing Red","ReplayReversal"],"picked":"Deadly Poison","floor":38},{"not_picked":["Backflip","Draining Mist","Deflect+1"],"picked":"SKIP","floor":40},{"not_picked":["Pummel+1","Run Through+1"],"picked":"Armaments+1","floor":41},{"not_picked":["Backflip","Entrench+1"],"picked":"All Out Attack+1","floor":42}],"player_experience":312346,"relics_obtained":[{"floor":6,"key":"Mango"},{"floor":8,"key":"Ginger"},{"floor":9,"key":"Magic Flower"},{"floor":13,"key":"infinitespire:CheckeredPen"},{"floor":23,"key":"Bag of Marbles"},{"floor":25,"key":"Blue Candle"},{"floor":26,"key":"HornCleat"},{"floor":27,"key":"Bag of Preparation"},{"floor":30,"key":"ReplayTheSpireMod:Ring of Challenge"},{"floor":30,"key":"Ring of Hypnosis"},{"floor":36,"key":"Peace Pipe"},{"floor":37,"key":"Question Card"},{"floor":42,"key":"Garlic"},{"floor":43,"key":"hubris:IronBody"}],"event_choices":[{"damage_healed":0,"gold_gain":0,"player_choice":"Upgraded","damage_taken":0,"max_hp_gain":0,"max_hp_loss":0,"event_name":"Upgrade Shrine","floor":2,"gold_loss":0,"cards_upgraded":["Bash"]},{"damage_healed":0,"gold_gain":0,"player_choice":"Bought 1 Potion","damage_taken":0,"max_hp_gain":0,"max_hp_loss":0,"event_name":"The Woman in Blue","floor":11,"gold_loss":0}],"is_beta":false,"boss_relics":[{"not_picked":["SacredBark","hubris:VirtuousBlindfold"],"picked":"Replay:Grab Bag"},{"not_picked":["hubris:CrackedHourglass","Cursed Key"],"picked":"Busted Crown"},{"not_picked":["Abe\u0027s Treasure","Sozu"],"picked":"aspiration:FutureDiary"},{"not_picked":["ReplayTheSpireMod:SealedPack","aspiration:SecretTechniqueScroll"],"picked":"aspiration:SilentSkillbook"},{"not_picked":["aspiration:RunicSpoon","Kintsugi"],"picked":"Replay:Bronze Core"}],"items_purged_floors":[],"is_endless":true,"potions_floor_spawned":[4,6,18,20,24,25,31,35,40],"killed_by":"Reptomancer","ascension_level":1}}