{"host":"ishme5wb80o83upk","time":1614266276,"event":{"mods":["Act Like it!","BaseMod","HololiveMod","Minty Spire (QoL Compilation)","StSLib"],"gold_per_floor":[80,97,119,139,184,240,240,294,294,294,354,391,423,509,509,623,623,653,268,288,319,368,446,446,529,529,529,592,592,592,636,636,789,789,884,933,966,966,1046,1046,1177,1228,1228,1322,1440,1508,1080,1156,1156,1258,1336,1336,1336,1048,1165,1227],"floor_reached":57,"language":"KOR","playtime":2734,"items_purged":["Hololive_Defend","Hololive_Defend","Hololive_Strike"],"score":3333,"play_id":"1c1da2ba-8fed-4303-aa00-5e5fcea33cb8","local_time":"20210226001756","is_ascension_mode":true,"campfire_choices":[{"data":"Hololive_CallSpadeEcho","floor":7,"key":"SMITH"},{"data":"Hololive_CallSakuraMiko","floor":10,"key":"SMITH"},{"data":"Hololive_DiamondStrike","floor":15,"key":"SMITH"},{"data":"Hololive_FlareMind","floor":24,"key":"SMITH"},{"data":"Hololive_RevenueBasedLive","floor":27,"key":"SMITH"},{"data":"Hololive_RevenueBasedLive","floor":30,"key":"SMITH"},{"data":"Hololive_CallUruhaRushia","floor":32,"key":"SMITH"},{"floor":40,"key":"RECALL"},{"data":"Hololive_DiamondStrike","floor":49,"key":"SMITH"},{"data":"Hololive_Recruit","floor":53,"key":"SMITH"}],"circlet_count":0,"master_deck":["AscendersBane","Hololive_CallMinatoAqua","Hololive_CallUsadaPekora","Hololive_CallMurasakiShion","Hololive_CallShiranuiFlare","Hololive_CallSpadeEcho+1","Hololive_Breathe","Hololive_Strike","Hololive_ASMR","Hololive_CallSakuraMiko+1","Hololive_RevenueBasedLive+1","Hololive_DiamondStrike+1","Hololive_RevenueBasedLive+1","Hololive_RevenueBasedLive","Hololive_CallMomosuzuNene+22","Hololive_CallShiroganeNoel","Hololive_CallHoushouMarine","Hololive_CallYozoraMel","Hololive_FlareMind+1","Hololive_RevenueBasedLive+1","Hololive_CallInugamiKorone","Hololive_RevenueBasedLive","Hololive_RevenueBasedLive+1","Hololive_CallUruhaRushia+1","Hololive_RevenueBasedLive","Hololive_CallShirakamiFubuki","Hololive_CallNekomataOkayu+1","Hololive_CallCivia+1","Hololive_CallRosalyn+1","Hololive_DiamondStrike+1","Hololive_CallTsunomakiWatame+1","Hololive_Recruit+1","Hololive_CallAkaiHaato+1","Hololive_CallAkiRosenthal+1","Hololive_SummonFox","Hololive_CallOzoraSubaru+1","Hololive_CallNatsuiroMatsuri+1","Hololive_Thief"],"relics":["Hololive_TheStar","Matryoshka","Happy Flower","Lantern","Bird Faced Urn","Eternal Feather","Runic Dome","OrangePellets","MealTicket","Frozen Egg 2","HornCleat","Hololive_FriedShrimpLion","Philosopher\u0027s Stone","Bottled Tornado","CeramicFish","CaptainsWheel","Bottled Lightning"],"acts_visited":["Exordium","TheCity","TheBeyond","TheEnding"],"potions_floor_usage":[6,11,25,56,56],"damage_taken":[{"damage":0,"enemies":"Cultist","floor":1,"turns":3},{"damage":0,"enemies":"Small Slimes","floor":2,"turns":4},{"damage":0,"enemies":"Jaw Worm","floor":3,"turns":2},{"damage":0,"enemies":"Blue Slaver","floor":4,"turns":3},{"damage":0,"enemies":"2 Fungi Beasts","floor":5,"turns":3},{"damage":6,"enemies":"3 Sentries","floor":6,"turns":9},{"damage":0,"enemies":"Lagavulin","floor":8,"turns":5},{"damage":0,"enemies":"Gremlin Nob","floor":11,"turns":3},{"damage":0,"enemies":"Looter","floor":12,"turns":3},{"damage":0,"enemies":"Large Slime","floor":13,"turns":4},{"damage":0,"enemies":"Lagavulin Event","floor":14,"turns":5},{"damage":0,"enemies":"Slime Boss","floor":16,"turns":6},{"damage":2,"enemies":"2 Thieves","floor":18,"turns":4},{"damage":1,"enemies":"Shell Parasite","floor":20,"turns":4},{"damage":0,"enemies":"Shelled Parasite and Fungi","floor":21,"turns":4},{"damage":16,"enemies":"Snake Plant","floor":22,"turns":3},{"damage":0,"enemies":"Book of Stabbing","floor":23,"turns":4},{"damage":2,"enemies":"Slavers","floor":25,"turns":4},{"damage":0,"enemies":"Chosen and Byrds","floor":28,"turns":3},{"damage":0,"enemies":"Snecko","floor":31,"turns":3},{"damage":0,"enemies":"Collector","floor":33,"turns":6},{"damage":0,"enemies":"3 Darklings","floor":35,"turns":4},{"damage":0,"enemies":"Orb Walker","floor":36,"turns":3},{"damage":0,"enemies":"Sphere and 2 Shapes","floor":37,"turns":3},{"damage":0,"enemies":"Maw","floor":39,"turns":3},{"damage":0,"enemies":"3 Darklings","floor":41,"turns":4},{"damage":0,"enemies":"Sphere and 2 Shapes","floor":42,"turns":3},{"damage":0,"enemies":"Maw","floor":44,"turns":5},{"damage":0,"enemies":"Giant Head","floor":45,"turns":5},{"damage":0,"enemies":"Writhing Mass","floor":46,"turns":3},{"damage":0,"enemies":"Spire Growth","floor":48,"turns":3},{"damage":0,"enemies":"Time Eater","floor":50,"turns":7},{"damage":0,"enemies":"Donu and Deca","floor":51,"turns":6},{"damage":10,"enemies":"Shield and Spear","floor":55,"turns":5},{"damage":0,"enemies":"The Heart","floor":56,"turns":6}],"seed_played":"-13384833203778985","potions_obtained":[{"floor":1,"key":"EssenceOfSteel"},{"floor":3,"key":"Ancient Potion"},{"floor":8,"key":"Explosive Potion"},{"floor":11,"key":"Dexterity Potion"},{"floor":14,"key":"Ancient Potion"},{"floor":16,"key":"PowerPotion"},{"floor":25,"key":"LiquidMemories"},{"floor":28,"key":"Swift Potion"}],"is_trial":false,"path_per_floor":["M","M","M","M","M","E","R","E","T","R","E","M","M","?","R","B",null,"M","$","M","M","M","E","R","E","T","R","M","?","R","M","R","B",null,"M","M","M","?","M","R","M","M","T","M","E","M","$","M","R","B","B",null,"R","$","E","B",null],"character_chosen":"Hololive_HololiveCharacter","items_purchased":["OrangePellets","Hololive_CallInugamiKorone","Hololive_RevenueBasedLive","CaptainsWheel","Hololive_Thief"],"campfire_rested":0,"item_purchase_floors":[19,19,19,47,54],"current_hp_per_floor":[27,27,27,27,27,21,21,21,21,21,21,30,30,30,30,30,30,30,30,30,30,24,30,30,30,30,30,30,30,30,30,30,30,30,30,30,30,30,30,30,30,30,30,30,30,30,30,30,30,30,30,30,30,30,30,30],"gold":1227,"neow_bonus":"ONE_RANDOM_RARE_CARD","is_daily":false,"chose_seed":false,"campfire_upgraded":9,"win_rate":0.0,"timestamp":1614266276,"path_taken":["M","M","M","M","M","E","R","E","T","R","E","?","M","?","R","BOSS","M","$","M","M","M","E","R","E","T","R","M","?","R","M","R","BOSS","M","?","M","?","M","R","M","M","T","M","E","M","$","M","R","BOSS","BOSS","R","$","E","BOSS"],"items_purchased_type":["Relic","Card","Card","Relic","Card"],"build_version":"2020-12-22","purchased_purges":3,"victory":true,"max_hp_per_floor":[30,30,30,30,30,30,30,30,30,30,30,30,30,30,30,30,30,30,30,30,30,30,30,30,30,30,30,30,30,30,30,30,30,30,30,30,30,30,30,30,30,30,30,30,30,30,30,30,30,30,30,30,30,30,30,30],"card_choices":[{"not_picked":["Hololive_BringToTrial","Hololive_Sequa","Hololive_CallAkaiHaato"],"picked":"Hololive_CallSakuraMiko","floor":1},{"not_picked":["Hololive_OvertimeWork","Hololive_CallSakuraMiko","Hololive_StrengthChampion"],"picked":"Hololive_RevenueBasedLive","floor":2},{"not_picked":["Hololive_CocoNews","Hololive_Breathe","Hololive_HuntDinosaur"],"picked":"Hololive_DiamondStrike","floor":3},{"not_picked":["Hololive_ILoveYou","Hololive_Psychosis","Hololive_Trident"],"picked":"Hololive_RevenueBasedLive","floor":4},{"not_picked":["Hololive_CocoNews","Hololive_Sequa","Hololive_CallTokoyamiTowa"],"picked":"Hololive_RevenueBasedLive","floor":5},{"not_picked":["Hololive_Spy","Hololive_CallNakiriAyame","Hololive_Breathe"],"picked":"Hololive_CallMomosuzuNene","floor":6},{"not_picked":["Hololive_Drill","Hololive_Psychosis","Hololive_Sequa","Hololive_Yoholoon"],"picked":"SKIP","floor":8},{"not_picked":["Hololive_LuckPotion","Hololive_Recruit","Hololive_ILoveYou"],"picked":"Hololive_CallShiroganeNoel","floor":11},{"not_picked":["Hololive_LuckPotion","Hololive_Rebound","Hololive_StrengthChampion","Hololive_Breathe"],"picked":"SKIP","floor":12},{"not_picked":["Hololive_Breathe","Hololive_LuckPotion","Hololive_CallHimemoriLuna"],"picked":"Hololive_CallHoushouMarine","floor":13},{"not_picked":["Hololive_Drill","Hololive_Breathe","Hololive_Trident"],"picked":"Hololive_CallYozoraMel","floor":14},{"not_picked":["Hololive_WolfAndLamb","Hololive_ASMR","Hololive_Recruit"],"picked":"Hololive_FlareMind","floor":16},{"not_picked":["Hololive_HuntDinosaur","Hololive_CallNakiriAyame","Hololive_Breathe"],"picked":"Hololive_RevenueBasedLive","floor":18},{"not_picked":["Hololive_CallOkamiMio","Hololive_Breathe","Hololive_CallMoonaHoshinova"],"picked":"Hololive_RevenueBasedLive+1","floor":20},{"not_picked":["Hololive_Trident","Hololive_HuntDinosaur","Hololive_CallHimemoriLuna"],"picked":"Hololive_CallUruhaRushia","floor":21},{"not_picked":["Hololive_FlyingPonyTail+1","Hololive_WolfAndLamb","Hololive_Sequa"],"picked":"Hololive_RevenueBasedLive","floor":22},{"not_picked":["Hololive_Sequa","Hololive_SummonFox","Hololive_StrengthChampion"],"picked":"Hololive_CallShirakamiFubuki","floor":23},{"not_picked":["Hololive_LuckPotion","Hololive_CallKiryuuCoco+1","Hololive_FlyingPonyTail"],"picked":"Hololive_CallNekomataOkayu+1","floor":25},{"not_picked":["Hololive_LuckPotion","Hololive_FlyingPonyTail","Hololive_HighAtkLowDef"],"picked":"Hololive_CallCivia+1","floor":28},{"not_picked":["Hololive_CallInugamiKorone+1","Hololive_FlyingPonyTail","Hololive_CallYukihanaLamy+1"],"picked":"Hololive_CallRosalyn+1","floor":31},{"not_picked":["Hololive_IdolExercise","Hololive_Thief","Hololive_BeCareful"],"picked":"Hololive_DiamondStrike","floor":33},{"not_picked":["Hololive_Yoholoon","Hololive_CandyCastle+1","Hololive_LuckPotion"],"picked":"Hololive_CallTsunomakiWatame+1","floor":35},{"not_picked":["Hololive_StrengthChampion","Hololive_FlyingPonyTail","Hololive_Breathe","Hololive_Drill"],"picked":"SKIP","floor":36},{"not_picked":["Hololive_Psychosis+1","Hololive_LuckPotion","Hololive_SoulCatcher+1"],"picked":"Hololive_Recruit","floor":37},{"not_picked":["Hololive_CallHoushouMarine+1","Hololive_LuckPotion","Hololive_OvertimeWork"],"picked":"Hololive_CallAkaiHaato+1","floor":39},{"not_picked":["Hololive_OvertimeWork","Hololive_CallInugamiKorone+1","Hololive_CallUruhaRushia+1"],"picked":"Hololive_CallAkiRosenthal+1","floor":41},{"not_picked":["Hololive_Sequa","Hololive_HuntDinosaur","Hololive_CocoNews","Hololive_LuckPotion"],"picked":"SKIP","floor":42},{"not_picked":["Hololive_Sequa","Hololive_CallKiryuuCoco+1","Hololive_SoulCatcher"],"picked":"Hololive_SummonFox","floor":44},{"not_picked":["Hololive_CallHoshimachiSuisei+1","Hololive_Rebound+1","Hololive_Sequa","Hololive_CallRoboco+1"],"picked":"SKIP","floor":45},{"not_picked":["Hololive_Watashimo+1","Hololive_CallHoushouMarine+1","Hololive_LuckPotion+1"],"picked":"Hololive_CallOzoraSubaru+1","floor":46},{"not_picked":["Hololive_DevilCharm","Hololive_LuckPotion","Hololive_CallAiraniIofifteen+1"],"picked":"Hololive_CallNatsuiroMatsuri+1","floor":48},{"not_picked":["Hololive_CallAkiRosenthal+1","Hololive_Psychosis","Hololive_CallMurasakiShion+1","Hololive_Breathe+1"],"picked":"SKIP","floor":55}],"player_experience":1136131,"relics_obtained":[{"floor":6,"key":"Matryoshka"},{"floor":8,"key":"Happy Flower"},{"floor":9,"key":"Lantern"},{"floor":11,"key":"Bird Faced Urn"},{"floor":14,"key":"Eternal Feather"},{"floor":23,"key":"MealTicket"},{"floor":25,"key":"Frozen Egg 2"},{"floor":26,"key":"HornCleat"},{"floor":26,"key":"Hololive_FriedShrimpLion"},{"floor":43,"key":"Bottled Tornado"},{"floor":45,"key":"CeramicFish"},{"floor":55,"key":"Bottled Lightning"}],"event_choices":[{"damage_healed":0,"gold_gain":0,"player_choice":"Searched \u00271\u0027 times","damage_taken":0,"max_hp_gain":0,"max_hp_loss":0,"event_name":"Dead Adventurer","floor":14,"gold_loss":0},{"damage_healed":0,"gold_gain":0,"player_choice":"Upgraded","damage_taken":0,"max_hp_gain":0,"max_hp_loss":0,"event_name":"Upgrade Shrine","floor":29,"gold_loss":0,"cards_upgraded":["Hololive_RevenueBasedLive"]},{"damage_healed":0,"gold_gain":0,"player_choice":"Ignored","damage_taken":0,"max_hp_gain":0,"max_hp_loss":0,"event_name":"Tomb of Lord Red Mask","floor":38,"gold_loss":0}],"is_beta":false,"boss_relics":[{"not_picked":["Empty Cage","Hololive_Finger"],"picked":"Runic Dome"},{"not_picked":["Velvet Choker","Calling Bell"],"picked":"Philosopher\u0027s Stone"}],"items_purged_floors":[19,47,54],"is_endless":false,"potions_floor_spawned":[1,3,5,8,11,14,16,18,22,25,28,33,42,44,45],"ascension_level":20}}