{"host":"nihqlga4zpmrcpl9","time":1614267188,"event":{"mods":["BaseMod","LagranYue(拉格朗・月)","Marisa（F雨　魔理沙）","Minty Spire (QoL Compilation)","Replay The Spire","Shop Mod","StSLib","The Bug Knight","The Cursed","The Hierophant","The Servant 0.9.4"],"gold_per_floor":[110,125,141,3,23,23,43,43,43,69,83,95,121,140,140,150,150],"floor_reached":16,"language":"ZHS","playtime":735,"items_purged":[],"score":174,"play_id":"0b95fcb5-a6b5-4c1c-8bdb-57ae8bc17831","local_time":"20210225233308","is_ascension_mode":true,"campfire_choices":[{"data":"Bash","floor":6,"key":"SMITH"},{"data":"Rage","floor":8,"key":"SMITH"},{"data":"Inflame","floor":15,"key":"SMITH"}],"circlet_count":0,"master_deck":["AscendersBane","Strike_R","Strike_R","Strike_R","Strike_R","Strike_R","Defend_R","Defend_R","Defend_R","Defend_R","Bash+1","Rampage","Pommel Strike","Iron Wave","Reaper","Pommel Strike","Rage+1","Demonic Infusion","Flex","Inflame+1","Juggernaut","Anger"],"relics":["Burning Blood","LagranYue:RandomDrawCardRelic","InkBottle","Replay:Bottled Steam","Replay:Bandana"],"acts_visited":["Exordium"],"potions_floor_usage":[],"damage_taken":[{"damage":20,"enemies":"Cultist","floor":1,"turns":5},{"damage":0,"enemies":"2 Louse","floor":2,"turns":3},{"damage":4,"enemies":"Jaw Worm","floor":3,"turns":4},{"damage":7,"enemies":"2 Fungi Beasts","floor":5,"turns":4},{"damage":12,"enemies":"Looter","floor":7,"turns":3},{"damage":15,"enemies":"Gremlin Nob","floor":10,"turns":4},{"damage":7,"enemies":"Exordium Wildlife","floor":11,"turns":4},{"damage":11,"enemies":"Blue Slaver","floor":12,"turns":4},{"damage":38,"enemies":"Lagavulin","floor":13,"turns":7},{"damage":41,"enemies":"Exordium Thugs","floor":14,"turns":5},{"damage":40,"enemies":"Fading Forest","floor":16,"turns":6}],"seed_played":"2309184728153984789","potions_obtained":[{"floor":1,"key":"LiquidMemories"},{"floor":11,"key":"DistilledChaos"},{"floor":12,"key":"Block Potion"}],"is_trial":false,"path_per_floor":["M","M","M","$","M","R","M","R","T","E","M","M","E","M","R","B"],"character_chosen":"IRONCLAD","items_purchased":["Reaper"],"campfire_rested":0,"item_purchase_floors":[4],"current_hp_per_floor":[66,72,74,74,77,77,71,71,71,62,69,64,32,9,9,0,0],"gold":150,"neow_bonus":"TEN_PERCENT_HP_BONUS","is_daily":false,"chose_seed":false,"campfire_upgraded":3,"win_rate":0.0,"timestamp":1614267188,"path_taken":["M","M","M","?","M","R","M","R","T","E","M","M","E","M","R","BOSS"],"items_purchased_type":["Card"],"build_version":"2020-12-22","purchased_purges":0,"victory":false,"max_hp_per_floor":[88,88,88,88,88,88,88,88,88,88,88,88,88,88,88,88,88],"card_choices":[{"not_picked":["Defy Death","Dark Embrace"],"picked":"Rampage","floor":1},{"not_picked":["Warcry","Cleave"],"picked":"Pommel Strike","floor":2},{"not_picked":["Pommel Strike","Clothesline"],"picked":"Iron Wave","floor":3},{"not_picked":["Intimidate","Hemokinesis"],"picked":"Pommel Strike","floor":5},{"not_picked":["ReplayTheSpireMod:Strike From Hell","True Grit"],"picked":"Rage","floor":7},{"not_picked":["Fire Breathing","Headbutt"],"picked":"Demonic Infusion","floor":10},{"not_picked":["Burning Pact","Headbutt"],"picked":"Flex","floor":11},{"not_picked":["Body Slam","Run Through"],"picked":"Inflame","floor":12},{"not_picked":["Entrench","Iron Wave"],"picked":"Juggernaut","floor":13},{"not_picked":["True Grit","Thunderclap"],"picked":"Anger","floor":14}],"player_experience":830698,"relics_obtained":[{"floor":9,"key":"InkBottle"},{"floor":10,"key":"Replay:Bottled Steam"},{"floor":13,"key":"Replay:Bandana"}],"event_choices":[],"is_beta":false,"boss_relics":[],"items_purged_floors":[],"is_endless":false,"potions_floor_spawned":[1,11,12],"killed_by":"Fading Forest","ascension_level":10}}