{"host":"ymmeoa1x24ihslbm","time":1614220738,"event":{"mods":["AchievementEnabler","Bartender","BaseMod","CatGirl Mod","Colored Map","Colored Powertips","Defuse TimeMaze Blight","Hermit","Highlight Path","HornydragonMod","Hyrulean Relics","Infinite Spire","Minty Spire (QoL Compilation)","Permanent Neow","Quick Restart","Rare Cards Sparkle","Relic Sorter","Robot Space Explorer","Shapeshifter Mod","Shop Mod","StSLib","The Gatherer","The Marked","TheFirefly","TheSurvivalist","Transform Curses"],"gold_per_floor":[83,83,97,111,18,18,18,46,46,46,124,137,137,154,154,252,252,267,267,279,295,295,220,220,246,246,246,276,283,283,316,316,405,405,420,470,482,482,487,487,512,512,537,537,537],"floor_reached":44,"language":"ENG","playtime":2834,"items_purged":[],"score":569,"play_id":"42d8088e-1e44-46fc-975c-cc90dbb424e9","local_time":"20210225033858","is_ascension_mode":false,"campfire_choices":[{"data":"Swift Strike","floor":6.0,"key":"SMITH"},{"data":"AlcoholGun","floor":10.0,"key":"SMITH"},{"data":"Metabolism","floor":13.0,"key":"SMITH"},{"data":"CardReborn","floor":15.0,"key":"SMITH"},{"data":"Refill","floor":24.0,"key":"SMITH"},{"data":"GetAll","floor":27.0,"key":"SMITH"},{"data":"BreakDrink","floor":30.0,"key":"SMITH"},{"data":"AlcoholBarrier","floor":32.0,"key":"SMITH"},{"data":"Master of Strategy","floor":40,"key":"SMITH"},{"data":"Scp500","floor":42,"key":"SMITH"}],"circlet_count":0,"master_deck":["Strike_HD","Strike_HD","Strike_HD+1","Strike_HD","Defend_HD","Defend_HD","Defend_HD","Defend_HD","AlcoholBarrier+1","BreakDrink+1","Master of Strategy+1","Margarita","CardReborn+1","GetAll+1","Swift Strike+1","AlcoholGun+1","Metabolism+1","Ahahah","Refill+1","Conch+1","Writhe","infinitespire:FinalStrike+1","Scp261","Yeast+1","Fly+1","StrangeSheild","GasterBlaster","Hammer","Pigeon+1","Fly+1","SexyLeg+1","AlcoholFlame+1","Pain","Metabolism+1","ChickenAttack","Scp500+1"],"relics":["WineBottle","infinitespire:WardingShard","Mercury Hourglass","Darkstone Periapt","SlaversCollar","Cleaning_Rag","Whetstone","Vajra","Pen Nib","Coffee Dripper","Prayer Wheel","WarpedTongs","Smiling Mask","Boot"],"acts_visited":["Exordium","TheCity","TheBeyond"],"potions_floor_usage":[36,41],"damage_taken":[{"damage":0.0,"enemies":"Small Slimes","floor":1.0,"turns":4.0},{"damage":16.0,"enemies":"Cultist","floor":3.0,"turns":8.0},{"damage":3.0,"enemies":"Jaw Worm","floor":4.0,"turns":6.0},{"damage":6.0,"enemies":"Lagavulin","floor":8.0,"turns":8.0},{"damage":0.0,"enemies":"2 Fungi Beasts","floor":12.0,"turns":2.0},{"damage":0.0,"enemies":"Exordium Wildlife","floor":14.0,"turns":2.0},{"damage":22.0,"enemies":"Hexaghost","floor":16.0,"turns":10.0},{"damage":5.0,"enemies":"3 Byrds","floor":18.0,"turns":3.0},{"damage":0.0,"enemies":"Spheric Guardian","floor":20.0,"turns":1.0},{"damage":12.0,"enemies":"Centurion and Healer","floor":21.0,"turns":4.0},{"damage":21.0,"enemies":"Book of Stabbing","floor":25.0,"turns":5.0},{"damage":0.0,"enemies":"Gremlin Leader","floor":28.0,"turns":5.0},{"damage":0.0,"enemies":"3 Cultists","floor":29.0,"turns":3.0},{"damage":9.0,"enemies":"Nightmare","floor":31.0,"turns":3.0},{"damage":1.0,"enemies":"Automaton","floor":33.0,"turns":7.0},{"damage":4.0,"enemies":"3 Shapes","floor":35.0,"turns":4.0},{"damage":36,"enemies":"Mind Bloom Boss Battle","floor":36,"turns":4},{"damage":0,"enemies":"Orb Walker","floor":37,"turns":1},{"damage":5,"enemies":"Maw","floor":39,"turns":6},{"damage":54,"enemies":"Nightmare","floor":41,"turns":7},{"damage":6,"enemies":"infinitespire:Three Voidlings","floor":44,"turns":2}],"seed_played":"-9105276920346410682","potions_obtained":[{"floor":1.0,"key":"CultistPotion"},{"floor":3.0,"key":"AlcoholPotion"},{"floor":14.0,"key":"AttackPotion"},{"floor":16.0,"key":"ColorlessPotion"},{"floor":25.0,"key":"Swift Potion"},{"floor":28.0,"key":"FearPotion"},{"floor":29.0,"key":"Ancient Potion"},{"floor":31.0,"key":"PowerPotion"},{"floor":37,"key":"Dexterity Potion"},{"floor":39,"key":"Block Potion"},{"floor":41,"key":"LiquidBronze"}],"is_trial":false,"path_per_floor":["M","?","M","M","$","R","?","E","T","R","?","M","R","M","R","B",null,"M","?","M","M","?","?","R","E","T","R","E","M","R","NM","R","B",null,"M","?","M","?","M","R","NM","R","T","?"],"character_chosen":"HORNYDRAGON","items_purchased":["Swift Strike"],"campfire_rested":0,"item_purchase_floors":[5],"current_hp_per_floor":[63,63,47,44,44,44,44,38,38,38,38,38,38,38,38,16,87,82,94,94,82,82,82,82,67,67,67,67,67,67,58,58,58,99,95,59,59,65,60,60,6,6,6,0,0],"gold":537,"neow_bonus":"RANDOM_COLORLESS_2","is_daily":false,"chose_seed":false,"campfire_upgraded":10,"win_rate":0.0,"timestamp":1614220738,"path_taken":["M","?","M","M","?","R","?","E","T","R","?","?","R","M","R","BOSS","M","?","M","M","?","?","R","E","T","R","E","?","R","NM","R","BOSS","M","?","M","?","?","R","NM","R","T","?"],"items_purchased_type":["Card"],"build_version":"2020-12-22","purchased_purges":0,"victory":false,"max_hp_per_floor":[87,87,87,87,87,87,87,87,87,87,87,87,87,87,87,87,87,87,99,99,99,99,99,99,99,99,99,99,99,99,99,99,99,99,99,99,99,105,105,105,105,105,105,105,105],"card_choices":[{"not_picked":["Sadistic Nature","Panache"],"picked":"Master of Strategy","floor":0.0},{"not_picked":["BirdAttack","DrumStick"],"picked":"Margarita","floor":1.0},{"not_picked":["Margarita","Ahahah"],"picked":"CardReborn","floor":3.0},{"not_picked":["PowerGlove","MemeAttack"],"picked":"GetAll","floor":4.0},{"not_picked":["Fury","GetWldd"],"picked":"AlcoholGun","floor":8.0},{"not_picked":["ShrimpCocktail","Beer"],"picked":"Metabolism","floor":12.0},{"not_picked":["AlcoholAttack","HeadDefend"],"picked":"Ahahah","floor":14.0},{"not_picked":["GetWldd","Linda"],"picked":"Refill","floor":16.0},{"not_picked":["PayToPlay","RainbowAttack+1"],"picked":"Conch+1","floor":18.0},{"not_picked":["infinitespire:Oblivion","infinitespire:Fortify"],"picked":"infinitespire:FinalStrike","floor":19.0},{"not_picked":["BreakDrink","Ahahah+1"],"picked":"Scp261","floor":20.0},{"not_picked":["Conch","BirdAttack+1"],"picked":"Yeast+1","floor":21.0},{"not_picked":["RainbowAttack","CardDestruct"],"picked":"Fly+1","floor":25.0},{"not_picked":["Trumpet","Guppy"],"picked":"StrangeSheild","floor":28.0},{"not_picked":["Nihilism+1","Bike","BottleAttack"],"picked":"SKIP","floor":29.0},{"not_picked":["DrunkardWalk","Trumpet+1"],"picked":"GasterBlaster","floor":31.0},{"not_picked":["Twin","Brimstone"],"picked":"Hammer","floor":33.0},{"not_picked":["AlcoholAttack+1","HeadDefend"],"picked":"Pigeon+1","floor":35.0},{"not_picked":["RainbowAttack+1","Alcoholic"],"picked":"Fly+1","floor":36},{"not_picked":["Yeast","BlackJackAttack+1"],"picked":"SexyLeg+1","floor":37},{"not_picked":["CardReborn+1","Nihilism"],"picked":"AlcoholFlame+1","floor":37},{"not_picked":["Blue","DrumStick+1"],"picked":"Metabolism+1","floor":39},{"not_picked":["PowerGlove+1","Circle"],"picked":"ChickenAttack","floor":39},{"not_picked":["GetToilet","Brimstone"],"picked":"Scp500","floor":41}],"player_experience":821593,"relics_obtained":[{"floor":7.0,"key":"infinitespire:WardingShard"},{"floor":8.0,"key":"Mercury Hourglass"},{"floor":9.0,"key":"Darkstone Periapt"},{"floor":25.0,"key":"Cleaning_Rag"},{"floor":26.0,"key":"Whetstone"},{"floor":28.0,"key":"Vajra"},{"floor":31.0,"key":"Pen Nib"},{"floor":36,"key":"Prayer Wheel"},{"floor":41,"key":"Smiling Mask"},{"floor":43,"key":"Boot"}],"event_choices":[{"cards_removed":["DrunkenFist"],"damage_healed":0.0,"max_hp_gain":0.0,"max_hp_loss":0.0,"gold_gain":0.0,"event_name":"Wheel of Change","player_choice":"Card Removal","floor":2.0,"gold_loss":0.0,"damage_taken":0.0},{"damage_healed":0.0,"max_hp_gain":0.0,"max_hp_loss":0.0,"gold_gain":78.0,"event_name":"Golden Wing","player_choice":"Gained Gold","floor":11.0,"gold_loss":0.0,"damage_taken":0.0},{"damage_healed":0.0,"max_hp_gain":0.0,"max_hp_loss":0.0,"gold_gain":0.0,"event_name":"Cursed Tome","player_choice":"Ignored","floor":22.0,"gold_loss":0.0,"damage_taken":0.0},{"cards_removed":["Amnesia"],"damage_healed":0.0,"max_hp_gain":0.0,"max_hp_loss":0.0,"gold_gain":0.0,"event_name":"Beggar","player_choice":"Gave Gold","floor":23.0,"gold_loss":75.0,"damage_taken":0.0},{"damage_healed":0,"gold_gain":0,"player_choice":"Fight","damage_taken":0,"max_hp_gain":0,"max_hp_loss":0,"event_name":"MindBloom","floor":36,"gold_loss":0},{"damage_healed":0,"gold_gain":0,"player_choice":"Rummage","damage_taken":0,"relics_obtained":["WarpedTongs"],"max_hp_gain":0,"max_hp_loss":0,"event_name":"Accursed Blacksmith","floor":38,"gold_loss":0,"cards_obtained":["Pain"]}],"is_beta":false,"boss_relics":[{"not_picked":["Astrolabe","Philosopher\u0027s Stone"],"picked":"SlaversCollar"},{"not_picked":["Velvet Choker","Pandora\u0027s Box"],"picked":"Coffee Dripper"}],"items_purged_floors":[],"is_endless":true,"potions_floor_spawned":[1,3,14,16,25,28,29,31,37,39,41],"killed_by":"infinitespire:Three Voidlings","ascension_level":0}}