{"host":"70zhvo5nwrhp1mbg","time":1614279186,"event":{"mods":["AchievementEnabler","BaseMod","Bestiary","Colored Map","Colored Powertips","Minty Spire (QoL Compilation)","Rare Cards Sparkle","Relic Stats","StSLib","ojb\u0027s Better Paths Mod","ojb\u0027s Info Mod: The sequel"],"gold_per_floor":[115,190,170,30,44,44,56,71,71,84,84,111,58,90,90,169,169,179,179,179,192,209,209,253,253,253,253,253],"floor_reached":27,"language":"ENG","playtime":1772,"items_purged":[],"score":470,"play_id":"33c69e8d-4b13-4d1a-b555-de96196c9a0c","local_time":"20210225135306","is_ascension_mode":true,"campfire_choices":[{"data":"Whirlwind","floor":6,"key":"SMITH"},{"data":"Iron Wave","floor":11,"key":"SMITH"},{"data":"Fire Breathing","floor":15,"key":"SMITH"},{"data":"Barricade","floor":23,"key":"SMITH"},{"floor":25,"key":"REST"}],"circlet_count":0,"master_deck":["AscendersBane","Strike_R","Strike_R","Strike_R","Strike_R","Defend_R","Defend_R","Defend_R","Defend_R","Bash","Whirlwind+1","Spot Weakness","Inflame","Shrug It Off","Battle Trance","Spot Weakness","Armaments","Iron Wave+1","Juggernaut","Fire Breathing+1","Barricade+1","True Grit","Carnage","Exhume","Shockwave","Dark Embrace"],"relics":["Burning Blood","Happy Flower","Shuriken","MealTicket","Black Star","CeramicFish","The Courier","Toxic Egg 2"],"acts_visited":["Exordium","TheCity"],"potions_floor_usage":[8,12,14,21,21,22,22],"damage_taken":[{"damage":2,"enemies":"2 Louse","floor":1,"turns":2},{"damage":1,"enemies":"Cultist","floor":5,"turns":4},{"damage":4,"enemies":"Jaw Worm","floor":7,"turns":4},{"damage":0,"enemies":"Large Slime","floor":8,"turns":3},{"damage":21,"enemies":"Red Slaver","floor":10,"turns":5},{"damage":29,"enemies":"Gremlin Nob","floor":12,"turns":4},{"damage":37,"enemies":"Lagavulin","floor":14,"turns":6},{"damage":30,"enemies":"Slime Boss","floor":16,"turns":7},{"damage":1,"enemies":"3 Byrds","floor":18,"turns":5},{"damage":13,"enemies":"Chosen","floor":21,"turns":5},{"damage":77,"enemies":"Sentry and Sphere","floor":22,"turns":8},{"damage":62,"enemies":"Book of Stabbing","floor":24,"turns":6},{"damage":27,"enemies":"Centurion and Healer","floor":27,"turns":4}],"seed_played":"7210752504311091756","potions_obtained":[{"floor":1,"key":"SkillPotion"},{"floor":3,"key":"Energy Potion"},{"floor":14,"key":"GamblersBrew"},{"floor":16,"key":"EntropicBrew"},{"floor":24,"key":"Dexterity Potion"}],"is_trial":false,"path_per_floor":["M","?","?","$","M","R","M","M","T","M","R","E","$","E","R","B",null,"M","?","?","M","M","R","E","R","T","M"],"character_chosen":"IRONCLAD","items_purchased":["Inflame","Shrug It Off","Fire Potion"],"campfire_rested":1,"item_purchase_floors":[4,4,13],"current_hp_per_floor":[72,61,61,61,66,66,68,74,74,59,59,36,36,45,45,21,62,67,67,67,60,19,19,13,35,35,8,8],"gold":253,"neow_bonus":"THREE_CARDS","is_daily":false,"chose_seed":false,"campfire_upgraded":4,"win_rate":0.0,"timestamp":1614279186,"path_taken":["M","?","?","$","M","R","?","M","T","M","R","E","$","E","R","BOSS","M","?","?","M","M","R","E","R","T","M"],"items_purchased_type":["Card","Card","Potion"],"build_version":"2020-12-22","purchased_purges":0,"victory":false,"max_hp_per_floor":[75,75,75,75,75,75,75,75,75,75,75,75,75,75,75,75,75,75,75,75,75,75,75,75,75,75,75,75],"relic_stats":{"Happy Flower":[16],"counters":[13,63],"Shuriken":[3],"CeramicFish":9,"MealTicket":0,"Black Star":1,"obtain_stats":[{"Happy Flower":9,"Shuriken":12,"CeramicFish":24,"MealTicket":14,"The Courier":24,"Black Star":17,"Toxic Egg 2":26,"Burning Blood":0},{"Happy Flower":4,"Shuriken":6,"CeramicFish":12,"MealTicket":7,"The Courier":12,"Black Star":8,"Toxic Egg 2":12,"Burning Blood":0},{"Happy Flower":13,"Shuriken":22,"CeramicFish":59,"MealTicket":28,"The Courier":59,"Black Star":35,"Toxic Egg 2":59,"Burning Blood":0}],"Burning Blood":72},"card_choices":[{"not_picked":["Intimidate","Bloodletting"],"picked":"Whirlwind","floor":0},{"not_picked":["Sword Boomerang","Hemokinesis"],"picked":"Spot Weakness","floor":1},{"not_picked":["Body Slam","Wild Strike"],"picked":"Battle Trance","floor":5},{"not_picked":["Twin Strike","Whirlwind"],"picked":"Spot Weakness","floor":7},{"not_picked":["Anger","Warcry"],"picked":"Armaments","floor":8},{"not_picked":["True Grit","Burning Pact"],"picked":"Iron Wave","floor":10},{"not_picked":["Flame Barrier","Feel No Pain"],"picked":"Juggernaut","floor":12},{"not_picked":["Headbutt","Body Slam"],"picked":"Fire Breathing","floor":14},{"not_picked":["Impervious","Fiend Fire"],"picked":"Barricade","floor":16},{"not_picked":["Wild Strike","Flex"],"picked":"True Grit","floor":18},{"not_picked":["Sword Boomerang","Thunderclap"],"picked":"Exhume","floor":21},{"not_picked":["Havoc","Flex"],"picked":"Shockwave","floor":22},{"not_picked":["Cleave","Juggernaut"],"picked":"Dark Embrace","floor":24}],"player_experience":727397,"relics_obtained":[{"floor":9,"key":"Happy Flower"},{"floor":12,"key":"Shuriken"},{"floor":14,"key":"MealTicket"},{"floor":24,"key":"CeramicFish"},{"floor":24,"key":"The Courier"},{"floor":26,"key":"Toxic Egg 2"}],"event_choices":[{"damage_healed":0,"gold_gain":75,"player_choice":"Gather Gold","damage_taken":11,"max_hp_gain":0,"max_hp_loss":0,"event_name":"World of Goop","floor":2,"gold_loss":0},{"damage_healed":0,"gold_gain":0,"player_choice":"Bought 1 Potion","damage_taken":0,"max_hp_gain":0,"max_hp_loss":0,"event_name":"The Woman in Blue","floor":3,"gold_loss":0},{"damage_healed":0,"gold_gain":0,"player_choice":"Ignored","damage_taken":0,"max_hp_gain":0,"max_hp_loss":0,"event_name":"Ghosts","floor":19,"gold_loss":0},{"damage_healed":0,"gold_gain":0,"cards_transformed":["Strike_R"],"player_choice":"Transformed","damage_taken":0,"max_hp_gain":0,"max_hp_loss":0,"event_name":"Transmorgrifier","floor":20,"gold_loss":0,"cards_obtained":["Carnage"]}],"is_beta":false,"boss_relics":[{"not_picked":["SacredBark","Runic Cube"],"picked":"Black Star"}],"items_purged_floors":[],"is_endless":false,"potions_floor_spawned":[1,14,16,21,24],"killed_by":"Centurion and Healer","ascension_level":19}}