{"host":"Ovy","time":1614232517,"event":{"mods":["AchievementEnabler","BaseMod","Minty Spire (QoL Compilation)","Relic Stats"],"gold_per_floor":[119,138,21,39,39,39,69,69,92,108,139,192,212,243,243,315,315,330,58,58,58,74,74,103,103,127,127,127,2,33,60,60,138,138,158,171,171,188,203,231,231,258,281,306,58,58,58,88,88,88,88,88,88,7,33,33,33],"floor_reached":56,"language":"ENG","playtime":4016,"items_purged":["Strike_R","Defend_R","Strike_R"],"score":2184,"play_id":"eaf0d526-7f4e-4487-9913-4af29c4f58d9","local_time":"20210225005517","is_ascension_mode":true,"campfire_choices":[{"data":"Bash","floor":6,"key":"SMITH"},{"data":"Immolate","floor":8,"key":"SMITH"},{"data":"Armaments","floor":15,"key":"SMITH"},{"data":"Flame Barrier","floor":23,"key":"SMITH"},{"data":"Inflame","floor":25,"key":"SMITH"},{"data":"Clothesline","floor":28,"key":"SMITH"},{"data":"Impervious","floor":32,"key":"SMITH"},{"floor":47,"key":"RECALL"},{"floor":49,"key":"DIG"},{"floor":53,"key":"DIG"}],"circlet_count":0,"master_deck":["AscendersBane","Strike_R","Strike_R","Strike_R","Defend_R","Defend_R","Bash+1","Fire Breathing","Clothesline+1","Flame Barrier+1","Headbutt","Immolate+1","Armaments+1","Inflame+1","Pummel","Rage","Impervious+1","Anger+1","Feel No Pain","Impervious","Reaper","Burning Pact","Dark Embrace","Dual Wield+1","Disarm+1","Juggernaut","Shrug It Off+1","Metallicize+1","Dual Wield","Double Tap","Apotheosis","Evolve","Power Through"],"relics":["Burning Blood","Blood Vial","Oddly Smooth Stone","Nunchaku","Shuriken","Bag of Preparation","PreservedInsect","Snecko Eye","Sling","Juzu Bracelet","Happy Flower","Singing Bowl","Red Mask","Philosopher\u0027s Stone","Bag of Marbles","Prayer Wheel","Shovel","StoneCalendar","Self Forming Clay","HornCleat","InkBottle"],"acts_visited":["Exordium","TheCity","TheBeyond","TheEnding"],"potions_floor_usage":[11,16,27,33,42,42,42,50,56,56],"damage_taken":[{"damage":13,"enemies":"2 Louse","floor":1,"turns":3},{"damage":14,"enemies":"Jaw Worm","floor":2,"turns":4},{"damage":0,"enemies":"Small Slimes","floor":4,"turns":4},{"damage":13,"enemies":"3 Sentries","floor":7,"turns":6},{"damage":0,"enemies":"2 Fungi Beasts","floor":10,"turns":2},{"damage":41,"enemies":"Gremlin Nob","floor":11,"turns":5},{"damage":0,"enemies":"Gremlin Gang","floor":13,"turns":1},{"damage":8,"enemies":"3 Sentries","floor":14,"turns":4},{"damage":32,"enemies":"Hexaghost","floor":16,"turns":9},{"damage":5,"enemies":"Spheric Guardian","floor":18,"turns":3},{"damage":0,"enemies":"Chosen","floor":22,"turns":2},{"damage":0,"enemies":"Slavers","floor":24,"turns":3},{"damage":0,"enemies":"Gremlin Leader","floor":30,"turns":4},{"damage":6,"enemies":"Masked Bandits","floor":31,"turns":3},{"damage":55,"enemies":"Automaton","floor":33,"turns":8},{"damage":7,"enemies":"3 Darklings","floor":35,"turns":4},{"damage":0,"enemies":"3 Shapes","floor":36,"turns":4},{"damage":23,"enemies":"Writhing Mass","floor":38,"turns":5},{"damage":22,"enemies":"Maw","floor":39,"turns":8},{"damage":57,"enemies":"Giant Head","floor":40,"turns":7},{"damage":27,"enemies":"Nemesis","floor":42,"turns":7},{"damage":0,"enemies":"Giant Head","floor":44,"turns":4},{"damage":0,"enemies":"Reptomancer","floor":48,"turns":3},{"damage":37,"enemies":"Donu and Deca","floor":50,"turns":7},{"damage":79,"enemies":"Awakened One","floor":51,"turns":16},{"damage":5,"enemies":"Shield and Spear","floor":55,"turns":3},{"damage":89,"enemies":"The Heart","floor":56,"turns":9}],"seed_played":"-6383667469108421427","potions_obtained":[{"floor":1,"key":"Strength Potion"},{"floor":11,"key":"PowerPotion"},{"floor":13,"key":"LiquidBronze"},{"floor":16,"key":"SteroidPotion"},{"floor":22,"key":"BloodPotion"},{"floor":27,"key":"EntropicBrew"},{"floor":36,"key":"SpeedPotion"},{"floor":40,"key":"SteroidPotion"},{"floor":44,"key":"ColorlessPotion"},{"floor":55,"key":"SpeedPotion"}],"is_trial":false,"path_per_floor":["M","M","$","M","?","R","E","R","T","M","E","T","M","E","R","B",null,"M","$","?","?","M","R","E","R","T","?","R","$","E","?","R","B",null,"M","M","?","M","M","E","?","E","T","E","$","?","R","E","R","B","B",null,"R","$","E","B"],"character_chosen":"IRONCLAD","items_purchased":["Flame Barrier","Sling","Dual Wield","Double Tap","Evolve"],"campfire_rested":0,"item_purchase_floors":[3,19,45,45,54],"current_hp_per_floor":[63,57,57,65,65,65,60,60,60,68,35,35,43,43,43,19,61,64,64,43,43,51,51,59,59,59,75,75,75,82,82,82,33,70,81,82,82,65,67,27,27,8,8,41,41,41,41,84,84,69,84,84,84,84,84,0,0],"gold":33,"neow_bonus":"RANDOM_COMMON_RELIC","is_daily":false,"chose_seed":false,"campfire_upgraded":7,"win_rate":0.0,"timestamp":1614232517,"path_taken":["M","M","$","M","?","R","E","R","T","M","E","?","M","E","R","BOSS","M","$","?","?","?","R","E","R","T","?","R","$","E","?","R","BOSS","M","M","?","M","M","E","?","E","T","E","?","?","R","E","R","BOSS","BOSS","R","$","E","BOSS"],"items_purchased_type":["Card","Relic","Card","Card","Card"],"build_version":"2020-12-18","purchased_purges":3,"victory":false,"max_hp_per_floor":[75,75,75,75,75,75,75,75,75,75,75,75,75,75,75,75,75,75,75,80,80,80,80,80,80,80,80,80,80,82,82,82,82,82,82,82,82,82,82,82,82,82,82,82,82,82,82,84,84,84,84,84,84,84,84,84,84],"relic_stats":{"Happy Flower":[30],"Singing Bowl":4,"counters":[27,138],"Self Forming Clay":[84],"StoneCalendar":[155],"PreservedInsect":535,"Bag of Preparation":[42],"Juzu Bracelet":2,"Burning Blood":134,"Blood Vial":41,"Nunchaku":[22],"Shovel":2,"Shuriken":[40],"Snecko Eye":[187,191,208,166],"Prayer Wheel":0,"obtain_stats":[{"Happy Flower":26,"Singing Bowl":30,"Self Forming Clay":49,"Oddly Smooth Stone":7,"StoneCalendar":48,"PreservedInsect":14,"Bag of Preparation":12,"Juzu Bracelet":24,"Sling":19,"Burning Blood":0,"Blood Vial":0,"Nunchaku":9,"Shovel":44,"HornCleat":53,"Shuriken":11,"Snecko Eye":17,"Philosopher\u0027s Stone":34,"Prayer Wheel":42,"Red Mask":31,"Bag of Marbles":40,"InkBottle":55},{"Happy Flower":12,"Singing Bowl":13,"Self Forming Clay":23,"Oddly Smooth Stone":4,"StoneCalendar":23,"PreservedInsect":8,"Bag of Preparation":6,"Juzu Bracelet":12,"Sling":10,"Burning Blood":0,"Blood Vial":0,"Nunchaku":4,"Shovel":22,"HornCleat":25,"Shuriken":6,"Snecko Eye":9,"Philosopher\u0027s Stone":15,"Prayer Wheel":21,"Red Mask":14,"Bag of Marbles":20,"InkBottle":26},{"Happy Flower":46,"Singing Bowl":50,"Self Forming Clay":103,"Oddly Smooth Stone":17,"StoneCalendar":103,"PreservedInsect":29,"Bag of Preparation":24,"Juzu Bracelet":46,"Sling":41,"Burning Blood":0,"Blood Vial":0,"Nunchaku":17,"Shovel":100,"HornCleat":126,"Shuriken":24,"Snecko Eye":38,"Philosopher\u0027s Stone":61,"Prayer Wheel":96,"Red Mask":53,"Bag of Marbles":89,"InkBottle":129}],"InkBottle":[4]},"card_choices":[{"not_picked":["Heavy Blade","Wild Strike"],"picked":"Fire Breathing","floor":1},{"not_picked":["Heavy Blade","Pommel Strike"],"picked":"Clothesline","floor":2},{"not_picked":["Infernal Blade","Flex"],"picked":"Headbutt","floor":4},{"not_picked":["Uppercut","Wild Strike"],"picked":"Immolate","floor":7},{"not_picked":["Clothesline","Thunderclap"],"picked":"Armaments","floor":10},{"not_picked":["Iron Wave","Combust"],"picked":"Inflame","floor":11},{"not_picked":["Intimidate","Havoc"],"picked":"Pummel","floor":13},{"not_picked":["Metallicize","Burning Pact"],"picked":"Rage","floor":14},{"not_picked":["Exhume","Barricade"],"picked":"Impervious","floor":16},{"not_picked":["Wild Strike+1","Infernal Blade"],"picked":"Anger+1","floor":18},{"not_picked":["Flex","Armaments","Heavy Blade+1"],"picked":"SKIP","floor":22},{"not_picked":["Sever Soul","Anger+1"],"picked":"Feel No Pain","floor":24},{"not_picked":["Anger","Sword Boomerang","Iron Wave"],"picked":"Singing Bowl","floor":30},{"not_picked":["Feel No Pain+1","Battle Trance"],"picked":"Impervious","floor":31},{"not_picked":["Impervious","Exhume"],"picked":"Reaper","floor":33},{"not_picked":["Clash","Havoc"],"picked":"Burning Pact","floor":35},{"not_picked":["Warcry","Headbutt"],"picked":"Dark Embrace","floor":36},{"not_picked":["Shrug It Off+1","Flame Barrier"],"picked":"Dual Wield+1","floor":38},{"not_picked":["Evolve","Rage"],"picked":"Disarm","floor":39},{"not_picked":["Battle Trance","Havoc"],"picked":"Juggernaut","floor":40},{"not_picked":["Flex","Hemokinesis"],"picked":"Shrug It Off+1","floor":42},{"not_picked":["Whirlwind","Bloodletting"],"picked":"Metallicize+1","floor":44},{"not_picked":["Transmutation","Panacea"],"picked":"Apotheosis","floor":46},{"not_picked":["Clothesline","Heavy Blade","Sentinel"],"picked":"Singing Bowl","floor":48},{"not_picked":["Flex","Clothesline"],"picked":"Power Through","floor":55}],"player_experience":1358307,"relics_obtained":[{"floor":7,"key":"Oddly Smooth Stone"},{"floor":9,"key":"Nunchaku"},{"floor":11,"key":"Shuriken"},{"floor":12,"key":"Bag of Preparation"},{"floor":14,"key":"PreservedInsect"},{"floor":24,"key":"Juzu Bracelet"},{"floor":26,"key":"Happy Flower"},{"floor":30,"key":"Singing Bowl"},{"floor":31,"key":"Red Mask"},{"floor":40,"key":"Bag of Marbles"},{"floor":42,"key":"Prayer Wheel"},{"floor":44,"key":"Shovel"},{"floor":48,"key":"StoneCalendar"},{"floor":49,"key":"Self Forming Clay"},{"floor":53,"key":"HornCleat"},{"floor":55,"key":"InkBottle"}],"event_choices":[{"damage_healed":0,"gold_gain":0,"player_choice":"Ignored","damage_taken":0,"max_hp_gain":0,"max_hp_loss":0,"event_name":"Liars Game","floor":5,"gold_loss":0},{"damage_healed":0,"gold_gain":0,"player_choice":"Shed Blood","damage_taken":26,"max_hp_gain":5,"max_hp_loss":0,"event_name":"Forgotten Altar","floor":20,"gold_loss":0},{"cards_removed":["Defend_R"],"damage_healed":0,"gold_gain":0,"player_choice":"Purged","damage_taken":0,"max_hp_gain":0,"max_hp_loss":0,"event_name":"Purifier","floor":21,"gold_loss":0},{"damage_healed":0,"gold_gain":0,"player_choice":"Got Potions","damage_taken":0,"max_hp_gain":0,"max_hp_loss":0,"event_name":"Lab","floor":27,"gold_loss":0},{"damage_healed":0,"gold_gain":0,"player_choice":"Fought Bandits","damage_taken":0,"max_hp_gain":0,"max_hp_loss":0,"event_name":"Masked Bandits","floor":31,"gold_loss":0},{"damage_healed":0,"gold_gain":0,"player_choice":"0 cards matched","damage_taken":0,"max_hp_gain":0,"max_hp_loss":0,"event_name":"Match and Keep!","floor":37,"gold_loss":0,"cards_obtained":[]},{"damage_healed":0,"gold_gain":0,"player_choice":"Upgraded","damage_taken":0,"max_hp_gain":0,"max_hp_loss":0,"event_name":"Upgrade Shrine","floor":41,"gold_loss":0,"cards_upgraded":["Disarm"]},{"damage_healed":0,"gold_gain":0,"player_choice":"Memory 1","damage_taken":0,"max_hp_gain":0,"max_hp_loss":0,"event_name":"SensoryStone","floor":46,"gold_loss":0}],"is_beta":true,"boss_relics":[{"not_picked":["Astrolabe","Black Blood"],"picked":"Snecko Eye"},{"not_picked":["Runic Dome","Tiny House"],"picked":"Philosopher\u0027s Stone"}],"items_purged_floors":[3,19,29],"is_endless":false,"potions_floor_spawned":[1,11,13,14,16,22,24,30,36,40,44,55],"killed_by":"The Heart","ascension_level":20}}