{"host":"08xvxt5w1s7zc7e5","time":1614262115,"event":{"mods":["AchievementEnabler","BaseMod","DeckTracker","Minty Spire (QoL Compilation)","Quick Restart","StSLib","SuperFastMode"],"gold_per_floor":[115,134,146,156,156,156,170,189,189,202,232,232,232,257,257,257,257],"floor_reached":16,"language":"KOR","playtime":409,"items_purged":[],"score":228,"play_id":"380ee003-018a-4749-a22f-47dfd2afcfed","local_time":"20210225230835","is_ascension_mode":true,"campfire_choices":[{"data":"Eruption","floor":6.0,"key":"SMITH"},{"floor":12.0,"key":"REST"},{"data":"Adaptation","floor":15.0,"key":"SMITH"}],"circlet_count":0,"master_deck":["AscendersBane","Strike_P","Strike_P","Strike_P","Strike_P","Defend_P","Defend_P","Defend_P","Defend_P","Eruption+1","Vigilance","WheelKick","CrushJoints","TalkToTheHand","FollowUp","EmptyFist","Adaptation+1","Ragnarok","SandsOfTime"],"relics":["PureWater","Mummified Hand","Pen Nib","Dream Catcher","Yang"],"acts_visited":["Exordium"],"potions_floor_usage":[16],"damage_taken":[{"damage":0.0,"enemies":"Cultist","floor":1.0,"turns":3.0},{"damage":1.0,"enemies":"2 Louse","floor":2.0,"turns":3.0},{"damage":11.0,"enemies":"Jaw Worm","floor":3.0,"turns":4.0},{"damage":0.0,"enemies":"Exordium Thugs","floor":4.0,"turns":3.0},{"damage":7.0,"enemies":"Looter","floor":7.0,"turns":2.0},{"damage":0.0,"enemies":"Lots of Slimes","floor":8.0,"turns":4.0},{"damage":0.0,"enemies":"Exordium Thugs","floor":10.0,"turns":2.0},{"damage":30.0,"enemies":"3 Sentries","floor":11.0,"turns":9.0},{"damage":11.0,"enemies":"Lagavulin","floor":14.0,"turns":6.0},{"damage":37,"enemies":"Hexaghost","floor":16,"turns":4}],"seed_played":"5024852937428020072","potions_obtained":[{"floor":7.0,"key":"PowerPotion"},{"floor":8.0,"key":"SneckoOil"},{"floor":11.0,"key":"EssenceOfSteel"},{"floor":14.0,"key":"Strength Potion"}],"is_trial":false,"path_per_floor":["M","M","M","M","?","R","M","M","T","M","E","R","?","E","R","B"],"character_chosen":"WATCHER","items_purchased":[],"campfire_rested":1,"item_purchase_floors":[],"current_hp_per_floor":[61,60,49,49,54,54,47,47,47,47,17,38,38,27,27,0,0],"gold":257,"neow_bonus":"THREE_CARDS","is_daily":false,"chose_seed":false,"campfire_upgraded":2,"win_rate":0.0,"timestamp":1614262115,"path_taken":["M","M","M","?","?","R","M","M","T","M","E","R","?","E","R","BOSS"],"items_purchased_type":[],"build_version":"2020-12-22","purchased_purges":0,"victory":false,"max_hp_per_floor":[68,68,68,68,73,73,73,73,73,73,73,73,73,73,73,73,73],"card_choices":[{"not_picked":["BowlingBash","CutThroughFate"],"picked":"WheelKick","floor":0.0},{"not_picked":["Protect","BowlingBash"],"picked":"CrushJoints","floor":1.0},{"not_picked":["BowlingBash","EmptyBody"],"picked":"TalkToTheHand","floor":2.0},{"not_picked":["ClearTheMind","CrushJoints"],"picked":"FollowUp","floor":3.0},{"not_picked":["Wish","Evaluate"],"picked":"EmptyFist","floor":4.0},{"not_picked":["CrushJoints","Prostrate","EmptyMind"],"picked":"SKIP","floor":7.0},{"not_picked":["EmptyMind","WindmillStrike","SashWhip"],"picked":"SKIP","floor":8.0},{"not_picked":["Conclude","Crescendo"],"picked":"Adaptation","floor":10.0},{"not_picked":["Prostrate","InnerPeace"],"picked":"Ragnarok","floor":11.0},{"not_picked":["Consecrate","EmptyBody"],"picked":"SandsOfTime","floor":14.0}],"player_experience":430907,"relics_obtained":[{"floor":9.0,"key":"Mummified Hand"},{"floor":11.0,"key":"Pen Nib"},{"floor":14.0,"key":"Yang"}],"event_choices":[{"damage_healed":0.0,"max_hp_gain":5.0,"max_hp_loss":0.0,"gold_gain":0.0,"event_name":"Big Fish","player_choice":"Donut","floor":5.0,"gold_loss":0.0,"damage_taken":0.0},{"damage_healed":0.0,"max_hp_gain":0.0,"max_hp_loss":0.0,"gold_gain":0.0,"event_name":"Dead Adventurer","player_choice":"Searched \u00271\u0027 times","floor":13.0,"gold_loss":0.0,"damage_taken":0.0,"relics_obtained":["Dream Catcher"]}],"is_beta":false,"boss_relics":[],"items_purged_floors":[],"is_endless":false,"potions_floor_spawned":[7,8,11,14],"killed_by":"Hexaghost","ascension_level":20}}