{"host":"d8rriawq55pp7qsq","time":1614245533,"event":{"mods":["AchievementEnabler","BaseMod","Minty Spire (QoL Compilation)"],"gold_per_floor":[110,125,4,21,21,21,31,31,31,57,68,81,81,91,91,195,195,207,233,253,253,273,273,273,273],"floor_reached":24,"language":"ENG","playtime":778,"items_purged":["Strike_R"],"score":270,"play_id":"157e6557-821b-4ec9-abb6-4cfb91ba5b0b","local_time":"20210225043213","is_ascension_mode":true,"campfire_choices":[{"data":"Armaments","floor":6,"key":"SMITH"},{"data":"Inflame","floor":13,"key":"SMITH"},{"data":"Spot Weakness","floor":15,"key":"SMITH"},{"floor":23,"key":"REST"}],"circlet_count":0,"master_deck":["Strike_R","Strike_R","Strike_R","Defend_R","Defend_R","Defend_R","Defend_R","Bash","Anger","Wild Strike","Armaments+1","Pommel Strike","Decay","Impervious","Cleave","Inflame+1","Spot Weakness+1","Demon Form","Dropkick","Clothesline+1","Shrug It Off+1"],"relics":["Burning Blood","HornCleat","Matryoshka","Black Star","Art of War","Omamori"],"acts_visited":["Exordium","TheCity"],"potions_floor_usage":[16,20,22,22],"damage_taken":[{"damage":6,"enemies":"Cultist","floor":1,"turns":3},{"damage":12,"enemies":"Jaw Worm","floor":2,"turns":2},{"damage":1,"enemies":"Small Slimes","floor":4,"turns":3},{"damage":14,"enemies":"Red Slaver","floor":7,"turns":3},{"damage":20,"enemies":"3 Sentries","floor":10,"turns":8},{"damage":4,"enemies":"Lots of Slimes","floor":11,"turns":4},{"damage":0,"enemies":"Large Slime","floor":12,"turns":5},{"damage":11,"enemies":"Exordium Thugs","floor":14,"turns":5},{"damage":41,"enemies":"The Guardian","floor":16,"turns":14},{"damage":37,"enemies":"Shell Parasite","floor":18,"turns":7},{"damage":34,"enemies":"Chosen","floor":20,"turns":6},{"damage":9,"enemies":"Snake Plant","floor":22,"turns":3},{"damage":36,"enemies":"Shelled Parasite and Fungi","floor":24,"turns":3}],"seed_played":"-1123471108047187409","potions_obtained":[{"floor":4,"key":"LiquidBronze"},{"floor":7,"key":"PowerPotion"},{"floor":12,"key":"SmokeBomb"},{"floor":18,"key":"SteroidPotion"},{"floor":20,"key":"Fire Potion"}],"is_trial":false,"path_per_floor":["M","M","$","M","?","R","M","$","T","E","M","M","R","M","R","B",null,"M","T","M","?","M","R","M"],"character_chosen":"IRONCLAD","items_purchased":["Armaments"],"campfire_rested":1,"item_purchase_floors":[3],"current_hp_per_floor":[80,74,74,79,79,79,71,71,71,57,59,65,65,60,60,25,72,41,41,13,13,10,36,0,0],"gold":273,"neow_bonus":"TEN_PERCENT_HP_BONUS","is_daily":false,"chose_seed":false,"campfire_upgraded":3,"win_rate":0.0,"timestamp":1614245533,"path_taken":["M","M","$","?","?","R","M","$","T","E","M","M","R","M","R","BOSS","M","?","M","?","M","R","M"],"items_purchased_type":["Card"],"build_version":"2020-12-22","purchased_purges":1,"victory":false,"max_hp_per_floor":[88,88,88,88,88,88,88,88,88,88,88,88,88,88,88,88,88,88,88,88,88,88,88,88,88],"card_choices":[{"not_picked":["Warcry","Wild Strike"],"picked":"Anger","floor":1},{"not_picked":["Dropkick","Intimidate"],"picked":"Wild Strike","floor":2},{"not_picked":["Twin Strike","Perfected Strike"],"picked":"Pommel Strike","floor":4},{"not_picked":["Power Through","Clothesline"],"picked":"Cleave","floor":7},{"not_picked":["Cleave","Whirlwind","Warcry"],"picked":"SKIP","floor":10},{"not_picked":["Armaments","Combust","Corruption"],"picked":"SKIP","floor":11},{"not_picked":["Iron Wave","Intimidate"],"picked":"Inflame","floor":12},{"not_picked":["Inflame","Thunderclap"],"picked":"Spot Weakness","floor":14},{"not_picked":["Impervious","Fiend Fire"],"picked":"Demon Form","floor":16},{"not_picked":["Feel No Pain","Sever Soul+1"],"picked":"Dropkick","floor":18},{"not_picked":["Warcry","Cleave"],"picked":"Clothesline+1","floor":20},{"not_picked":["Clothesline","Cleave"],"picked":"Shrug It Off+1","floor":22}],"player_experience":202565,"relics_obtained":[{"floor":9,"key":"HornCleat"},{"floor":10,"key":"Matryoshka"},{"floor":19,"key":"Art of War"},{"floor":19,"key":"Omamori"}],"event_choices":[{"damage_healed":0,"gold_gain":0,"player_choice":"2 cards matched","damage_taken":0,"max_hp_gain":0,"max_hp_loss":0,"event_name":"Match and Keep!","floor":5,"gold_loss":0,"cards_obtained":["Decay","Impervious"]},{"cards_removed":["Strike_R"],"damage_healed":0,"gold_gain":0,"player_choice":"Purged","damage_taken":0,"max_hp_gain":0,"max_hp_loss":0,"event_name":"Purifier","floor":21,"gold_loss":0}],"is_beta":false,"boss_relics":[{"not_picked":["Busted Crown","Astrolabe"],"picked":"Black Star"}],"items_purged_floors":[3],"is_endless":false,"potions_floor_spawned":[4,7,12,18,20],"killed_by":"Shelled Parasite and Fungi","ascension_level":7}}