{"host":"n2sr453jcjz6vvl4","time":1614296395,"event":{"mods":["BaseMod","Colored Map","Minty Spire (QoL Compilation)","Permanent Neow","Relic Stats","StSLib"],"gold_per_floor":[112,37,37,51,66,66,92,111,111,124,124,158,170,185,185,287,287,299,299,319,331,331,331],"floor_reached":22,"language":"ENG","playtime":1163,"items_purged":["Normality"],"score":240,"play_id":"eb6fc201-3ff3-41d4-8b64-eee0a3309e69","local_time":"20210225193955","is_ascension_mode":true,"campfire_choices":[{"data":"Armaments","floor":6,"key":"SMITH"},{"data":"Bash","floor":11,"key":"SMITH"},{"floor":15,"key":"REST"}],"circlet_count":0,"master_deck":["Strike_R","Strike_R","Strike_R","Defend_R","Defend_R","Defend_R","Bash+1","Rage","Sword Boomerang","Twin Strike","Heavy Blade","Armaments+1","Evolve","Cleave","Disarm","Corruption","Wild Strike","Demon Form","Dark Embrace"],"relics":["Burning Blood","Calipers","Pear","Sundial","Cursed Key"],"acts_visited":["Exordium","TheCity"],"potions_floor_usage":[10,16],"damage_taken":[{"damage":3,"enemies":"2 Louse","floor":1,"turns":2},{"damage":1,"enemies":"Small Slimes","floor":4,"turns":3},{"damage":1,"enemies":"Cultist","floor":5,"turns":3},{"damage":32,"enemies":"Gremlin Nob","floor":7,"turns":4},{"damage":12,"enemies":"Large Slime","floor":8,"turns":5},{"damage":15,"enemies":"3 Louse","floor":10,"turns":2},{"damage":24,"enemies":"3 Sentries","floor":12,"turns":6},{"damage":7,"enemies":"Exordium Wildlife","floor":13,"turns":3},{"damage":5,"enemies":"Lots of Slimes","floor":14,"turns":3},{"damage":41,"enemies":"Hexaghost","floor":16,"turns":9},{"damage":35,"enemies":"Spheric Guardian","floor":18,"turns":5},{"damage":11,"enemies":"Chosen","floor":20,"turns":6},{"damage":55,"enemies":"Snake Plant","floor":21,"turns":5},{"damage":15,"enemies":"Shelled Parasite and Fungi","floor":22,"turns":2}],"seed_played":"3703880408063361823","potions_obtained":[{"floor":1,"key":"ElixirPotion"},{"floor":5,"key":"LiquidBronze"},{"floor":7,"key":"Dexterity Potion"},{"floor":13,"key":"DuplicationPotion"},{"floor":16,"key":"Explosive Potion"}],"is_trial":false,"path_per_floor":["M","$","?","M","M","R","E","M","T","M","R","E","M","M","R","B",null,"M","?","M","M","M"],"character_chosen":"IRONCLAD","items_purchased":[],"campfire_rested":1,"item_purchase_floors":[],"current_hp_per_floor":[80,80,80,80,80,80,54,48,58,49,49,31,30,31,58,23,90,61,61,56,7,0,0],"gold":331,"neow_bonus":"TRANSFORM_TWO_CARDS","is_daily":false,"chose_seed":false,"campfire_upgraded":2,"win_rate":0.0,"timestamp":1614296395,"path_taken":["M","$","?","M","M","R","E","M","T","M","R","E","M","M","R","BOSS","M","?","?","M","M"],"items_purchased_type":[],"build_version":"2020-12-22","purchased_purges":1,"victory":false,"max_hp_per_floor":[80,80,80,80,80,80,80,80,90,90,90,90,90,90,90,90,90,90,90,90,90,90,90],"relic_stats":{"counters":[14,58],"Sundial":[4],"Cursed Key":0,"obtain_stats":[{"Calipers":7,"Pear":9,"Sundial":12,"Cursed Key":17,"Burning Blood":0},{"Calipers":4,"Pear":5,"Sundial":7,"Cursed Key":10,"Burning Blood":0},{"Calipers":12,"Pear":17,"Sundial":25,"Cursed Key":40,"Burning Blood":0}],"Burning Blood":65},"card_choices":[{"not_picked":["Havoc","Blood for Blood"],"picked":"Twin Strike","floor":1},{"not_picked":["Perfected Strike","Twin Strike"],"picked":"Heavy Blade","floor":4},{"not_picked":["Flex","Sword Boomerang"],"picked":"Armaments","floor":5},{"not_picked":["Anger","Intimidate"],"picked":"Evolve","floor":7},{"not_picked":["Brutality","Iron Wave"],"picked":"Cleave","floor":8},{"not_picked":["Twin Strike","Clash"],"picked":"Disarm","floor":10},{"not_picked":["Body Slam","Armaments"],"picked":"Corruption","floor":12},{"not_picked":["Headbutt","Sword Boomerang","Dropkick"],"picked":"SKIP","floor":13},{"not_picked":["Armaments","Blood for Blood"],"picked":"Wild Strike","floor":14},{"not_picked":["Offering","Corruption"],"picked":"Demon Form","floor":16},{"not_picked":["Heavy Blade","Uppercut+1"],"picked":"Dark Embrace","floor":18},{"not_picked":["Havoc+1","Armaments","Iron Wave"],"picked":"SKIP","floor":20},{"not_picked":["Combust","Intimidate","Body Slam"],"picked":"SKIP","floor":21}],"player_experience":251191,"relics_obtained":[{"floor":7,"key":"Calipers"},{"floor":9,"key":"Pear"},{"floor":12,"key":"Sundial"}],"event_choices":[{"damage_healed":0,"gold_gain":0,"player_choice":"Leave","damage_taken":0,"max_hp_gain":0,"max_hp_loss":0,"event_name":"The Cleric","floor":3,"gold_loss":0},{"cards_removed":["Strike_R"],"damage_healed":0,"gold_gain":0,"player_choice":"Card Removal","damage_taken":0,"max_hp_gain":0,"max_hp_loss":0,"event_name":"Wheel of Change","floor":19,"gold_loss":0}],"is_beta":false,"boss_relics":[{"not_picked":["Pandora\u0027s Box","Sozu"],"picked":"Cursed Key"}],"items_purged_floors":[2],"is_endless":false,"potions_floor_spawned":[1,5,7,13,16,21],"killed_by":"Shelled Parasite and Fungi","ascension_level":4}}