{"host":"t39frk1gt0zfm79h","time":1614223389,"event":{"mods":["BaseMod","Better Altar","Better Match","Better Note","Better Sensory Stone","Better Skull","Better Third Choice","Block Reminder","Colored Map","Downfall","Hermit","Minty Spire (QoL Compilation)","Relic Stats","StSLib"],"gold_per_floor":[110,123,142,217,235,235,266,280,280,311,321,321,332,71,71,167,167,185,185,65,65,79,109,119,151,197,227,240,319,335,350,350,452,452,463,463,474,491,491,491,391,391,391,153,188,238,265,265,265,265,265,265,65,90,90],"floor_reached":56,"language":"ENG","playtime":3007,"items_purged":["Armaments","Pain","Anger"],"score":1378,"play_id":"2ee9565d-2297-4e82-91a1-7c7457e8c5fa","local_time":"20210224192309","is_ascension_mode":true,"campfire_choices":[{"data":"Fire Breathing","floor":6.0,"key":"SMITH"},{"data":"Dark Embrace","floor":15.0,"key":"SMITH"},{"data":"Feel No Pain","floor":32.0,"key":"SMITH"},{"data":"Offering","floor":40.0,"key":"SMITH"},{"data":"Fiend Fire","floor":42.0,"key":"SMITH"},{"floor":49.0,"key":"RECALL"},{"data":"Disarm","floor":52.0,"key":"SMITH"}],"circlet_count":0,"master_deck":["Strike_R","Strike_R","Strike_R","Strike_R","Strike_R","Defend_R","Defend_R","Defend_R","Defend_R","Bash","downfall:Malfunctioning","Fiend Fire+1","Fire Breathing+1","Wild Strike","Iron Wave","Iron Wave","Reckless Charge","Feel No Pain+1","Dark Embrace+1","Master of Strategy","Clothesline+1","Disarm+1","Wild Strike","Ghostly Armor+1","Carnage+1","Evolve+1","Warcry","Burning Pact","Seeing Red+1","Offering+1","Disarm+1","Intimidate+1","Power Through","Panacea","Power Through","Juggernaut","Burning Pact+1","Inflame"],"relics":["Burning Blood","Charon\u0027s Ashes","Ornamental Fan","Mercury Hourglass","WarpedTongs","Velvet Choker","White Beast Statue","Boot","PreservedInsect","Unceasing Top","Bottled Tornado","bronze:MakeshiftBattery","TheAbacus","Pantograph","Ice Cream","Mango","Letter Opener"],"acts_visited":["Exordium","TheCity","TheBeyond","TheEnding"],"potions_floor_usage":[55,55],"damage_taken":[{"damage":1.0,"enemies":"Cultist","floor":1.0,"turns":3.0},{"damage":0.0,"enemies":"2 Louse","floor":2.0,"turns":4.0},{"damage":0.0,"enemies":"Small Slimes","floor":3.0,"turns":2.0},{"damage":14.0,"enemies":"Gremlin Gang","floor":5.0,"turns":7.0},{"damage":14.0,"enemies":"Lagavulin","floor":7.0,"turns":6.0},{"damage":10.0,"enemies":"Lots of Slimes","floor":8.0,"turns":2.0},{"damage":13.0,"enemies":"3 Sentries","floor":10.0,"turns":4.0},{"damage":1.0,"enemies":"Large Slime","floor":11.0,"turns":4.0},{"damage":16.0,"enemies":"Exordium Thugs","floor":13.0,"turns":4.0},{"damage":5.0,"enemies":"Slime Boss","floor":16.0,"turns":4.0},{"damage":3.0,"enemies":"3 Byrds","floor":18.0,"turns":2.0},{"damage":2.0,"enemies":"Chosen","floor":22.0,"turns":3.0},{"damage":33.0,"enemies":"Slavers","floor":23.0,"turns":2.0},{"damage":1.0,"enemies":"Snake Plant","floor":24.0,"turns":3.0},{"damage":11.0,"enemies":"Gremlin Leader","floor":25.0,"turns":3.0},{"damage":17.0,"enemies":"Slavers","floor":27.0,"turns":4.0},{"damage":15.0,"enemies":"Snecko","floor":28.0,"turns":4.0},{"damage":6.0,"enemies":"Centurion and Healer","floor":30.0,"turns":3.0},{"damage":2.0,"enemies":"Snake Plant","floor":31.0,"turns":4.0},{"damage":34.0,"enemies":"Collector","floor":33.0,"turns":9.0},{"damage":0.0,"enemies":"3 Darklings","floor":35.0,"turns":4.0},{"damage":5.0,"enemies":"3 Shapes","floor":37.0,"turns":4.0},{"damage":25.0,"enemies":"Sphere and 2 Shapes","floor":38.0,"turns":4.0},{"damage":26.0,"enemies":"Nemesis","floor":45.0,"turns":4.0},{"damage":6.0,"enemies":"Mind Bloom Boss Battle","floor":46.0,"turns":4.0},{"damage":6.0,"enemies":"Reptomancer","floor":47.0,"turns":2.0},{"damage":18.0,"enemies":"Time Eater","floor":50.0,"turns":8.0},{"damage":47.0,"enemies":"Shield and Spear","floor":54.0,"turns":3.0},{"damage":80,"enemies":"The Heart","floor":55,"turns":6}],"seed_played":"2862836357966296497","potions_obtained":[{"floor":2.0,"key":"Guardian:BlockOnCardUsePotion"},{"floor":8.0,"key":"HeartOfIron"},{"floor":11.0,"key":"Slimebound:ThreeZeroPotion"},{"floor":13.0,"key":"Fruit Juice"},{"floor":16.0,"key":"Regen Potion"},{"floor":18.0,"key":"EntropicBrew"},{"floor":27.0,"key":"Dexterity Potion"},{"floor":28.0,"key":"BloodPotion"},{"floor":33.0,"key":"DuplicationPotion"},{"floor":35.0,"key":"Regen Potion"},{"floor":47.0,"key":"Weak Potion"},{"floor":54.0,"key":"AttackPotion"}],"is_trial":false,"path_per_floor":["M","M","M","?","M","R","E","M","T","E","M","?","M","$","R","B",null,"M","?","$","?","M","E","M","E","T","E","M","T","M","M","R","B",null,"M","?","M","M","?","R","$","R","T","$","E","?","E","?","R","B",null,"R","$","E","B",null],"character_chosen":"IRONCLAD","items_purchased":["Master of Strategy","Disarm","Wild Strike","TheAbacus","Panacea","Inflame"],"campfire_rested":0,"item_purchase_floors":[14,20,20,44,44,53],"current_hp_per_floor":[80,80,80,69,61,61,53,49,49,42,47,47,42,42,42,43,85,85,85,85,85,85,58,63,58,58,59,50,50,50,54,54,43,85,85,85,85,66,66,66,66,66,66,66,46,71,85,85,85,82,94,94,94,53,19],"gold":90,"neow_bonus":"THREE_RARE_CARDS","is_daily":false,"chose_seed":false,"campfire_upgraded":6,"win_rate":0.0,"timestamp":1614223389,"path_taken":["M","M","?","?","M","R","E","M","T","E","M","?","?","?","R","BOSS","M","?","$","?","M","E","?","E","T","E","M","?","M","?","R","BOSS","M","?","M","M","?","R","$","R","T","$","E","?","E","?","R","BOSS","R","$","E","BOSS"],"items_purchased_type":["Card","Card","Card","Relic","Card","Card"],"build_version":"2020-12-22","purchased_purges":3,"victory":true,"max_hp_per_floor":[80,80,80,80,80,80,80,80,80,80,80,80,85,85,85,85,85,85,85,85,85,85,85,85,85,85,85,85,85,85,85,85,85,85,85,85,85,85,85,85,85,85,85,85,85,85,99,94,94,94,94,94,94,94,94],"relic_stats":{"counters":[29,116],"Charon\u0027s Ashes":[979],"PreservedInsect":214,"Letter Opener":[10],"Boot":[50],"Burning Blood":143,"Mercury Hourglass":[378],"WarpedTongs":[84],"TheAbacus":[30],"Ornamental Fan":[56],"Pantograph":59,"obtain_stats":[{"Ice Cream":46,"Velvet Choker":17,"Mango":47,"Charon\u0027s Ashes":7,"PreservedInsect":26,"Letter Opener":54,"Bottled Tornado":29,"Boot":25,"Burning Blood":0,"White Beast Statue":23,"Mercury Hourglass":10,"WarpedTongs":12,"TheAbacus":44,"Ornamental Fan":9,"Pantograph":45,"Unceasing Top":27,"bronze:MakeshiftBattery":34},{"Ice Cream":25,"Velvet Choker":10,"Mango":26,"Charon\u0027s Ashes":5,"PreservedInsect":15,"Letter Opener":28,"Bottled Tornado":17,"Boot":15,"Burning Blood":0,"White Beast Statue":13,"Mercury Hourglass":7,"WarpedTongs":8,"TheAbacus":23,"Ornamental Fan":6,"Pantograph":24,"Unceasing Top":16,"bronze:MakeshiftBattery":20},{"Ice Cream":97,"Velvet Choker":40,"Mango":99,"Charon\u0027s Ashes":22,"PreservedInsect":53,"Letter Opener":110,"Bottled Tornado":61,"Boot":53,"Burning Blood":0,"White Beast Statue":47,"Mercury Hourglass":28,"WarpedTongs":32,"TheAbacus":89,"Ornamental Fan":24,"Pantograph":93,"Unceasing Top":57,"bronze:MakeshiftBattery":77}],"Unceasing Top":[5]},"card_choices":[{"not_picked":["Double Tap","Barricade"],"picked":"Fiend Fire","floor":0.0},{"not_picked":["Spot Weakness","True Grit"],"picked":"Fire Breathing","floor":1.0},{"not_picked":["Headbutt","Perfected Strike"],"picked":"Wild Strike","floor":2.0},{"not_picked":["Sword Boomerang","Clothesline"],"picked":"Anger","floor":3.0},{"not_picked":["Sword Boomerang","Pummel"],"picked":"Iron Wave","floor":5.0},{"not_picked":["Clash","Dropkick"],"picked":"Iron Wave","floor":7.0},{"not_picked":["Fire Breathing","Clothesline"],"picked":"Armaments","floor":8.0},{"not_picked":["Spot Weakness","Shrug It Off"],"picked":"Reckless Charge","floor":10.0},{"not_picked":["Perfected Strike","Heavy Blade"],"picked":"Feel No Pain","floor":11.0},{"not_picked":["Iron Wave","Pommel Strike"],"picked":"Dark Embrace","floor":13.0},{"not_picked":["Bludgeon","Barricade"],"picked":"Immolate","floor":16.0},{"not_picked":["Cleave+1","Twin Strike"],"picked":"Clothesline+1","floor":18.0},{"not_picked":["Reckless Charge","Warcry"],"picked":"Ghostly Armor+1","floor":22.0},{"not_picked":["Heavy Blade","Limit Break"],"picked":"Carnage+1","floor":23.0},{"not_picked":["Flex","Wild Strike","Twin Strike+1"],"picked":"SKIP","floor":24.0},{"not_picked":["Flex","Wild Strike","Twin Strike+1"],"picked":"SKIP","floor":24.0},{"not_picked":["Shockwave+1","Infernal Blade"],"picked":"Evolve+1","floor":25.0},{"not_picked":["Reaper","Double Tap","Headbutt"],"picked":"SKIP","floor":27.0},{"not_picked":["Anger","Iron Wave"],"picked":"Warcry","floor":28.0},{"not_picked":["Rampage","Iron Wave"],"picked":"Burning Pact","floor":30.0},{"not_picked":["Heavy Blade","Rupture"],"picked":"Seeing Red+1","floor":31.0},{"not_picked":["Fiend Fire","Barricade"],"picked":"Offering","floor":33.0},{"not_picked":["Armaments","Iron Wave"],"picked":"Disarm+1","floor":35.0},{"not_picked":["Clothesline+1","Wild Strike+1"],"picked":"Intimidate+1","floor":37.0},{"not_picked":["Twin Strike+1","Wild Strike"],"picked":"Power Through","floor":38.0},{"not_picked":["Perfected Strike+1","Dropkick+1"],"picked":"Power Through","floor":45.0},{"not_picked":["Perfected Strike+1","Wild Strike+1"],"picked":"Juggernaut","floor":46.0},{"not_picked":["Heavy Blade+1","Dark Embrace"],"picked":"Burning Pact+1","floor":47.0},{"not_picked":["Fire Breathing","Warcry+1","Corruption"],"picked":"SKIP","floor":54.0}],"player_experience":31351,"relics_obtained":[{"floor":7.0,"key":"Charon\u0027s Ashes"},{"floor":9.0,"key":"Ornamental Fan"},{"floor":10.0,"key":"Mercury Hourglass"},{"floor":23.0,"key":"White Beast Statue"},{"floor":25.0,"key":"Boot"},{"floor":26.0,"key":"PreservedInsect"},{"floor":27.0,"key":"Unceasing Top"},{"floor":29.0,"key":"Bottled Tornado"},{"floor":45.0,"key":"Pantograph"},{"floor":46.0,"key":"Ice Cream"},{"floor":47.0,"key":"Mango"},{"floor":54.0,"key":"Letter Opener"}],"event_choices":[{"damage_healed":0.0,"max_hp_gain":0.0,"max_hp_loss":0.0,"gold_gain":75.0,"event_name":"betterThird:BetterGoop","player_choice":"Gold","floor":4.0,"gold_loss":0.0,"damage_taken":11.0},{"damage_healed":0.0,"max_hp_gain":0.0,"max_hp_loss":0.0,"gold_gain":0.0,"event_name":"Accursed Blacksmith","player_choice":"Rummage","floor":12.0,"gold_loss":0.0,"damage_taken":0.0,"relics_obtained":["WarpedTongs"],"cards_obtained":["Pain"]},{"damage_healed":0.0,"max_hp_gain":0.0,"max_hp_loss":0.0,"gold_gain":0.0,"event_name":"The Woman in Blue","player_choice":"Bought 0 Potions","floor":21.0,"gold_loss":0.0,"damage_taken":0.0},{"cards_removed":["Immolate"],"damage_healed":0.0,"max_hp_gain":0.0,"max_hp_loss":0.0,"gold_gain":0.0,"event_name":"Falling","player_choice":"Removed Attack","floor":36.0,"gold_loss":0.0,"damage_taken":0.0},{"damage_healed":0.0,"max_hp_gain":0.0,"max_hp_loss":0.0,"gold_gain":0.0,"event_name":"Tomb of Lord Red Mask","player_choice":"Ignored","floor":39.0,"gold_loss":0.0,"damage_taken":0.0},{"damage_healed":0.0,"max_hp_gain":0.0,"max_hp_loss":0.0,"gold_gain":0.0,"event_name":"MindBloom","player_choice":"Fight","floor":46.0,"gold_loss":0.0,"damage_taken":0.0},{"damage_healed":0.0,"max_hp_gain":0.0,"max_hp_loss":5.0,"gold_gain":0.0,"event_name":"Winding Halls","player_choice":"Max HP","floor":48.0,"gold_loss":0.0,"damage_taken":0.0}],"is_beta":false,"boss_relics":[{"not_picked":["Tiny House","Snecko Eye"],"picked":"Velvet Choker"},{"not_picked":["Runic Dome","Sozu"],"picked":"bronze:MakeshiftBattery"}],"items_purged_floors":[14,41,53],"is_endless":false,"potions_floor_spawned":[2,8,11,13,16,18,24,25,27,28,30,31,33,35,37,38,45,46,47,54],"ascension_level":1}}