{"host":"bux1pdxjwq4dkad9","time":1614219224,"event":{"mods":["Act Like it!","BaseMod","Colored Map","Minty Spire (QoL Compilation)","Quick Restart","Ring Of Destiny","Spicy Shops","StSLib","SuperFastMode","°æ“≈ŒÔMod°øºÚµ•”Œœ∑"],"gold_per_floor":[110,122,137,56,72,100,25,40,89,122,122,154,254,271,271,372,372,387,404,423,141,66,92,110,140,140,140,140,152,181,195,195,294,294,309,209,221,236,254,283,283,328,374,389,139,139,159,187,187,187,187,187,37,71,71],"floor_reached":56,"language":"ZHS","playtime":1770,"items_purged":["RingOfDestiny:Strike_SU","RingOfDestiny:Strike_SU","RingOfDestiny:DoomsdayStrike","RingOfDestiny:Defend_SU"],"score":2465,"play_id":"30b9cce7-94a8-4aae-aa14-590551bf3030","local_time":"20210225101344","is_ascension_mode":true,"campfire_choices":[{"data":"RingOfDestiny:PowerOfGluttony","floor":11,"key":"SMITH"},{"floor":15,"key":"RECALL"},{"data":"RingOfDestiny:AngerSword","floor":27,"key":"SMITH"},{"data":"RingOfDestiny:MaskOfSuffering","floor":32,"key":"SMITH"},{"data":"RingOfDestiny:PowerOfEnvy","floor":41,"key":"SMITH"},{"data":"RingOfDestiny:MaliciousBarrier","floor":46,"key":"SMITH"},{"data":"RingOfDestiny:PowerOfGreed","floor":49,"key":"SMITH"},{"data":"RingOfDestiny:Defend_SU","floor":52,"key":"SMITH"}],"circlet_count":0,"master_deck":["AscendersBane","RingOfDestiny:Defend_SU","RingOfDestiny:Defend_SU+1","RingOfDestiny:MaliciousBarrier+1","RingOfDestiny:PowerOfGreed+1","RingOfDestiny:PowerOfEnvy+1","Purity+1","RingOfDestiny:PowerOfGluttony+1","RingOfDestiny:FairDealing+1","RingOfDestiny:AngerSword+1","RingOfDestiny:MaskOfSuffering+1","RingOfDestiny:FairDealing+1","RingOfDestiny:MaliciousRelease+1","RingOfDestiny:RingOfGreed+1","RingOfDestiny:Demonic+1","RingOfDestiny:AngerSword+1","RingOfDestiny:AngerSword+1","RingOfDestiny:LazyCloak+1","Deep Breath+1","RingOfDestiny:FairDealing+1","RingOfDestiny:MaliciousLeakage+1"],"relics":["RingOfDestiny:DemonicContract","AT_LudenTempest","Vajra","Potion Belt","Eternal Feather","Smiling Mask","Runic Pyramid","TheAbacus","Frozen Egg 2","Toxic Egg 2","Strawberry","SlaversCollar","Akabeko","Du-Vu Doll","Regal Pillow","Medical Kit","Ginger","Anchor","Sundial"],"acts_visited":["Exordium","Exordium","RingOfDestiny:KnowledgeHall","TheEnding"],"potions_floor_usage":[17,25,55,55,55,55],"damage_taken":[{"damage":0,"enemies":"Jaw Worm","floor":1,"turns":2},{"damage":0,"enemies":"Cultist","floor":2,"turns":2},{"damage":0,"enemies":"2 Louse","floor":3,"turns":2},{"damage":0,"enemies":"Looter","floor":5,"turns":2},{"damage":20,"enemies":"Gremlin Nob","floor":6,"turns":4},{"damage":8,"enemies":"Lots of Slimes","floor":8,"turns":3},{"damage":20,"enemies":"Lagavulin","floor":10,"turns":5},{"damage":0,"enemies":"Gremlin Nob","floor":12,"turns":3},{"damage":4,"enemies":"Gremlin Gang","floor":14,"turns":2},{"damage":15,"enemies":"The Guardian","floor":16,"turns":9},{"damage":9,"enemies":"3 Byrds","floor":18,"turns":4},{"damage":2,"enemies":"Shell Parasite","floor":19,"turns":7},{"damage":0,"enemies":"Snake Plant","floor":20,"turns":2},{"damage":4,"enemies":"Gremlin Leader","floor":23,"turns":5},{"damage":0,"enemies":"Centurion and Healer","floor":24,"turns":7},{"damage":2,"enemies":"Slavers","floor":25,"turns":2},{"damage":2,"enemies":"Cultist and Chosen","floor":29,"turns":2},{"damage":8,"enemies":"Gremlin Leader","floor":30,"turns":4},{"damage":2,"enemies":"Snecko","floor":31,"turns":1},{"damage":15,"enemies":"Collector","floor":33,"turns":4},{"damage":4,"enemies":"Orb Walker","floor":35,"turns":1},{"damage":5,"enemies":"3 Shapes","floor":37,"turns":2},{"damage":13,"enemies":"Maw","floor":38,"turns":3},{"damage":16,"enemies":"Transient","floor":39,"turns":5},{"damage":17,"enemies":"Giant Head","floor":40,"turns":3},{"damage":11,"enemies":"2 Orb Walkers","floor":42,"turns":2},{"damage":7,"enemies":"Jaw Worm Horde","floor":44,"turns":2},{"damage":2,"enemies":"4 Shapes","floor":47,"turns":2},{"damage":5,"enemies":"Reptomancer","floor":48,"turns":3},{"damage":15,"enemies":"Donu and Deca","floor":50,"turns":3},{"damage":6,"enemies":"Shield and Spear","floor":54,"turns":1},{"damage":29,"enemies":"The Heart","floor":55,"turns":4}],"seed_played":"5929958503556496987","potions_obtained":[{"floor":5,"key":"Dexterity Potion"},{"floor":6,"key":"DistilledChaos"},{"floor":10,"key":"Ancient Potion"},{"floor":16,"key":"Fruit Juice"},{"floor":18,"key":"Fire Potion"},{"floor":23,"key":"Swift Potion"},{"floor":30,"key":"DistilledChaos"}],"is_trial":false,"path_per_floor":["M","M","M","$","M","E","$","M","T","E","R","E","?","M","R","B",null,"M","M","M","$","?","E","M","E","T","R","?","M","E","M","R","B",null,"M","$","M","M","M","E","R","?","T","M","$","R","M","E","R","B",null,"R","$","E","B",null],"character_chosen":"Summoner","items_purchased":["Purity","TheAbacus","RingOfDestiny:AngerSword","Medical Kit","Deep Breath+1","Anchor"],"campfire_rested":0,"item_purchase_floors":[4,21,21,45,45,53],"current_hp_per_floor":[79,79,79,79,79,60,60,52,52,32,38,38,38,34,40,28,78,75,76,76,76,76,76,83,81,81,87,87,88,95,93,100,95,99,95,95,90,89,86,90,99,99,99,95,95,100,98,100,100,100,100,100,100,98,98],"gold":71,"neow_bonus":"TRANSFORM_CARD","is_daily":false,"chose_seed":false,"campfire_upgraded":7,"win_rate":0.0,"timestamp":1614219224,"path_taken":["M","M","M","$","M","E","$","M","T","E","R","E","?","M","R","BOSS","M","?","M","$","?","E","M","E","T","R","?","?","E","M","R","BOSS","M","$","?","M","M","E","R","?","T","M","?","R","M","E","R","BOSS","R","$","E","BOSS"],"items_purchased_type":["Card","Relic","Card","Relic","Card","Relic"],"build_version":"2020-12-22","purchased_purges":4,"victory":true,"max_hp_per_floor":[88,88,88,88,88,88,88,88,88,88,88,88,88,88,88,88,93,93,93,93,93,93,93,93,93,93,93,93,93,100,100,100,100,100,100,100,100,100,100,100,100,100,100,100,100,100,100,100,100,100,100,100,100,100,100],"card_choices":[{"not_picked":["RingOfDestiny:TemptingFruits","RingOfDestiny:SarcasticSword","RingOfDestiny:PowerOfEnvy"],"picked":"SKIP","floor":1},{"not_picked":["RingOfDestiny:CostOfSoul","RingOfDestiny:TemptingFruits","RingOfDestiny:ManaEnhance"],"picked":"SKIP","floor":2},{"not_picked":["RingOfDestiny:SarcasticSword","RingOfDestiny:DoomsdayProtection","RingOfDestiny:PowerOfEnvy"],"picked":"SKIP","floor":3},{"not_picked":["RingOfDestiny:MaliciousBarrier","RingOfDestiny:MaliciousErode"],"picked":"RingOfDestiny:PowerOfGluttony","floor":5},{"not_picked":["RingOfDestiny:SongOfDoomsday","RingOfDestiny:DoomsdayBlade","RingOfDestiny:MaliciousErode"],"picked":"SKIP","floor":6},{"not_picked":["RingOfDestiny:MemoryBlade","RingOfDestiny:EndlessDesire","RingOfDestiny:DoomsdayStrike"],"picked":"SKIP","floor":8},{"not_picked":["RingOfDestiny:MemoryBlade","RingOfDestiny:CupOfDesire","RingOfDestiny:DoomsdayProtection"],"picked":"SKIP","floor":10},{"not_picked":["RingOfDestiny:GreedySummon","RingOfDestiny:CrownOfPride","RingOfDestiny:MaliciousFang"],"picked":"SKIP","floor":12},{"not_picked":["RingOfDestiny:ManaEnhance","RingOfDestiny:DoomsdayMadness","RingOfDestiny:SoulDiversion"],"picked":"SKIP","floor":14},{"not_picked":["RingOfDestiny:PowerOfEnvy","RingOfDestiny:SarcasticSword","RingOfDestiny:MaliciousSuppress+1"],"picked":"SKIP","floor":18},{"not_picked":["RingOfDestiny:MaliciousErode","RingOfDestiny:FeastOfDoomsday","RingOfDestiny:DoomsdayStrike"],"picked":"SKIP","floor":19},{"not_picked":["RingOfDestiny:EndlessDesire","RingOfDestiny:MaliciousRelease"],"picked":"RingOfDestiny:FairDealing+1","floor":20},{"not_picked":["RingOfDestiny:TemptingFruits","RingOfDestiny:SarcasticSword"],"picked":"RingOfDestiny:MaskOfSuffering","floor":23},{"not_picked":["RingOfDestiny:MaliciousBarrier+1","RingOfDestiny:PowerOfArrogance","RingOfDestiny:MaliciousSword"],"picked":"SKIP","floor":24},{"not_picked":["RingOfDestiny:MaliciousFang","RingOfDestiny:CostOfSoul+1"],"picked":"RingOfDestiny:FairDealing+1","floor":25},{"not_picked":["RingOfDestiny:MemoryBlade+1","RingOfDestiny:FairDealing+1"],"picked":"RingOfDestiny:MaliciousRelease+1","floor":29},{"not_picked":["RingOfDestiny:SoulAccumulation+1","RingOfDestiny:DoomsdayMadness+1","RingOfDestiny:SongOfDoomsday+1"],"picked":"SKIP","floor":30},{"not_picked":["RingOfDestiny:CrownOfPride+1","RingOfDestiny:DemonGovernor+1"],"picked":"RingOfDestiny:RingOfGreed+1","floor":31},{"not_picked":["RingOfDestiny:PowerOfEnvy+1","RingOfDestiny:TemptingFruits+1","RingOfDestiny:EndlessDesire+1"],"picked":"SKIP","floor":35},{"not_picked":["RingOfDestiny:AbyssOfDesire","RingOfDestiny:SarcasticSword+1","RingOfDestiny:ManaEnhance+1"],"picked":"SKIP","floor":37},{"not_picked":["RingOfDestiny:ManaEnhance+1","RingOfDestiny:MaliciousBlade"],"picked":"RingOfDestiny:Demonic+1","floor":38},{"not_picked":["RingOfDestiny:ManaEnhance+1","RingOfDestiny:Demonic+1"],"picked":"RingOfDestiny:AngerSword+1","floor":39},{"not_picked":["RingOfDestiny:Doomsday+1","RingOfDestiny:MaliciousErode+1"],"picked":"RingOfDestiny:AngerSword+1","floor":40},{"not_picked":["RingOfDestiny:DemonVanguard+1","RingOfDestiny:EnvyNecklace+1"],"picked":"RingOfDestiny:LazyCloak+1","floor":42},{"not_picked":["RingOfDestiny:SoulAccumulation+1","RingOfDestiny:SoulDiversion+1","RingOfDestiny:DoomsdayProtection+1"],"picked":"SKIP","floor":44},{"not_picked":["RingOfDestiny:MaliciousSuppress+1","RingOfDestiny:MemoryBlade+1","RingOfDestiny:MaliciousFang+1"],"picked":"SKIP","floor":47},{"not_picked":["RingOfDestiny:ChainBlade","RingOfDestiny:EnvyNecklace+1","RingOfDestiny:FairDealing+1"],"picked":"SKIP","floor":48},{"not_picked":["RingOfDestiny:ChainBlade","RingOfDestiny:EnvyNecklace+1"],"picked":"RingOfDestiny:FairDealing+1","floor":48},{"not_picked":["RingOfDestiny:DoomsdayMeteorite+1","RingOfDestiny:FeastOfDoomsday+1"],"picked":"RingOfDestiny:MaliciousLeakage+1","floor":54}],"player_experience":2455645,"relics_obtained":[{"floor":6,"key":"Vajra"},{"floor":9,"key":"Potion Belt"},{"floor":10,"key":"Eternal Feather"},{"floor":12,"key":"Smiling Mask"},{"floor":23,"key":"Frozen Egg 2"},{"floor":25,"key":"Toxic Egg 2"},{"floor":30,"key":"Strawberry"},{"floor":40,"key":"Akabeko"},{"floor":42,"key":"Du-Vu Doll"},{"floor":43,"key":"Regal Pillow"},{"floor":48,"key":"Ginger"},{"floor":54,"key":"Sundial"}],"event_choices":[{"damage_healed":0,"gold_gain":100,"player_choice":"Pray","damage_taken":0,"max_hp_gain":0,"max_hp_loss":0,"event_name":"Golden Shrine","floor":13,"gold_loss":0},{"cards_removed":["RingOfDestiny:AbyssOfDesire"],"damage_healed":0,"gold_gain":0,"player_choice":"Gave Gold","damage_taken":0,"max_hp_gain":0,"max_hp_loss":0,"event_name":"Beggar","floor":22,"gold_loss":75},{"damage_healed":0,"gold_gain":0,"player_choice":"Upgraded","damage_taken":0,"max_hp_gain":0,"max_hp_loss":0,"event_name":"Upgrade Shrine","floor":28,"gold_loss":0,"cards_upgraded":["Purity"]},{"damage_healed":0,"gold_gain":0,"player_choice":"Fight","damage_taken":0,"max_hp_gain":0,"max_hp_loss":0,"event_name":"Mysterious Sphere","floor":42,"gold_loss":0}],"is_beta":false,"boss_relics":[{"not_picked":["Empty Cage","Sozu"],"picked":"Runic Pyramid"},{"not_picked":["Astrolabe","Philosopher\u0027s Stone"],"picked":"SlaversCollar"}],"items_purged_floors":[7,21,36,36],"is_endless":false,"potions_floor_spawned":[5,6,10,16,18,23,30,31,33,37,42,48,54],"ascension_level":11}}