{"host":"2l5k2wp87eek7qja","time":1614263194,"event":{"mods":["BaseMod","Colored Map","Minty Spire (QoL Compilation)","Relic Stats"],"gold_per_floor":[109,4,4,4,154,154,179,179,229,255,255,255,275,310,310,386,386,404,439,458,16,16,16,16,16],"floor_reached":24,"language":"ENG","playtime":673,"items_purged":["Strike_G","Doubt"],"score":516,"play_id":"e2e8a9ae-3782-4c98-9aca-f575d200e6a0","local_time":"20210225162634","is_ascension_mode":true,"campfire_choices":[{"data":"Deadly Poison","floor":6,"key":"SMITH"},{"data":"Neutralize","floor":8,"key":"SMITH"},{"data":"Dagger Spray","floor":11,"key":"SMITH"},{"data":"Deadly Poison","floor":15,"key":"SMITH"},{"data":"Corpse Explosion","floor":23,"key":"SMITH"}],"circlet_count":0,"master_deck":["AscendersBane","Strike_G","Strike_G","Strike_G","Strike_G","Defend_G","Defend_G","Defend_G","Defend_G","Defend_G","Survivor","Neutralize+1","Deadly Poison+1","Dagger Spray+1","Flying Knee","After Image","Deadly Poison+1","Corpse Explosion+1","PiercingWail","Skewer","Ghostly","Ghostly","Ghostly"],"relics":["Ring of the Snake","NeowsBlessing","WarpedTongs","Omamori","Blood Vial","Ice Cream","The Courier","Snecko Eye","Red Mask","Bag of Marbles","Pen Nib"],"acts_visited":["Exordium","TheCity"],"potions_floor_usage":[14,19,24],"damage_taken":[{"damage":0,"enemies":"Small Slimes","floor":1,"turns":1},{"damage":0,"enemies":"3 Sentries","floor":7,"turns":1},{"damage":1,"enemies":"Gremlin Nob","floor":10,"turns":1},{"damage":0,"enemies":"Cultist","floor":13,"turns":3},{"damage":10,"enemies":"Lagavulin","floor":14,"turns":6},{"damage":9,"enemies":"The Guardian","floor":16,"turns":9},{"damage":4,"enemies":"3 Byrds","floor":18,"turns":3},{"damage":29,"enemies":"Masked Bandits","floor":19,"turns":3},{"damage":13,"enemies":"Spheric Guardian","floor":20,"turns":4},{"damage":36,"enemies":"Slavers","floor":24,"turns":3}],"seed_played":"2566669157739905493","potions_obtained":[{"floor":10,"key":"Strength Potion"},{"floor":14,"key":"PowerPotion"}],"is_trial":false,"path_per_floor":["M","$","?","$","?","R","E","R","T","E","R","?","M","E","R","B",null,"M","?","M","$","?","R","E"],"character_chosen":"THE_SILENT","items_purchased":["Dagger Spray","Bag of Marbles","Skewer","Pen Nib","Regen Potion"],"campfire_rested":0,"item_purchase_floors":[2,21,21,21,21],"current_hp_per_floor":[59,59,59,59,59,59,59,59,59,60,60,53,55,47,47,40,60,58,31,20,20,20,20,0,0],"gold":16,"neow_bonus":"THREE_ENEMY_KILL","is_daily":false,"chose_seed":false,"campfire_upgraded":5,"win_rate":0.0,"timestamp":1614263194,"path_taken":["M","$","?","?","?","R","E","R","T","E","R","?","?","E","R","BOSS","M","?","M","$","?","R","E"],"items_purchased_type":["Card","Relic","Card","Relic","Potion"],"build_version":"2020-12-22","purchased_purges":2,"victory":false,"max_hp_per_floor":[66,66,66,66,66,66,66,66,66,66,66,66,66,66,66,66,66,66,66,66,66,33,33,33,33],"relic_stats":{"Blood Vial":16,"counters":[10,34],"Snecko Eye":[23,22,25,18],"Pen Nib":[0],"obtain_stats":[{"Blood Vial":9,"Ice Cream":10,"NeowsBlessing":0,"Snecko Eye":17,"The Courier":14,"Pen Nib":21,"Omamori":7,"Red Mask":19,"Bag of Marbles":21,"Ring of the Snake":0,"WarpedTongs":3},{"Blood Vial":2,"Ice Cream":3,"NeowsBlessing":0,"Snecko Eye":6,"The Courier":5,"Pen Nib":9,"Omamori":2,"Red Mask":8,"Bag of Marbles":9,"Ring of the Snake":0,"WarpedTongs":1},{"Blood Vial":2,"Ice Cream":3,"NeowsBlessing":0,"Snecko Eye":21,"The Courier":12,"Pen Nib":31,"Omamori":2,"Red Mask":27,"Bag of Marbles":31,"Ring of the Snake":0,"WarpedTongs":1}],"Ring of the Snake":[20],"WarpedTongs":[33]},"card_choices":[{"not_picked":["Deflect","Riddle With Holes"],"picked":"Deadly Poison","floor":1},{"not_picked":["Dagger Spray","Sucker Punch"],"picked":"Flying Knee","floor":7},{"not_picked":["Backflip","Masterful Stab","Sucker Punch"],"picked":"SKIP","floor":10},{"not_picked":["Predator","Deflect"],"picked":"After Image","floor":13},{"not_picked":["Heel Hook","Underhanded Strike"],"picked":"Deadly Poison","floor":14},{"not_picked":["After Image","Night Terror"],"picked":"Corpse Explosion","floor":16},{"not_picked":["Underhanded Strike","Bane+1"],"picked":"PiercingWail","floor":18},{"not_picked":["Setup","Skewer","Flechettes"],"picked":"SKIP","floor":20}],"player_experience":892916,"relics_obtained":[{"floor":7,"key":"Omamori"},{"floor":9,"key":"Blood Vial"},{"floor":10,"key":"Ice Cream"},{"floor":14,"key":"The Courier"},{"floor":19,"key":"Red Mask"}],"event_choices":[{"damage_healed":0,"gold_gain":0,"player_choice":"Rummage","damage_taken":0,"relics_obtained":["WarpedTongs"],"max_hp_gain":0,"max_hp_loss":0,"event_name":"Accursed Blacksmith","floor":3,"gold_loss":0,"cards_obtained":["Pain"]},{"damage_healed":0,"gold_gain":150,"player_choice":"AGREE","damage_taken":0,"max_hp_gain":0,"max_hp_loss":0,"event_name":"Liars Game","floor":5,"gold_loss":0,"cards_obtained":["Doubt"]},{"cards_removed":["Pain"],"damage_healed":0,"gold_gain":0,"player_choice":"Card Removal","damage_taken":7,"max_hp_gain":0,"max_hp_loss":0,"event_name":"Golden Wing","floor":12,"gold_loss":0},{"damage_healed":0,"gold_gain":0,"player_choice":"Fought Bandits","damage_taken":0,"max_hp_gain":0,"max_hp_loss":0,"event_name":"Masked Bandits","floor":19,"gold_loss":0},{"damage_healed":0,"gold_gain":0,"player_choice":"Became a Ghost","damage_taken":0,"max_hp_gain":0,"max_hp_loss":33,"event_name":"Ghosts","floor":22,"gold_loss":0,"cards_obtained":["Ghostly","Ghostly","Ghostly"]}],"is_beta":false,"boss_relics":[{"not_picked":["Ectoplasm","Velvet Choker"],"picked":"Snecko Eye"}],"items_purged_floors":[2,21],"is_endless":false,"potions_floor_spawned":[10,14],"killed_by":"Slavers","ascension_level":20}}