{"host":"90jl2h70xtuoeg0i","time":1614256819,"event":{"mods":["AchievementEnabler","BaseMod","Colored Map","Colored Powertips","Minty Spire (QoL Compilation)","Relic Stats","ojb\u0027s Better Paths Mod","ojb\u0027s Info Mod"],"gold_per_floor":[119,134,152,165,176,176,208,208,208,225,254,283,296,446,446,524,524,543,230,230,4,4,34,34,66,66,66,93,105,119,119,119,197,197,217,217,217,237,1236,1265,915,195,219,238,263,263,274,305,305,305,305,305],"floor_reached":51,"language":"ENG","playtime":8794,"items_purged":["Defend_G","Strike_G","Strike_G","Strike_G"],"score":1706,"play_id":"79468c89-9e51-47d2-b5ea-750be84bb45b","local_time":"20210225074019","is_ascension_mode":true,"campfire_choices":[{"data":"Noxious Fumes","floor":6.0,"key":"SMITH"},{"data":"Footwork","floor":8.0,"key":"SMITH"},{"data":"Crippling Poison","floor":15.0,"key":"SMITH"},{"data":"Ghostly","floor":24.0,"key":"SMITH"},{"data":"Ghostly","floor":27.0,"key":"SMITH"},{"data":"Ghostly","floor":32.0,"key":"SMITH"},{"data":"Transmutation","floor":46.0,"key":"SMITH"},{"floor":49.0,"key":"RECALL"}],"circlet_count":0,"master_deck":["AscendersBane","Strike_G","Strike_G","Defend_G","Defend_G","Defend_G","Defend_G","Survivor","Neutralize","Noxious Fumes+1","Footwork+1","Dagger Spray","Masterful Stab","Predator","Infinite Blades","Distraction","Masterful Stab","Crippling Poison+1","Backflip","Doubt","Venomology","Catalyst","Infinite Blades","Swift Strike","Blade Dance","Good Instincts","Ghostly+1","Ghostly+1","Ghostly+1","Dash+1","Writhe","Tools of the Trade","Cloak And Dagger+1","Writhe","Normality","Normality","Cloak And Dagger","Transmutation+1","Accuracy","Blade Dance","Acrobatics","Caltrops"],"relics":["Ring of the Snake","Potion Belt","Nunchaku","Meat on the Bone","Odd Mushroom","Du-Vu Doll","WristBlade","Sling","StrikeDummy","Calipers","Ornamental Fan","Centennial Puzzle","Toy Ornithopter","Coffee Dripper","MawBank","Mummified Hand","ClockworkSouvenir","Pen Nib","Regal Pillow"],"acts_visited":["Exordium","TheCity","TheBeyond"],"potions_floor_usage":[50,50,50],"damage_taken":[{"damage":1.0,"enemies":"Jaw Worm","floor":1.0,"turns":5.0},{"damage":2.0,"enemies":"2 Louse","floor":2.0,"turns":4.0},{"damage":1.0,"enemies":"Cultist","floor":3.0,"turns":5.0},{"damage":0.0,"enemies":"Blue Slaver","floor":4.0,"turns":5.0},{"damage":6.0,"enemies":"Large Slime","floor":5.0,"turns":6.0},{"damage":6.0,"enemies":"Lagavulin","floor":7.0,"turns":7.0},{"damage":6.0,"enemies":"Looter","floor":10.0,"turns":3.0},{"damage":2.0,"enemies":"The Mushroom Lair","floor":11.0,"turns":4.0},{"damage":12.0,"enemies":"3 Sentries","floor":12.0,"turns":5.0},{"damage":4.0,"enemies":"Exordium Wildlife","floor":13.0,"turns":4.0},{"damage":19.0,"enemies":"The Guardian","floor":16.0,"turns":10.0},{"damage":9.0,"enemies":"Chosen","floor":18.0,"turns":3.0},{"damage":13.0,"enemies":"Book of Stabbing","floor":23.0,"turns":4.0},{"damage":6.0,"enemies":"Gremlin Leader","floor":25.0,"turns":5.0},{"damage":12.0,"enemies":"Slavers","floor":28.0,"turns":4.0},{"damage":1.0,"enemies":"3 Byrds","floor":29.0,"turns":4.0},{"damage":0.0,"enemies":"Snake Plant","floor":30.0,"turns":3.0},{"damage":40.0,"enemies":"Champ","floor":33.0,"turns":12.0},{"damage":0.0,"enemies":"3 Darklings","floor":35.0,"turns":4.0},{"damage":7.0,"enemies":"3 Shapes","floor":38.0,"turns":4.0},{"damage":0.0,"enemies":"Nemesis","floor":40.0,"turns":5.0},{"damage":13.0,"enemies":"Sphere and 2 Shapes","floor":44.0,"turns":4.0},{"damage":20.0,"enemies":"Giant Head","floor":45.0,"turns":6.0},{"damage":0.0,"enemies":"3 Darklings","floor":47.0,"turns":3.0},{"damage":16.0,"enemies":"Reptomancer","floor":48.0,"turns":6.0},{"damage":28,"enemies":"Awakened One","floor":50,"turns":10},{"damage":30,"enemies":"Time Eater","floor":51,"turns":2}],"seed_played":"-5830621073709356836","potions_obtained":[{"floor":3.0,"key":"LiquidMemories"},{"floor":4.0,"key":"Fire Potion"},{"floor":10.0,"key":"Weak Potion"},{"floor":11.0,"key":"PowerPotion"},{"floor":12.0,"key":"FearPotion"},{"floor":13.0,"key":"Explosive Potion"},{"floor":25.0,"key":"Block Potion"},{"floor":33.0,"key":"Swift Potion"},{"floor":37.0,"key":"GhostInAJar"},{"floor":38.0,"key":"DuplicationPotion"},{"floor":40.0,"key":"EntropicBrew"}],"is_trial":false,"path_per_floor":["M","M","M","M","M","R","E","R","T","M","?","E","M","?","R","B",null,"M","$","?","$","?","E","R","E","T","R","E","M","M","?","R","B",null,"M","?","?","M","?","E","$","$","T","M","E","R","M","E","R","B","B"],"character_chosen":"THE_SILENT","items_purchased":["Sling","Infinite Blades","Blade Dance","Good Instincts","Cloak And Dagger","Transmutation","Mummified Hand","Accuracy","ClockworkSouvenir","Blade Dance"],"campfire_rested":0,"item_purchase_floors":[19,19,21,21,41,41,42,42,42,42],"current_hp_per_floor":[58,56,55,55,49,49,43,43,43,37,35,35,43,43,43,36,59,50,50,38,38,33,20,20,26,26,26,26,25,25,25,25,20,30,33,33,33,29,29,33,33,33,33,20,22,22,22,26,26,25,0,0],"gold":305,"neow_bonus":"RANDOM_COMMON_RELIC","is_daily":false,"chose_seed":false,"campfire_upgraded":7,"win_rate":0.0,"timestamp":1614256819,"path_taken":["M","M","M","M","M","R","E","R","T","M","?","E","M","?","R","BOSS","M","$","?","?","?","E","R","E","T","R","E","M","M","?","R","BOSS","M","?","?","?","?","E","?","$","T","?","E","R","M","E","R","BOSS","BOSS"],"items_purchased_type":["Relic","Card","Card","Card","Card","Card","Relic","Card","Relic","Card"],"build_version":"2020-12-22","purchased_purges":4,"victory":false,"max_hp_per_floor":[66,66,66,66,66,66,66,66,66,66,66,66,66,66,66,66,66,66,66,66,66,33,33,33,33,33,33,33,33,33,33,33,33,33,33,33,33,33,33,33,33,33,33,33,33,33,33,33,33,33,33,33],"relic_stats":{"Nunchaku":[27],"Centennial Puzzle":[24],"Regal Pillow":0,"counters":[27,137],"Ornamental Fan":[168],"Mummified Hand":[29],"Pen Nib":[6],"MawBank":12,"obtain_stats":[{"Potion Belt":0,"Regal Pillow":48,"Calipers":25,"Pen Nib":45,"Odd Mushroom":11,"Sling":19,"MawBank":40,"ClockworkSouvenir":42,"Du-Vu Doll":12,"Nunchaku":7,"Centennial Puzzle":28,"WristBlade":17,"Ornamental Fan":26,"Mummified Hand":42,"Coffee Dripper":34,"StrikeDummy":23,"Toy Ornithopter":31,"Ring of the Snake":0,"Meat on the Bone":9},{"Potion Belt":0,"Regal Pillow":25,"Calipers":14,"Pen Nib":23,"Odd Mushroom":8,"Sling":12,"MawBank":21,"ClockworkSouvenir":21,"Du-Vu Doll":9,"Nunchaku":6,"Centennial Puzzle":15,"WristBlade":11,"Ornamental Fan":14,"Mummified Hand":21,"Coffee Dripper":18,"StrikeDummy":13,"Toy Ornithopter":17,"Ring of the Snake":0,"Meat on the Bone":6},{"Potion Belt":0,"Regal Pillow":125,"Calipers":70,"Pen Nib":116,"Odd Mushroom":39,"Sling":61,"MawBank":106,"ClockworkSouvenir":106,"Du-Vu Doll":44,"Nunchaku":32,"Centennial Puzzle":74,"WristBlade":58,"Ornamental Fan":70,"Mummified Hand":106,"Coffee Dripper":93,"StrikeDummy":65,"Toy Ornithopter":81,"Ring of the Snake":0,"Meat on the Bone":32}],"Toy Ornithopter":78,"Ring of the Snake":[54],"Meat on the Bone":96},"card_choices":[{"not_picked":["Poisoned Stab","Tactician"],"picked":"Noxious Fumes","floor":1.0},{"not_picked":["Concentrate","Masterful Stab"],"picked":"Footwork","floor":2.0},{"not_picked":["Flechettes","Blur"],"picked":"Dagger Spray","floor":3.0},{"not_picked":["Caltrops","Cloak And Dagger"],"picked":"Masterful Stab","floor":4.0},{"not_picked":["Sucker Punch","Underhanded Strike"],"picked":"Predator","floor":5.0},{"not_picked":["Setup","Calculated Gamble"],"picked":"Infinite Blades","floor":7.0},{"not_picked":["Dodge and Roll","Poisoned Stab"],"picked":"Distraction","floor":10.0},{"not_picked":["Skewer","Finisher"],"picked":"Masterful Stab","floor":11.0},{"not_picked":["Poisoned Stab","Envenom"],"picked":"Crippling Poison","floor":12.0},{"not_picked":["Dagger Throw","Acrobatics"],"picked":"Backflip","floor":13.0},{"not_picked":["Grand Finale","Burst"],"picked":"Venomology","floor":16.0},{"not_picked":["Deflect","Deadly Poison"],"picked":"Catalyst","floor":18.0},{"not_picked":["Bane","Flying Knee","Quick Slash"],"picked":"SKIP","floor":23.0},{"not_picked":["Slice","Bouncing Flask"],"picked":"Dash+1","floor":25.0},{"not_picked":["Flying Knee","Prepared","Slice"],"picked":"SKIP","floor":28.0},{"not_picked":["Poisoned Stab","Masterful Stab","Predator+1"],"picked":"SKIP","floor":29.0},{"not_picked":["Heel Hook","Unload","Expertise"],"picked":"SKIP","floor":30.0},{"not_picked":["Grand Finale","Unload"],"picked":"Tools of the Trade","floor":33.0},{"not_picked":["Blade Dance","Dodge and Roll"],"picked":"Cloak And Dagger+1","floor":35.0},{"not_picked":["Setup","Deadly Poison","Quick Slash"],"picked":"SKIP","floor":38.0},{"not_picked":["Dagger Throw","Infinite Blades","Backflip"],"picked":"SKIP","floor":40.0},{"not_picked":["Eviscerate+1","Sucker Punch","Dagger Throw+1"],"picked":"SKIP","floor":44.0},{"not_picked":["Dagger Spray","Quick Slash"],"picked":"Acrobatics","floor":45.0},{"not_picked":["Quick Slash","Prepared+1"],"picked":"Caltrops","floor":47.0},{"not_picked":["Quick Slash+1","Deadly Poison","Skewer"],"picked":"SKIP","floor":48.0}],"player_experience":1493612,"relics_obtained":[{"floor":7.0,"key":"Nunchaku"},{"floor":9.0,"key":"Meat on the Bone"},{"floor":11.0,"key":"Odd Mushroom"},{"floor":12.0,"key":"Du-Vu Doll"},{"floor":23.0,"key":"StrikeDummy"},{"floor":25.0,"key":"Calipers"},{"floor":26.0,"key":"Ornamental Fan"},{"floor":28.0,"key":"Centennial Puzzle"},{"floor":40.0,"key":"MawBank"},{"floor":45.0,"key":"Pen Nib"},{"floor":48.0,"key":"Regal Pillow"}],"event_choices":[{"damage_healed":0.0,"max_hp_gain":0.0,"max_hp_loss":0.0,"gold_gain":0.0,"event_name":"Mushrooms","player_choice":"Fought Mushrooms","floor":11.0,"gold_loss":0.0,"damage_taken":0.0},{"damage_healed":0.0,"max_hp_gain":0.0,"max_hp_loss":0.0,"gold_gain":150.0,"event_name":"Liars Game","player_choice":"AGREE","floor":14.0,"gold_loss":0.0,"damage_taken":0.0,"cards_obtained":["Doubt"]},{"damage_healed":0.0,"max_hp_gain":0.0,"max_hp_loss":0.0,"gold_gain":0.0,"event_name":"Knowing Skull","player_choice":"CARD ","floor":20.0,"potions_obtained":[],"gold_loss":0.0,"damage_taken":12.0,"cards_obtained":["Swift Strike"]},{"damage_healed":0.0,"max_hp_gain":0.0,"max_hp_loss":33.0,"gold_gain":0.0,"event_name":"Ghosts","player_choice":"Became a Ghost","floor":22.0,"gold_loss":0.0,"damage_taken":0.0,"cards_obtained":["Ghostly","Ghostly","Ghostly"]},{"damage_healed":0.0,"max_hp_gain":0.0,"max_hp_loss":0.0,"gold_gain":0.0,"event_name":"The Mausoleum","player_choice":"Opened","floor":31.0,"gold_loss":0.0,"damage_taken":0.0,"relics_obtained":["Toy Ornithopter"],"cards_obtained":["Writhe"]},{"damage_healed":7.0,"max_hp_gain":0.0,"max_hp_loss":0.0,"gold_gain":0.0,"event_name":"Winding Halls","player_choice":"Writhe","floor":36.0,"gold_loss":0.0,"damage_taken":0.0,"cards_obtained":["Writhe"]},{"damage_healed":0.0,"max_hp_gain":0.0,"max_hp_loss":0.0,"gold_gain":0.0,"event_name":"Lab","player_choice":"Got Potions","floor":37.0,"gold_loss":0.0,"damage_taken":0.0},{"damage_healed":0.0,"max_hp_gain":0.0,"max_hp_loss":0.0,"gold_gain":999.0,"event_name":"MindBloom","player_choice":"Gold","floor":39.0,"gold_loss":0.0,"damage_taken":0.0,"cards_obtained":["Normality","Normality"]}],"is_beta":false,"boss_relics":[{"not_picked":["Velvet Choker","HoveringKite"],"picked":"WristBlade"},{"not_picked":["Astrolabe","Runic Pyramid"],"picked":"Coffee Dripper"}],"items_purged_floors":[19,21,41,42],"is_endless":false,"potions_floor_spawned":[3,4,10,11,12,13,25,30,33,38,40],"killed_by":"Time Eater","ascension_level":20}}