{"host":"nx6k9gttpbkpebht","time":1614216298,"event":{"mods":["BaseMod","Colored Map","Colored Powertips","DeckTracker","Downfall","Googly Eyes","Minty Spire (QoL Compilation)","StSLib"],"gold_per_floor":[99,115,115,115,215,226,226,226,226,226,57,157,174,207,218,322,322,322,336,436,456,472,472,472,497,18,18,33,33,221,221,235,338,338,238,252,252,152,163,163,163,188,188,188,208,228,130,130,140,140],"floor_reached":51,"language":"ENG","playtime":3523,"items_purged":["J.A.X.","Slimebound:Tackle+1","Slimebound:Defend_Slimebound"],"score":693,"play_id":"284e6095-a3a5-485e-8876-d9354f627c1d","local_time":"20210225022458","is_ascension_mode":false,"campfire_choices":[{"data":"Slimebound:Split","floor":1,"key":"SMITH"},{"data":"Slimebound:RejuvenatingLick","floor":8,"key":"SMITH"},{"data":"Slimebound:LivingWall","floor":10,"key":"SMITH"},{"data":"Slimebound:PressTheAttack","floor":18,"key":"SMITH"},{"floor":23,"key":"REST"},{"floor":27,"key":"REST"},{"data":"Slimebound:LevelUp","floor":29,"key":"SMITH"},{"data":"Slimebound:MinionMaster","floor":35,"key":"SMITH"},{"floor":43,"key":"REST"}],"circlet_count":0,"master_deck":["Slimebound:Defend_Slimebound","Slimebound:Defend_Slimebound","Slimebound:Split+1","Slimebound:CorrosiveSpit+1","Slimebound:RejuvenatingLick+1","Slimebound:LivingWall+1","Slimebound:LevelUp+1","Slimebound:SamplingLick","Slimebound:PressTheAttack+1","Slimebound:HauntingLick+1","Slimebound:SplitBruiser+1","Slimebound:MegaLick","Slimebound:GrowthPunch","Slimebound:LeechEnergy","Slimebound:SplitLeeching+1","Slimebound:LeechingTouch+1","Slimebound:SplitBruiser+1","Slimebound:Repurpose","CurseOfTheBell","Slimebound:Schlurp","Slimebound:TongueLash","Slimebound:Darklings","Slimebound:RejuvenatingLick","Slimebound:HauntingLick","Slimebound:Schlurp","Slimebound:PressTheAttack","Slimebound:LeechEnergy+1"],"relics":["Slimebound:AbsorbEndCombat","Juzu Bracelet","Orichalcum","Du-Vu Doll","Empty Cage","MutagenicStrength","White Beast Statue","Bag of Preparation","Oddly Smooth Stone","Bird Faced Urn","downfall:RedIOU","Calling Bell","Regal Pillow","Matryoshka","Gambling Chip","downfall:HeartBlessingGreen","Smiling Mask","Nunchaku","Slimebound:AggressiveSlimeRelic","Gremlin Horn"],"acts_visited":["Exordium","TheCity","TheBeyond"],"potions_floor_usage":[6,16,19,25,25,26,30,30,33,33,39,42,50,50,50],"damage_taken":[{"damage":8,"enemies":"2 Louse","floor":2,"turns":3},{"damage":5,"enemies":"Small Slimes","floor":6,"turns":3},{"damage":0,"enemies":"downfall:FleeingMerchant","floor":11,"turns":4},{"damage":4,"enemies":"Cultist","floor":13,"turns":3},{"damage":6,"enemies":"Lagavulin","floor":14,"turns":5},{"damage":2,"enemies":"Red Slaver","floor":15,"turns":3},{"damage":1,"enemies":"SI_SHIV_ARCHETYPE","floor":16,"turns":5},{"damage":0,"enemies":"Chosen","floor":19,"turns":4},{"damage":24,"enemies":"downfall:Augmenter","floor":20,"turns":6},{"damage":17,"enemies":"Shell Parasite","floor":21,"turns":4},{"damage":21,"enemies":"Chosen and Byrds","floor":22,"turns":5},{"damage":29,"enemies":"Gremlin Leader","floor":25,"turns":7},{"damage":6,"enemies":"downfall:FleeingMerchant","floor":26,"turns":4},{"damage":0,"enemies":"Snake Plant","floor":28,"turns":2},{"damage":0,"enemies":"downfall:FleeingMerchant","floor":30,"turns":3},{"damage":1,"enemies":"Cultist and Chosen","floor":32,"turns":4},{"damage":55,"enemies":"IC_MUSHROOM_ARCHETYPE","floor":33,"turns":10},{"damage":6,"enemies":"3 Shapes","floor":36,"turns":3},{"damage":39,"enemies":"3 Darklings","floor":39,"turns":5},{"damage":26,"enemies":"Reptomancer","floor":42,"turns":5},{"damage":2,"enemies":"Spire Growth","floor":45,"turns":4},{"damage":0,"enemies":"Transient","floor":46,"turns":5},{"damage":7,"enemies":"Sphere and 2 Shapes","floor":49,"turns":4},{"damage":40,"enemies":"DF_ARCHETYPE_ORBS","floor":50,"turns":6}],"seed_played":"6222675567862942792","potions_obtained":[{"floor":2,"key":"Fire Potion"},{"floor":13,"key":"GamblersBrew"},{"floor":14,"key":"hexamod:SoulburnPotion"},{"floor":20,"key":"BlessingOfTheForge"},{"floor":22,"key":"Strength Potion"},{"floor":25,"key":"Guardian:BlockOnCardUsePotion"},{"floor":26,"key":"Block Potion"},{"floor":28,"key":"ColorlessPotion"},{"floor":30,"key":"Explosive Potion"},{"floor":32,"key":"SteroidPotion"},{"floor":33,"key":"BlessingOfTheForge"},{"floor":36,"key":"ColorlessPotion"},{"floor":39,"key":"Strength Potion"},{"floor":42,"key":"bronze:BurnAndBuffPotion"},{"floor":45,"key":"DistilledChaos"},{"floor":49,"key":"SpeedPotion"}],"is_trial":false,"path_per_floor":["R","M","?","?","?","M","T","R","?","R","$","?","M","E","M","B",null,"R","M","?","M","M","R","T","E","$","R","M","R","$","?","M","B",null,"R","M","?","$","M","?","T","E","R","?","M","M","$","?","M","B",null],"character_chosen":"SLIMEBOUND","items_purchased":["Bronze Scales","Oddly Smooth Stone","Bird Faced Urn","Slimebound:Repurpose","Slimebound:PressTheAttack"],"campfire_rested":3,"item_purchase_floors":[11,26,26,30,47],"current_hp_per_floor":[71,67,55,55,55,54,54,54,54,54,58,58,58,58,60,67,71,71,71,54,43,28,49,49,28,30,51,61,61,69,69,71,24,71,71,71,71,71,42,42,42,26,62,62,68,71,71,71,68,35],"gold":140,"neow_bonus":"TEN_PERCENT_HP_BONUS","is_daily":false,"chose_seed":false,"campfire_upgraded":6,"win_rate":0.0,"timestamp":1614216298,"path_taken":["R","M","?","?","?","M","T","R","?","R","?","?","M","E","M","BOSS","R","M","?","M","M","R","T","E","$","R","M","R","$","?","M","BOSS","R","M","?","$","M","?","T","E","R","?","M","M","?","?","M","BOSS"],"items_purchased_type":["Relic","Relic","Relic","Card","Card"],"build_version":"2020-12-22","purchased_purges":3,"victory":true,"max_hp_per_floor":[71,71,71,71,71,71,71,71,71,71,71,71,71,71,71,71,71,71,71,71,71,71,71,71,71,71,71,71,71,71,71,71,71,71,71,71,71,71,71,71,71,71,71,71,71,71,71,71,71,71],"card_choices":[{"not_picked":["Slimebound:SlimeTap","Slimebound:GoopTackle"],"picked":"Slimebound:RejuvenatingLick","floor":2},{"not_picked":["Slimebound:SplitAcid","Slimebound:SplitBruiser"],"picked":"Slimebound:LivingWall","floor":6},{"not_picked":["Slimebound:LeadByExample","Slimebound:GoopTackle"],"picked":"Slimebound:LevelUp","floor":11},{"not_picked":["Slimebound:SlimeBrawl","Slimebound:PressTheAttack"],"picked":"Slimebound:SamplingLick","floor":13},{"not_picked":["Slimebound:Replication","Slimebound:PrepareCrush","Slimebound:DisruptingSlam"],"picked":"SKIP","floor":14},{"not_picked":["Slimebound:BestDefense","Slimebound:RollThrough"],"picked":"Slimebound:PressTheAttack","floor":15},{"not_picked":["Slimebound:SlimeBarrage","Slimebound:ComboTackle"],"picked":"Slimebound:HauntingLick+1","floor":19},{"not_picked":[],"picked":"J.A.X.","floor":20},{"not_picked":["Slimebound:SlimeSlap","Slimebound:ItLooksTasty"],"picked":"Slimebound:SplitBruiser+1","floor":20},{"not_picked":["Slimebound:Chomp","Slimebound:RejuvenatingLick+1"],"picked":"Slimebound:LeechEnergy","floor":21},{"not_picked":["Slimebound:RollThrough+1","Slimebound:ViciousTackle","Slimebound:Nibble+1"],"picked":"SKIP","floor":22},{"not_picked":["Slimebound:FlameTackle","Slimebound:ItLooksTasty"],"picked":"Slimebound:SplitLeeching+1","floor":25},{"not_picked":["Slimebound:MegaLick","Slimebound:HauntingLick+1"],"picked":"Slimebound:LeechingTouch+1","floor":26},{"not_picked":["Slimebound:SplitAcid+1","Slimebound:RollThrough"],"picked":"Slimebound:SplitBruiser+1","floor":28},{"not_picked":["Slimebound:BestDefense","Slimebound:SplitAcid"],"picked":"Slimebound:AcidTongue","floor":30},{"not_picked":["Slimebound:SlimeSpikes","Slimebound:DouseInSlime","Slimebound:GoopSpray"],"picked":"SKIP","floor":32},{"not_picked":["Slimebound:SlimeSlap","Slimebound:MassFeed"],"picked":"Slimebound:MinionMaster","floor":33},{"not_picked":["Slimebound:RainOfGoop+1","Slimebound:LeechingTouch"],"picked":"Slimebound:Schlurp","floor":36},{"not_picked":["Slimebound:HauntingLick","Slimebound:RollThrough"],"picked":"Slimebound:TongueLash","floor":39},{"not_picked":["Slimebound:SplitMire","Slimebound:LeadByExample+1"],"picked":"Slimebound:RejuvenatingLick","floor":42},{"not_picked":["Slimebound:SplitLeeching","Slimebound:SlimeSpikes+1"],"picked":"Slimebound:HauntingLick","floor":45},{"not_picked":["Slimebound:SlimeSpikes","Slimebound:RallyTheTroops"],"picked":"Slimebound:Schlurp","floor":46},{"not_picked":["Slimebound:SplitLeeching","Slimebound:LevelUp"],"picked":"Slimebound:LeechEnergy+1","floor":49}],"player_experience":67519,"relics_obtained":[{"floor":7,"key":"Orichalcum"},{"floor":14,"key":"Du-Vu Doll"},{"floor":20,"key":"MutagenicStrength"},{"floor":24,"key":"White Beast Statue"},{"floor":25,"key":"Bag of Preparation"},{"floor":34,"key":"Regal Pillow"},{"floor":34,"key":"Matryoshka"},{"floor":34,"key":"Gambling Chip"},{"floor":41,"key":"Smiling Mask"},{"floor":42,"key":"Nunchaku"},{"floor":48,"key":"Slimebound:AggressiveSlimeRelic"},{"floor":48,"key":"Gremlin Horn"}],"event_choices":[{"damage_healed":0,"gold_gain":0,"player_choice":"Success","damage_taken":12,"relics_obtained":["Juzu Bracelet"],"max_hp_gain":0,"max_hp_loss":0,"event_name":"Scrap Ooze","floor":3,"gold_loss":0},{"damage_healed":0,"gold_gain":100,"player_choice":"Gold","damage_taken":0,"max_hp_gain":0,"max_hp_loss":0,"event_name":"Wheel of Change","floor":5,"gold_loss":0},{"cards_removed":["Slimebound:AcidTongue"],"damage_healed":0,"gold_gain":0,"player_choice":"Removed Power","damage_taken":0,"max_hp_gain":0,"max_hp_loss":0,"event_name":"Falling","floor":44,"gold_loss":0}],"is_beta":false,"boss_relics":[{"not_picked":["Runic Dome","Fusion Hammer"],"picked":"Empty Cage"},{"not_picked":["Coffee Dripper","Slimebound:TarBlob"],"picked":"Calling Bell"}],"items_purged_floors":[30,38,47],"is_endless":false,"potions_floor_spawned":[2,13,14,20,22,25,26,28,30,32,33,36,39,42,45,46,49],"ascension_level":0}}