{"host":"njcl8kinlkfw245p","time":1614242505,"event":{"mods":["BaseMod","Block Reminder","Colored Map","Googly Eyes","KinomotoSakuraMod(????)","Minty Spire (QoL Compilation)","StSLib","The Senshi","Unceasing Turn Reminder","everything is the same but u backflip on backflip"],"gold_per_floor":[110,123,48,48,58,93,93,113,113,125,151,221,233,245,257,343,355,385,414,82,82,82,82,102,116,116,116,116,166,177,205,205,283,283,294,294,310,322,322,351,351,382,382,382,382,382,401,436,436,436,436,436,8,34,34],"floor_reached":56,"language":"ENG","playtime":3700,"items_purged":["theSenshi:SailorBlock"],"score":2156,"play_id":"d78b5fcf-3e5b-4ea9-a33c-74dc1714654f","local_time":"20210225004145","is_ascension_mode":true,"campfire_choices":[{"data":"theSenshi:MoonPrincessHalation","floor":7.0,"key":"SMITH"},{"data":"theSenshi:MoonTiaraMagic","floor":10.0,"key":"SMITH"},{"floor":13.0,"key":"REST"},{"data":"theSenshi:MoonPrismPowerMakeUp","floor":15.0,"key":"SMITH"},{"data":"theSenshi:SilverMoonCrystalPowerKiss","floor":23.0,"key":"SMITH"},{"data":"theSenshi:MoonHealingEscalation","floor":28.0,"key":"SMITH"},{"data":"theSenshi:MoonCrisisMakeUp","floor":32.0,"key":"SMITH"},{"data":"theSenshi:MoonGorgeousMeditation","floor":41,"key":"SMITH"},{"data":"theSenshi:MoonGorgeousMeditation","floor":45,"key":"SMITH"},{"floor":49,"key":"RECALL"},{"data":"theSenshi:SilverMoonCrystalPowerKiss","floor":52,"key":"SMITH"}],"circlet_count":0,"master_deck":["AscendersBane","theSenshi:SailorKick","theSenshi:SailorKick","theSenshi:SailorBlock","theSenshi:SailorBlock","theSenshi:SailorBlock","theSenshi:RoseThrow","theSenshi:MoonPrismPowerMakeUp+1","theSenshi:MoonPrincessHalation+1","theSenshi:MoonTiaraMagic+1","theSenshi:MoonKick","theSenshi:SilverMoonCrystalPowerKiss+1","theSenshi:SailorChibiMoonAssists","theSenshi:MoonPrincessHalation+1","theSenshi:SailorVenusAssists","Ghostly","Ghostly","Ghostly","theSenshi:MoonHealingEscalation+1","theSenshi:MarsPride+1","theSenshi:MoonCrisisMakeUp+1","theSenshi:MoonHealingEscalation","theSenshi:MoonGorgeousMeditation+1","theSenshi:MoonGorgeousMeditation+1","theSenshi:SilverMoonCrystalPowerKiss+1","theSenshi:MoonCrisisMakeUp","theSenshi:MoonGorgeousMeditation","theSenshi:MoonHealingEscalation","theSenshi:SailorVenusAssists"],"relics":["Runic Dome","theSenshi:RoseRelic","MawBank","Gremlin Horn","Velvet Choker","Eternal Feather","Ginger","Dream Catcher","theSenshi:EternalSailorFukuRelic","Pen Nib","Ice Cream","StrikeDummy","Bottled Tornado","theSenshi:CrescentMoonWandRelic"],"acts_visited":["Exordium","TheCity","TheBeyond","TheEnding"],"potions_floor_usage":[33,40,40,54,55],"damage_taken":[{"damage":9.0,"enemies":"2 Louse","floor":1.0,"turns":3.0},{"damage":0.0,"enemies":"Jaw Worm","floor":2.0,"turns":4.0},{"damage":6.0,"enemies":"Small Slimes","floor":5.0,"turns":3.0},{"damage":12.0,"enemies":"Lagavulin","floor":6.0,"turns":6.0},{"damage":5.0,"enemies":"Exordium Wildlife","floor":8.0,"turns":4.0},{"damage":0.0,"enemies":"Exordium Thugs","floor":11.0,"turns":4.0},{"damage":26.0,"enemies":"3 Sentries","floor":12.0,"turns":8.0},{"damage":31.0,"enemies":"Slime Boss","floor":16.0,"turns":9.0},{"damage":19.0,"enemies":"Spheric Guardian","floor":18.0,"turns":4.0},{"damage":18.0,"enemies":"Chosen","floor":19.0,"turns":4.0},{"damage":36.0,"enemies":"Sentry and Sphere","floor":24.0,"turns":6.0},{"damage":6.0,"enemies":"Snake Plant","floor":25.0,"turns":4.0},{"damage":11.0,"enemies":"Centurion and Healer","floor":30.0,"turns":4.0},{"damage":0.0,"enemies":"Gremlin Leader","floor":31.0,"turns":4.0},{"damage":28,"enemies":"Collector","floor":33,"turns":7},{"damage":28,"enemies":"3 Darklings","floor":35,"turns":7},{"damage":0,"enemies":"3 Shapes","floor":37,"turns":3},{"damage":27,"enemies":"Maw","floor":38,"turns":8},{"damage":0,"enemies":"Reptomancer","floor":40,"turns":5},{"damage":12,"enemies":"Nemesis","floor":42,"turns":13},{"damage":22,"enemies":"4 Shapes","floor":47,"turns":5},{"damage":4,"enemies":"Reptomancer","floor":48,"turns":4},{"damage":3,"enemies":"Awakened One","floor":50,"turns":8},{"damage":31,"enemies":"Shield and Spear","floor":54,"turns":6},{"damage":61,"enemies":"The Heart","floor":55,"turns":8}],"seed_played":"-3208900117593508347","potions_obtained":[{"floor":1.0,"key":"Ancient Potion"},{"floor":5.0,"key":"PowerPotion"},{"floor":16.0,"key":"CultistPotion"},{"floor":18.0,"key":"Regen Potion"},{"floor":19.0,"key":"Regen Potion"},{"floor":25.0,"key":"ColorlessPotion"},{"floor":35,"key":"EntropicBrew"},{"floor":47,"key":"Regen Potion"},{"floor":48,"key":"FairyPotion"},{"floor":54,"key":"Swift Potion"}],"is_trial":false,"path_per_floor":["M","M","?","?","M","E","R","M","T","R","M","?","R","?","R","B",null,"M","M","$","?","$","R","M","M","T","?","R","?","M","E","R","B",null,"M","?","M","M","?","E","R","E","T","?","R","?","M","E","R","B",null,"R","$","E","B",null],"character_chosen":"THE_SENSHI","items_purchased":["Eternal Feather","theSenshi:SailorVenusAssists","Bottled Tornado","theSenshi:MoonHealingEscalation"],"campfire_rested":1,"item_purchase_floors":[20,20,53,53],"current_hp_per_floor":[59,59,59,64,58,46,46,41,41,41,41,15,39,39,39,8,62,43,37,37,37,37,40,4,15,15,15,27,27,16,26,40,27,37,32,32,32,28,28,40,40,40,40,40,40,40,28,24,39,40,40,40,40,38,12],"gold":34,"neow_bonus":"BOSS_RELIC","is_daily":false,"chose_seed":false,"campfire_upgraded":9,"win_rate":0.0,"timestamp":1614242505,"path_taken":["M","M","?","?","M","E","R","M","T","R","M","?","R","?","R","BOSS","M","M","$","?","$","R","M","M","T","?","R","?","?","E","R","BOSS","M","?","?","M","?","E","R","E","T","?","R","?","M","E","R","BOSS","R","$","E","BOSS"],"items_purchased_type":["Relic","Card","Relic","Card"],"build_version":"2020-12-22","purchased_purges":1,"victory":true,"max_hp_per_floor":[75,75,75,80,80,80,80,80,80,80,80,80,80,80,80,80,80,80,80,80,40,40,40,40,40,40,40,40,40,40,40,40,40,40,40,40,40,40,40,40,40,40,40,40,40,40,40,40,40,40,40,40,40,40,40],"card_choices":[{"not_picked":["theSenshi:MoonPower","theSenshi:SailorPlanetAttack"],"picked":"theSenshi:MoonPrincessHalation","floor":1.0},{"not_picked":["theSenshi:SailorVenusAssists","theSenshi:EncouragingSpeech"],"picked":"theSenshi:MoonTiaraMagic","floor":2.0},{"not_picked":["theSenshi:MoonPrincessHalation","theSenshi:MoonTiaraMagic","theSenshi:TuxedoSmokingBomber"],"picked":"SKIP","floor":5.0},{"not_picked":["theSenshi:MoonPrincessHalation","theSenshi:LunaSensingAllies","theSenshi:Sidestep"],"picked":"SKIP","floor":6.0},{"not_picked":["theSenshi:LunasBite","theSenshi:TuxedoSmokingBomber","theSenshi:MoonSpiralHeartAttack"],"picked":"SKIP","floor":8.0},{"not_picked":["theSenshi:SailorVenusAssists","theSenshi:SchoolBag"],"picked":"theSenshi:MoonKick","floor":11.0},{"not_picked":["theSenshi:DramaticEntrance","theSenshi:MoonPunch"],"picked":"theSenshi:SailorMercuryAssists","floor":12.0},{"not_picked":["theSenshi:SailorCosmosAssists","theSenshi:WarriorOfTheMoon"],"picked":"theSenshi:SilverMoonCrystalPowerKiss","floor":16.0},{"not_picked":["theSenshi:MoonKick","theSenshi:YouCanTalk"],"picked":"theSenshi:SailorChibiMoonAssists","floor":18.0},{"not_picked":["theSenshi:PlutosSolemnity","theSenshi:MoonsReflection"],"picked":"theSenshi:MoonPrincessHalation","floor":19.0},{"not_picked":["theSenshi:SupersonicWaves","theSenshi:SailorStarMakerAssists"],"picked":"theSenshi:MoonHealingEscalation","floor":24.0},{"not_picked":["theSenshi:SailorNeptuneAssists","theSenshi:VenusGlamour"],"picked":"theSenshi:MarsPride+1","floor":25.0},{"not_picked":["theSenshi:OdangoHead","theSenshi:MoonTiaraMagic","theSenshi:MoonKick"],"picked":"SKIP","floor":30.0},{"not_picked":["theSenshi:OdangoHead","theSenshi:VenusGlamour"],"picked":"theSenshi:MoonHealingEscalation","floor":31.0},{"not_picked":["theSenshi:ChibiMoonsLove","theSenshi:SilverMoonCrystalPowerKiss"],"picked":"theSenshi:MoonGorgeousMeditation","floor":33},{"not_picked":["theSenshi:GatheringStrength","theSenshi:MoonTiaraMagic","theSenshi:SailorMarsAssists"],"picked":"SKIP","floor":35},{"not_picked":["theSenshi:MoonPower+1","theSenshi:LateForSchool","theSenshi:SailorMarsAssists"],"picked":"SKIP","floor":37},{"not_picked":["theSenshi:TuxedoSmokingBomber+1","theSenshi:RainbowMoonHeartAche+1","theSenshi:Sidestep"],"picked":"SKIP","floor":38},{"not_picked":["theSenshi:SailorStarFighterAssists","theSenshi:LateForSchool+1","theSenshi:HesSoDreamy"],"picked":"SKIP","floor":40},{"not_picked":["theSenshi:MarsPride+1","theSenshi:MoonlightKnight"],"picked":"theSenshi:SilverMoonCrystalPowerKiss","floor":42},{"not_picked":["theSenshi:SailorMarsAssists","theSenshi:MoonPunch+1"],"picked":"theSenshi:MoonCrisisMakeUp","floor":47},{"not_picked":["theSenshi:SupersonicWaves+1","theSenshi:MoonKick"],"picked":"theSenshi:MoonGorgeousMeditation","floor":48},{"not_picked":["theSenshi:SailorMarsAssists","theSenshi:MoonsReflection"],"picked":"theSenshi:SailorVenusAssists","floor":54}],"player_experience":973079,"relics_obtained":[{"floor":6.0,"key":"theSenshi:RoseRelic"},{"floor":9.0,"key":"MawBank"},{"floor":12.0,"key":"Gremlin Horn"},{"floor":26.0,"key":"Ginger"},{"floor":31.0,"key":"Dream Catcher"},{"floor":40,"key":"Pen Nib"},{"floor":42,"key":"Ice Cream"},{"floor":48,"key":"StrikeDummy"},{"floor":54,"key":"theSenshi:CrescentMoonWandRelic"}],"event_choices":[{"cards_removed":["theSenshi:SailorKick"],"damage_healed":0.0,"max_hp_gain":0.0,"max_hp_loss":0.0,"gold_gain":0.0,"event_name":"The Cleric","player_choice":"Card Removal","floor":3.0,"gold_loss":75.0,"damage_taken":0.0},{"damage_healed":0.0,"max_hp_gain":5.0,"max_hp_loss":0.0,"gold_gain":0.0,"event_name":"Big Fish","player_choice":"Donut","floor":4.0,"gold_loss":0.0,"damage_taken":0.0},{"damage_healed":0.0,"max_hp_gain":0.0,"max_hp_loss":0.0,"gold_gain":0.0,"event_name":"Dead Adventurer","player_choice":"Searched \u00272\u0027 times","floor":12.0,"gold_loss":0.0,"damage_taken":0.0},{"damage_healed":0.0,"max_hp_gain":0.0,"max_hp_loss":0.0,"gold_gain":0.0,"event_name":"Liars Game","player_choice":"Ignored","floor":14.0,"gold_loss":0.0,"damage_taken":0.0},{"damage_healed":0.0,"max_hp_gain":0.0,"max_hp_loss":40.0,"gold_gain":0.0,"event_name":"Ghosts","player_choice":"Became a Ghost","floor":21.0,"gold_loss":0.0,"damage_taken":0.0,"cards_obtained":["Ghostly","Ghostly","Ghostly"]},{"damage_healed":0.0,"max_hp_gain":0.0,"max_hp_loss":0.0,"gold_gain":0.0,"event_name":"The Library","player_choice":"Read","floor":27.0,"gold_loss":0.0,"damage_taken":0.0,"cards_obtained":["theSenshi:MoonCrisisMakeUp"]},{"damage_healed":0.0,"max_hp_gain":0.0,"max_hp_loss":0.0,"gold_gain":50.0,"event_name":"Nest","player_choice":"Stole From Cult","floor":29.0,"gold_loss":0.0,"damage_taken":0.0},{"damage_healed":0,"gold_gain":0,"cards_transformed":["theSenshi:SailorKick"],"player_choice":"Transformed","damage_taken":0,"max_hp_gain":0,"max_hp_loss":0,"event_name":"Transmorgrifier","floor":36,"gold_loss":0,"cards_obtained":["theSenshi:MoonGorgeousMeditation"]},{"cards_removed":["theSenshi:SailorMercuryAssists"],"damage_healed":0,"gold_gain":0,"player_choice":"Removed Skill","damage_taken":0,"max_hp_gain":0,"max_hp_loss":0,"event_name":"Falling","floor":39,"gold_loss":0},{"damage_healed":0,"gold_gain":0,"player_choice":"Ignored","damage_taken":0,"max_hp_gain":0,"max_hp_loss":0,"event_name":"Tomb of Lord Red Mask","floor":44,"gold_loss":0},{"damage_healed":0,"gold_gain":0,"player_choice":"Forge","damage_taken":0,"max_hp_gain":0,"max_hp_loss":0,"event_name":"Accursed Blacksmith","floor":46,"gold_loss":0,"cards_upgraded":["theSenshi:MoonPrincessHalation"]}],"is_beta":false,"boss_relics":[{"not_picked":["Coffee Dripper","Calling Bell"],"picked":"Velvet Choker"},{"not_picked":["theSenshi:MoonKaleidoScopeRelic","SacredBark"],"picked":"theSenshi:EternalSailorFukuRelic"}],"items_purged_floors":[53],"is_endless":false,"potions_floor_spawned":[1,5,16,18,19,25,35,47,48,54],"ascension_level":18}}