{"host":"9tei3k72ipos80hh","time":1614290886,"event":{"mods":["BaseMod","Colored Map","Conspire","Googly Eyes","Halation","Hubris","Minty Spire (QoL Compilation)","Relic Sorter","Replay The Spire","Shop Mod","StSLib"],"gold_per_floor":[114,132,82,102,115,149,163,163,163,163,177,204,233,213,213,320,370,388,239,277,277,376,376,405,411,411],"floor_reached":25,"language":"ENG","playtime":1690,"items_purged":[],"score":245,"play_id":"5b7609de-5b04-461d-947a-31e13321c7e6","local_time":"20210225170806","is_ascension_mode":true,"campfire_choices":[{"data":"Barrage","floor":8,"key":"SMITH"},{"floor":10,"key":"REST"},{"data":"Zap","floor":15,"key":"SMITH"},{"floor":23,"key":"REST"}],"circlet_count":0,"master_deck":["Strike_B","Strike_B","Defend_B","Defend_B","Defend_B","Zap+1","Dualcast","Leap+1","Barrage+1","Conserve Battery","Seek","ReplayTheSpireMod:System Scan","Melter","Consume","Amplify","Self Repair","Conserve Battery+1","Pot Of Greed","Pot Of Greed","Sweeping Beam+1","Tempest","Defragment"],"relics":["Cracked Core","halation:VictoryRuler","Pet Ghost","Gremlin Horn","Replay:Bandana","Tiny House","Grinning Jar"],"acts_visited":["Exordium","TheCity"],"potions_floor_usage":[12,16,16,16,20,20,20,25],"damage_taken":[{"damage":2,"enemies":"Jaw Worm","floor":1,"turns":4},{"damage":0,"enemies":"2 Louse","floor":2,"turns":2},{"damage":7,"enemies":"Small Slimes","floor":4,"turns":3},{"damage":10,"enemies":"3 Louse","floor":5,"turns":4},{"damage":17,"enemies":"Lagavulin","floor":6,"turns":8},{"damage":0,"enemies":"2 Fungi Beasts","floor":7,"turns":4},{"damage":4,"enemies":"Red Slaver","floor":11,"turns":4},{"damage":5,"enemies":"3 Sentries","floor":12,"turns":9},{"damage":1,"enemies":"Exordium Thugs","floor":13,"turns":3},{"damage":58,"enemies":"Fading Forest","floor":16,"turns":11},{"damage":20,"enemies":"Shell Parasite","floor":18,"turns":7},{"damage":41,"enemies":"conspire:MimicChest","floor":20,"turns":7},{"damage":21,"enemies":"3 Byrds","floor":24,"turns":4},{"damage":63,"enemies":"Gremlin Leader","floor":25,"turns":10}],"seed_played":"852700520791120061","potions_obtained":[{"floor":5,"key":"Elixir"},{"floor":7,"key":"BlessingOfTheForge"},{"floor":13,"key":"Explosive Potion"},{"floor":14,"key":"LifebloodPotion"},{"floor":16,"key":"Swift Potion"},{"floor":17,"key":"AttackPotion"},{"floor":18,"key":"Adrenaline Potion"},{"floor":20,"key":"Languid Potion"}],"is_trial":false,"path_per_floor":["M","M","?","M","M","E","M","R","T","R","M","E","M","?","R","B",null,"M","$","?","?","?","R","M","E"],"character_chosen":"DEFECT","items_purchased":["Grinning Jar"],"campfire_rested":2,"item_purchase_floors":[19],"current_hp_per_floor":[80,80,80,73,63,46,46,46,46,70,66,61,60,60,60,22,87,74,74,47,47,47,73,59,0,0],"gold":411,"neow_bonus":"TEN_PERCENT_HP_BONUS","is_daily":false,"chose_seed":false,"campfire_upgraded":2,"win_rate":0.0,"timestamp":1614290886,"path_taken":["M","M","?","M","M","E","M","R","T","R","M","E","M","?","R","BOSS","M","$","?","?","?","R","M","E"],"items_purchased_type":["Relic"],"build_version":"2020-12-22","purchased_purges":0,"victory":false,"max_hp_per_floor":[82,82,82,82,82,82,82,82,82,82,82,82,82,82,82,82,87,87,87,87,87,87,87,87,87,87],"card_choices":[{"not_picked":["Go for the Eyes","Cold Snap"],"picked":"Leap","floor":1},{"not_picked":["Go for the Eyes","All For One"],"picked":"Barrage","floor":2},{"not_picked":["Go for the Eyes","Panic Button","Hologram"],"picked":"SKIP","floor":4},{"not_picked":["Stack","Beam Cell"],"picked":"Conserve Battery","floor":5},{"not_picked":["Tempest","Panic Button","Streamline"],"picked":"SKIP","floor":6},{"not_picked":["Stack","Beam Cell"],"picked":"Seek","floor":7},{"not_picked":["Barrage","Rebound"],"picked":"ReplayTheSpireMod:System Scan","floor":11},{"not_picked":["ReplayTheSpireMod:Dual Polarity","hubris:PowerSurge"],"picked":"Melter","floor":12},{"not_picked":["Compile Driver","Beam Cell"],"picked":"Consume","floor":13},{"not_picked":["ReplayTheSpireMod:Omega Cannon","Buffer"],"picked":"Amplify","floor":16},{"not_picked":["conspire:Rain","Go for the Eyes"],"picked":"Self Repair","floor":17},{"not_picked":["Cold Snap+1","Auto Shields"],"picked":"Conserve Battery+1","floor":18},{"not_picked":["Stack","Leap+1"],"picked":"Sweeping Beam+1","floor":20},{"not_picked":["Skim","Go for the Eyes+1","Compile Driver"],"picked":"SKIP","floor":24}],"player_experience":442746,"relics_obtained":[{"floor":6,"key":"Pet Ghost"},{"floor":9,"key":"Gremlin Horn"},{"floor":12,"key":"Replay:Bandana"},{"floor":20,"key":"halation:VictoryRuler"}],"event_choices":[{"cards_removed":["Strike_B"],"damage_healed":0,"gold_gain":0,"player_choice":"Card Removal","damage_taken":0,"max_hp_gain":0,"max_hp_loss":0,"event_name":"The Cleric","floor":3,"gold_loss":50},{"damage_healed":0,"gold_gain":0,"player_choice":"Bought 1 Potion","damage_taken":0,"max_hp_gain":0,"max_hp_loss":0,"event_name":"The Woman in Blue","floor":14,"gold_loss":0},{"damage_healed":0,"gold_gain":0,"cards_transformed":["Defend_B","Strike_B"],"player_choice":"Became Test Subject","damage_taken":0,"max_hp_gain":0,"max_hp_loss":0,"event_name":"Drug Dealer","floor":21,"gold_loss":0,"cards_obtained":["Tempest","Defragment"]},{"damage_healed":0,"gold_gain":99,"player_choice":"Stole From Cult","damage_taken":0,"max_hp_gain":0,"max_hp_loss":0,"event_name":"Nest","floor":22,"gold_loss":0}],"is_beta":false,"boss_relics":[{"not_picked":["Pandora\u0027s Box","Runic Dome"],"picked":"Tiny House"}],"items_purged_floors":[],"is_endless":false,"potions_floor_spawned":[5,7,13,16,18,20],"killed_by":"Gremlin Leader","ascension_level":3}}