{"host":"sc0o2qwpf9j16a4i","time":1614260604,"event":{"mods":["AchievementEnabler","BaseMod","BetterRewards","Block Reminder","Colored Map","Colored Powertips","Custom Start","Highlight Path","Minty Spire (QoL Compilation)","Relic Stats"],"gold_per_floor":[109,127,137,17,36,36,67,242,296,314,374,34,66,85,85,182,182,192,192,119,36,60,60,60],"floor_reached":23,"language":"ENG","playtime":558,"items_purged":[],"score":199,"play_id":"54c70115-d385-4699-b078-aabe22382781","local_time":"20210225154324","daily_mods":["Heirloom","Red Cards","Binary"],"is_ascension_mode":false,"campfire_choices":[{"data":"Entrench","floor":15,"key":"SMITH"}],"circlet_count":0,"master_deck":["Strike_B","Strike_B","Strike_B","Strike_B","Defend_B","Defend_B","Defend_B","Defend_B","Zap","Dualcast","Blood for Blood","White Noise","Rip and Tear","Sunder","Wild Strike","Entrench+1","Doubt","FTL","Go for the Eyes","Hemokinesis","Leap","Demon Form","Creative AI","Defragment","Heatsinks","Conserve Battery"],"relics":["Cracked Core","Du-Vu Doll","Kunai","Smiling Mask","Blue Candle","Potion Belt","Busted Crown","Strawberry"],"acts_visited":["Exordium","TheCity"],"potions_floor_usage":[13,16,16,23,23],"damage_taken":[{"damage":0,"enemies":"Cultist","floor":1,"turns":4},{"damage":1,"enemies":"Jaw Worm","floor":2,"turns":3},{"damage":0,"enemies":"Small Slimes","floor":3,"turns":2},{"damage":1,"enemies":"2 Fungi Beasts","floor":5,"turns":2},{"damage":21,"enemies":"3 Sentries","floor":7,"turns":5},{"damage":13,"enemies":"Red Slaver","floor":10,"turns":2},{"damage":16,"enemies":"Lagavulin","floor":13,"turns":5},{"damage":4,"enemies":"3 Louse","floor":14,"turns":2},{"damage":25,"enemies":"Hexaghost","floor":16,"turns":9},{"damage":11,"enemies":"3 Byrds","floor":18,"turns":3},{"damage":71,"enemies":"Book of Stabbing","floor":23,"turns":7}],"seed_played":"6877932422820733322","potions_obtained":[{"floor":1,"key":"FearPotion"},{"floor":3,"key":"Regen Potion"},{"floor":13,"key":"DuplicationPotion"},{"floor":18,"key":"Regen Potion"}],"is_trial":true,"path_per_floor":["M","M","M","$","M","?","E","?","T","M","?","$","E","M","R","B",null,"M","?","$","$","T","E"],"character_chosen":"DEFECT","items_purchased":["Sunder","SpeedPotion","Blue Candle","Go for the Eyes","Hemokinesis","Defragment","Heatsinks","Conserve Battery"],"campfire_rested":0,"item_purchase_floors":[4,4,12,12,12,20,21,21],"current_hp_per_floor":[75,74,74,74,73,73,52,52,52,39,39,39,23,19,19,9,75,64,50,50,50,57,0,0],"gold":60,"neow_bonus":"","is_daily":false,"chose_seed":false,"campfire_upgraded":1,"win_rate":0.0,"timestamp":1614260604,"path_taken":["M","M","?","$","M","?","E","?","T","M","?","?","E","M","R","BOSS","M","?","?","$","?","E"],"items_purchased_type":["Card","Potion","Relic","Card","Card","Card","Card","Card"],"build_version":"2020-12-22","purchased_purges":0,"victory":false,"max_hp_per_floor":[75,75,75,75,75,75,75,75,75,75,75,75,75,75,75,75,75,75,80,80,80,87,87,87],"relic_stats":{"Busted Crown":2,"counters":[11,44],"Blue Candle":[4],"Kunai":[8],"Smiling Mask":0,"obtain_stats":[{"Du-Vu Doll":0,"Potion Belt":13,"Busted Crown":17,"Blue Candle":12,"Strawberry":22,"Kunai":7,"Cracked Core":0,"Smiling Mask":9},{"Du-Vu Doll":0,"Potion Belt":7,"Busted Crown":9,"Blue Candle":6,"Strawberry":10,"Kunai":5,"Cracked Core":0,"Smiling Mask":5},{"Du-Vu Doll":0,"Potion Belt":23,"Busted Crown":34,"Blue Candle":18,"Strawberry":37,"Kunai":16,"Cracked Core":0,"Smiling Mask":16}]},"card_choices":[{"not_picked":["Whirlwind"],"picked":"Blood for Blood","floor":1},{"not_picked":["Steam"],"picked":"White Noise","floor":2},{"not_picked":["Self Repair"],"picked":"Rip and Tear","floor":3},{"not_picked":["Intimidate"],"picked":"Wild Strike","floor":5},{"not_picked":["Body Slam"],"picked":"Entrench","floor":7},{"not_picked":["Barrage"],"picked":"FTL","floor":10},{"not_picked":["Sunder"],"picked":"Leap","floor":13},{"not_picked":["Flex"],"picked":"Demon Form","floor":14},{"not_picked":["Corruption"],"picked":"Creative AI","floor":16}],"player_experience":1548696,"relics_obtained":[{"floor":7,"key":"Kunai"},{"floor":9,"key":"Smiling Mask"},{"floor":13,"key":"Potion Belt"},{"floor":22,"key":"Strawberry"}],"event_choices":[{"damage_healed":0,"gold_gain":0,"player_choice":"Leave","damage_taken":0,"max_hp_gain":0,"max_hp_loss":0,"event_name":"The Cleric","floor":6,"gold_loss":0},{"damage_healed":0,"gold_gain":175,"player_choice":"AGREE","damage_taken":0,"max_hp_gain":0,"max_hp_loss":0,"event_name":"Liars Game","floor":8,"gold_loss":0,"cards_obtained":["Doubt"]},{"damage_healed":0,"gold_gain":60,"player_choice":"Gained Gold","damage_taken":0,"max_hp_gain":0,"max_hp_loss":0,"event_name":"Golden Wing","floor":11,"gold_loss":0},{"damage_healed":0,"gold_gain":0,"player_choice":"Shed Blood","damage_taken":19,"max_hp_gain":5,"max_hp_loss":0,"event_name":"Forgotten Altar","floor":19,"gold_loss":0}],"is_beta":false,"boss_relics":[{"not_picked":["Inserter","SlaversCollar"],"picked":"Busted Crown"}],"items_purged_floors":[],"is_endless":false,"potions_floor_spawned":[1,3,7,10,13,18],"killed_by":"Book of Stabbing","ascension_level":0}}