{"host":"c83fcgyuu74iknko","time":1614287462,"event":{"mods":["BaseMod","BetterRewards","Colored Map","Colored Powertips","Minty Spire (QoL Compilation)","Quick Restart","StSLib","The Animator","The Senshi"],"gold_per_floor":[115,115,290,290,16,42,42,42,42,5,31,50,68,84,84,186,186,201,73,84,4,18,18,18,18],"floor_reached":24,"language":"ENG","playtime":1142,"items_purged":["Defend_P","Strike_P"],"score":229,"play_id":"4c8d5397-d55e-4880-984a-c1a4b4501932","local_time":"20210225131102","is_ascension_mode":false,"campfire_choices":[{"data":"Protect","floor":8,"key":"SMITH"},{"data":"LikeWater","floor":15,"key":"SMITH"},{"data":"Alpha","floor":23,"key":"SMITH"}],"circlet_count":0,"master_deck":["Strike_P","Strike_P","Strike_P","Defend_P","Defend_P","Defend_P","Eruption","Vigilance","FollowUp","Protect+1","LikeWater+1","Conclude","ThirdEye","Halt","WreathOfFlame","ConjureBlade","Vengeance","Alpha+1","ClearTheMind"],"relics":["Coffee Dripper","Nunchaku","Omamori","Anchor","Regal Pillow","Calling Bell","Lantern","The Courier","theSenshi:SpiralHeartMoonRodRelic"],"acts_visited":["Exordium","TheCity"],"potions_floor_usage":[16,22],"damage_taken":[{"damage":0,"enemies":"2 Louse","floor":1,"turns":3},{"damage":31,"enemies":"Lagavulin","floor":6,"turns":7},{"damage":0,"enemies":"3 Sentries","floor":11,"turns":12},{"damage":0,"enemies":"Small Slimes","floor":12,"turns":3},{"damage":0,"enemies":"Jaw Worm","floor":13,"turns":2},{"damage":0,"enemies":"Red Slaver","floor":14,"turns":3},{"damage":17,"enemies":"Hexaghost","floor":16,"turns":13},{"damage":15,"enemies":"Shell Parasite","floor":18,"turns":7},{"damage":9,"enemies":"3 Byrds","floor":20,"turns":3},{"damage":55,"enemies":"Snake Plant","floor":22,"turns":5},{"damage":3,"enemies":"Centurion and Healer","floor":24,"turns":1}],"seed_played":"-8256241950749743162","potions_obtained":[{"floor":11,"key":"Energy Potion"},{"floor":14,"key":"Strength Potion"},{"floor":16,"key":"AttackPotion"},{"floor":20,"key":"EssenceOfSteel"}],"is_trial":false,"path_per_floor":["M","?","?","?","$","E","$","R","T","$","E","M","M","M","R","B",null,"M","$","M","$","M","R","M"],"character_chosen":"WATCHER","items_purchased":["Protect","Omamori","LikeWater","Alpha"],"campfire_rested":0,"item_purchase_floors":[5,5,10,19],"current_hp_per_floor":[72,65,65,58,58,27,27,27,27,27,27,27,27,27,27,10,72,59,59,56,56,3,3,0,0],"gold":18,"neow_bonus":"BOSS_RELIC","is_daily":false,"chose_seed":false,"campfire_upgraded":3,"win_rate":0.0,"timestamp":1614287462,"path_taken":["M","?","?","?","$","E","$","R","T","?","E","M","?","M","R","BOSS","M","$","M","$","M","R","M"],"items_purchased_type":["Card","Relic","Card","Card"],"build_version":"2020-12-22","purchased_purges":2,"victory":false,"max_hp_per_floor":[72,72,72,72,72,72,72,72,72,72,72,72,72,72,72,72,72,72,72,72,72,72,72,72,72],"card_choices":[{"not_picked":["FlyingSleeves","Nirvana"],"picked":"FollowUp","floor":1},{"not_picked":["FlyingSleeves","Collect","BowlingBash"],"picked":"SKIP","floor":6},{"not_picked":["FollowUp","Worship"],"picked":"Conclude","floor":11},{"not_picked":["CutThroughFate","FlyingSleeves"],"picked":"ThirdEye","floor":12},{"not_picked":["EmptyFist","Evaluate"],"picked":"Halt","floor":13},{"not_picked":["WheelKick","EmptyBody"],"picked":"WreathOfFlame","floor":14},{"not_picked":["Vault","Scrawl"],"picked":"ConjureBlade","floor":16},{"not_picked":["SashWhip","Halt"],"picked":"Vengeance","floor":18},{"not_picked":["BowlingBash","Meditate+1","SashWhip"],"picked":"SKIP","floor":20},{"not_picked":["Nirvana","Weave"],"picked":"ClearTheMind","floor":22}],"player_experience":274707,"relics_obtained":[{"floor":6,"key":"Anchor"},{"floor":11,"key":"Regal Pillow"},{"floor":17,"key":"Lantern"},{"floor":17,"key":"The Courier"},{"floor":17,"key":"theSenshi:SpiralHeartMoonRodRelic"}],"event_choices":[{"damage_healed":0,"gold_gain":0,"player_choice":"Success","damage_taken":7,"relics_obtained":["Nunchaku"],"max_hp_gain":0,"max_hp_loss":0,"event_name":"Scrap Ooze","floor":2,"gold_loss":0},{"damage_healed":0,"gold_gain":175,"player_choice":"AGREE","damage_taken":0,"max_hp_gain":0,"max_hp_loss":0,"event_name":"Liars Game","floor":3,"gold_loss":0,"cards_obtained":["Doubt"]},{"cards_removed":["Doubt"],"damage_healed":0,"gold_gain":0,"player_choice":"Card Removal","damage_taken":7,"max_hp_gain":0,"max_hp_loss":0,"event_name":"Golden Wing","floor":4,"gold_loss":0}],"is_beta":false,"boss_relics":[{"not_picked":["Ectoplasm","Velvet Choker"],"picked":"Calling Bell"}],"items_purged_floors":[5,21],"is_endless":false,"potions_floor_spawned":[11,14,16,20],"killed_by":"Centurion and Healer","ascension_level":0}}