{"host":"nz11ypxva4e39b7q","time":1614263256,"event":{"mods":["BaseMod","Better Third Choice","Better Vampires","Colored Map","Minty Spire (QoL Compilation)","Quick Restart","Shapeshifter Mod","StSLib"],"gold_per_floor":[112,37,47,47,47,47,82,82,82,82,110,110,139,139,139,215,215,233,133,133,151,167,167,197,197,197,197,197],"floor_reached":27,"language":"ENG","playtime":1036,"items_purged":["StSShapeShifter:Lynx_Form","StSShapeShifter:ShapeShifter_Strike"],"score":500,"play_id":"fb50cb9f-7151-4de8-8e54-422edd9fbad7","local_time":"20210225152736","is_ascension_mode":true,"campfire_choices":[{"data":"StSShapeShifter:BladeOfGrass","floor":6.0,"key":"SMITH"},{"data":"StSShapeShifter:VineHandcuffs","floor":8.0,"key":"SMITH"},{"floor":12.0,"key":"REST"},{"floor":15.0,"key":"REST"},{"data":"StSShapeShifter:Ensconce","floor":23,"key":"SMITH"},{"floor":25,"key":"REST"}],"circlet_count":0,"master_deck":["AscendersBane","StSShapeShifter:ShapeShifter_Strike","StSShapeShifter:ShapeShifter_Strike","StSShapeShifter:ShapeShifter_Strike+1","StSShapeShifter:ShapeShifter_Defend","StSShapeShifter:ShapeShifter_Defend","StSShapeShifter:ShapeShifter_Defend","StSShapeShifter:ShapeShifter_Defend","StSShapeShifter:ShapeShifter_Defend","StSShapeShifter:Tortoise_Form+1","StSShapeShifter:BladeOfGrass+1","StSShapeShifter:LeapingSlash+1","StSShapeShifter:VineHandcuffs+1","StSShapeShifter:LeapingSlash+1","StSShapeShifter:LionForm","CurseOfTheBell","StSShapeShifter:Ensconce+1","StSShapeShifter:BarkSkin","StSShapeShifter:MooseForm"],"relics":["StSShapeShifter:AnimalHeart","StSShapeShifter:TheShapeShiftersMagnolia","NeowsBlessing","Lantern","Molten Egg 2","Gremlin Horn","Lizard Tail","Calling Bell","Bag of Marbles","InkBottle","Mango","Smiling Mask"],"acts_visited":["Exordium","TheCity"],"potions_floor_usage":[22,27],"damage_taken":[{"damage":0.0,"enemies":"2 Louse","floor":1.0,"turns":2.0},{"damage":0.0,"enemies":"Small Slimes","floor":3.0,"turns":1.0},{"damage":0.0,"enemies":"Lagavulin","floor":7.0,"turns":1.0},{"damage":34.0,"enemies":"3 Sentries","floor":11.0,"turns":10.0},{"damage":39.0,"enemies":"Gremlin Nob","floor":13.0,"turns":5.0},{"damage":25.0,"enemies":"The Guardian","floor":16.0,"turns":15.0},{"damage":18.0,"enemies":"2 Thieves","floor":18.0,"turns":4.0},{"damage":28,"enemies":"Shell Parasite","floor":21,"turns":7},{"damage":32,"enemies":"Snake Plant","floor":22,"turns":5},{"damage":29,"enemies":"Gremlin Leader","floor":24,"turns":10},{"damage":49,"enemies":"Book of Stabbing","floor":27,"turns":6}],"seed_played":"-5132362208821832117","potions_obtained":[{"floor":7.0,"key":"SkillPotion"},{"floor":13.0,"key":"EssenceOfSteel"},{"floor":18.0,"key":"SteroidPotion"},{"floor":24,"key":"Strength Potion"}],"is_trial":false,"path_per_floor":["M","$","M","$","?","R","E","R","T","?","E","R","E","?","R","B",null,"M","$","?","M","M","R","E","R","T","E"],"character_chosen":"SHAPESHIFTER","items_purchased":[],"campfire_rested":3,"item_purchase_floors":[],"current_hp_per_floor":[66,66,66,66,66,66,66,66,66,44,32,53,14,7,28,3,70,52,52,52,24,36,36,7,33,33,0,0],"gold":197,"neow_bonus":"THREE_ENEMY_KILL","is_daily":false,"chose_seed":false,"campfire_upgraded":3,"win_rate":0.0,"timestamp":1614263256,"path_taken":["M","$","M","$","?","R","E","R","T","?","E","R","E","?","R","BOSS","M","$","?","M","M","R","E","R","T","E"],"items_purchased_type":[],"build_version":"2020-12-22","purchased_purges":2,"victory":false,"max_hp_per_floor":[73,73,73,73,73,73,73,73,73,73,73,73,73,73,73,73,87,87,87,87,87,87,87,87,87,87,87,87],"card_choices":[{"not_picked":["StSShapeShifter:CosmicShifter","StSShapeShifter:Rest"],"picked":"StSShapeShifter:BladeOfGrass","floor":1.0},{"not_picked":["StSShapeShifter:MonkeyForm","StSShapeShifter:Hunt"],"picked":"StSShapeShifter:LeapingSlash","floor":3.0},{"not_picked":["StSShapeShifter:WiltingWrath","StSShapeShifter:Maul"],"picked":"StSShapeShifter:VineHandcuffs","floor":7.0},{"not_picked":["StSShapeShifter:SunflowerShuriken+1","StSShapeShifter:WaspSwarmForm","StSShapeShifter:DeerForm"],"picked":"SKIP","floor":11.0},{"not_picked":["StSShapeShifter:DeerForm","StSShapeShifter:HippoForm"],"picked":"StSShapeShifter:LeapingSlash+1","floor":13.0},{"not_picked":["StSShapeShifter:Uproot_Redwood+1","StSShapeShifter:Vengeance+1"],"picked":"StSShapeShifter:LionForm","floor":16.0},{"not_picked":["StSShapeShifter:EmbraceTheCycle","StSShapeShifter:DeerForm"],"picked":"StSShapeShifter:Ensconce","floor":18.0},{"not_picked":["StSShapeShifter:FruitBasket","StSShapeShifter:DeerForm","StSShapeShifter:CosmicShifter+1"],"picked":"SKIP","floor":21},{"not_picked":["StSShapeShifter:DeerForm","StSShapeShifter:Sapling"],"picked":"StSShapeShifter:BarkSkin","floor":22},{"not_picked":["StSShapeShifter:BaskInBloom","StSShapeShifter:OpportuneSwoop+1"],"picked":"StSShapeShifter:MooseForm","floor":24}],"player_experience":1116194,"relics_obtained":[{"floor":7.0,"key":"Lantern"},{"floor":9.0,"key":"Molten Egg 2"},{"floor":11.0,"key":"Gremlin Horn"},{"floor":13.0,"key":"Lizard Tail"},{"floor":17.0,"key":"Bag of Marbles"},{"floor":17.0,"key":"InkBottle"},{"floor":17.0,"key":"Mango"},{"floor":24,"key":"Smiling Mask"}],"event_choices":[{"damage_healed":66.0,"max_hp_gain":0.0,"max_hp_loss":73.0,"gold_gain":0.0,"event_name":"betterThird:BetterShining","player_choice":"Upgrade","floor":10.0,"gold_loss":0.0,"damage_taken":22.0,"cards_upgraded":["StSShapeShifter:ShapeShifter_Strike","StSShapeShifter:LeapingSlash"]},{"cards_removed":["StSShapeShifter:ShapeShifter_Strike"],"damage_healed":0.0,"max_hp_gain":0.0,"max_hp_loss":0.0,"gold_gain":0.0,"event_name":"Golden Wing","player_choice":"Card Removal","floor":14.0,"gold_loss":0.0,"damage_taken":7.0},{"damage_healed":0.0,"max_hp_gain":0.0,"max_hp_loss":0.0,"gold_gain":0.0,"event_name":"Cursed Tome","player_choice":"Ignored","floor":20.0,"gold_loss":0.0,"damage_taken":0.0}],"is_beta":false,"boss_relics":[{"not_picked":["Pandora\u0027s Box","Cursed Key"],"picked":"Calling Bell"}],"items_purged_floors":[2,19],"is_endless":false,"potions_floor_spawned":[7,13,18,24],"killed_by":"Book of Stabbing","ascension_level":17}}