{"host":"2j7k79oxv8es4yqd","time":1614257149,"event":{"mods":["BaseMod","Emptier Cage","Minty Spire (QoL Compilation)","Permanent Neow","Ryuuou¡˙Õı","StSLib"],"gold_per_floor":[117,117,117,117,18,59,85,114,114,131,131,175,193,158,158,269,269,293,662,675,526,542,568,370,370,370,370,409,435,458,66,66,166,166,182,200,220,220,60,93,93,111,136,164,178,194,194,206,206,206,206,206,7,46,46],"floor_reached":56,"language":"ZHT","playtime":3702,"items_purged":["Strike_G","Flying Knee"],"score":1724,"play_id":"3e8f6fe3-eef3-4d4c-802f-1dd6accd2dc4","local_time":"20210225204549","is_ascension_mode":true,"campfire_choices":[{"floor":15,"key":"RECALL"},{"floor":25,"key":"REST"},{"data":"Terror","floor":27,"key":"SMITH"},{"data":"Apotheosis","floor":32,"key":"SMITH"},{"data":"Cloak And Dagger","floor":47,"key":"SMITH"},{"data":"Blade Dance","floor":49,"key":"SMITH"},{"data":"Blade Dance","floor":52,"key":"SMITH"}],"circlet_count":0,"master_deck":["Strike_G","Strike_G","Strike_G","Strike_G+1","Defend_G","Defend_G","Defend_G","Defend_G+1","Defend_G","Survivor","Neutralize","Terror+1","Backflip","Blade Dance+1","Corpse Explosion","Riddle With Holes+1","Bandage Up","Swift Strike","Cloak And Dagger+1","Endless Agony+1","Concentrate+1","Infinite Blades+1","Apotheosis+1","Blade Dance+1","Neutralize","Flash of Steel","Slice","Infinite Blades+1","Calculated Gamble","Deflect+1"],"relics":["WristBlade","Gremlin Horn","TungstenRod","CeramicFish","Pear","Black Star","Mango","Anchor","MealTicket","The Courier","Dead Branch","Dream Catcher","Kunai","Busted Crown","DollysMirror","Thread and Needle","PreservedInsect","Juzu Bracelet","Nunchaku","Frozen Egg 2","Shuriken","Vajra","Letter Opener","Mercury Hourglass"],"acts_visited":["Exordium","TheCity","TheBeyond","TheEnding"],"potions_floor_usage":[6,6,6,6,12,12,22,22,23,33,33,55,55,55],"damage_taken":[{"damage":0,"enemies":"Cultist","floor":1,"turns":4},{"damage":7,"enemies":"Gremlin Nob","floor":6,"turns":4},{"damage":0,"enemies":"2 Louse","floor":7,"turns":3},{"damage":0,"enemies":"Small Slimes","floor":8,"turns":3},{"damage":3,"enemies":"Exordium Wildlife","floor":10,"turns":4},{"damage":18,"enemies":"3 Sentries","floor":12,"turns":12},{"damage":0,"enemies":"3 Louse","floor":13,"turns":3},{"damage":10,"enemies":"Slime Boss","floor":16,"turns":12},{"damage":0,"enemies":"3 Byrds","floor":18,"turns":4},{"damage":10,"enemies":"Chosen","floor":20,"turns":3},{"damage":0,"enemies":"3 Cultists","floor":22,"turns":2},{"damage":22,"enemies":"Slavers","floor":23,"turns":3},{"damage":4,"enemies":"Gremlin Leader","floor":28,"turns":4},{"damage":0,"enemies":"Centurion and Healer","floor":29,"turns":4},{"damage":8,"enemies":"Snake Plant","floor":30,"turns":4},{"damage":13,"enemies":"Automaton","floor":33,"turns":7},{"damage":0,"enemies":"3 Darklings","floor":35,"turns":3},{"damage":1,"enemies":"Orb Walker","floor":37,"turns":2},{"damage":20,"enemies":"Nemesis","floor":40,"turns":3},{"damage":3,"enemies":"Writhing Mass","floor":42,"turns":5},{"damage":0,"enemies":"Reptomancer","floor":44,"turns":2},{"damage":0,"enemies":"Sphere and 2 Shapes","floor":45,"turns":4},{"damage":0,"enemies":"Transient","floor":46,"turns":5},{"damage":0,"enemies":"Spire Growth","floor":48,"turns":3},{"damage":54,"enemies":"Time Eater","floor":50,"turns":9},{"damage":16,"enemies":"Shield and Spear","floor":54,"turns":2},{"damage":46,"enemies":"The Heart","floor":55,"turns":5}],"seed_played":"316569758575280185","potions_obtained":[{"floor":1,"key":"Fire Potion"},{"floor":8,"key":"Regen Potion"},{"floor":16,"key":"Poison Potion"},{"floor":18,"key":"Fire Potion"},{"floor":20,"key":"GamblersBrew"},{"floor":29,"key":"AttackPotion"},{"floor":33,"key":"PowerPotion"},{"floor":35,"key":"PowerPotion"},{"floor":44,"key":"Regen Potion"}],"is_trial":false,"path_per_floor":["M","T","?","?","$","E","M","M","T","M","?","E","M","?","R","B",null,"M","?","M","$","M","E","$","R","T","R","E","M","M","$","R","B",null,"M","?","M","?","$","E","T","M","T","E","M","M","R","M","R","B",null,"R","$","E","B",null],"character_chosen":"THE_SILENT","items_purchased":["EntropicBrew","Swift Strike","MealTicket","Block Potion","Kunai","Infinite Blades","Apotheosis","Blade Dance","DollysMirror","Calculated Gamble","Vajra"],"campfire_rested":1,"item_purchase_floors":[5,21,24,24,31,31,31,31,39,39,53],"current_hp_per_floor":[63,63,60,47,47,40,40,40,40,37,37,44,44,64,64,54,74,74,38,32,32,36,32,32,60,60,60,60,64,60,75,75,68,88,94,94,93,93,94,74,74,77,77,77,83,83,83,83,83,33,79,79,94,78,50],"gold":46,"neow_bonus":"BOSS_RELIC","is_daily":false,"chose_seed":false,"campfire_upgraded":5,"win_rate":0.0,"timestamp":1614257149,"path_taken":["M","?","?","?","$","E","M","?","T","M","?","E","?","?","R","BOSS","M","?","M","$","M","E","$","R","T","R","E","?","M","$","R","BOSS","M","?","?","?","?","E","?","M","T","E","M","M","R","M","R","BOSS","R","$","E","BOSS"],"items_purchased_type":["Potion","Card","Relic","Potion","Relic","Card","Card","Card","Relic","Card","Relic"],"build_version":"2020-12-22","purchased_purges":2,"victory":true,"max_hp_per_floor":[70,70,70,70,70,70,70,70,70,70,70,80,80,80,80,80,80,80,80,80,80,80,94,94,94,94,94,94,94,94,94,94,94,94,94,94,94,94,94,94,94,94,94,94,94,94,94,94,94,94,94,94,94,94,94],"card_choices":[{"not_picked":["Crippling Poison","Bane","Underhanded Strike"],"picked":"SKIP","floor":1},{"not_picked":["Dodge and Roll","Catalyst"],"picked":"Terror","floor":6},{"not_picked":["Heel Hook","Outmaneuver"],"picked":"Backflip","floor":7},{"not_picked":["Eviscerate","Blur"],"picked":"Flying Knee","floor":8},{"not_picked":["Finisher","Skewer","Deflect"],"picked":"SKIP","floor":10},{"not_picked":["Acrobatics","Dodge and Roll"],"picked":"Blade Dance","floor":12},{"not_picked":["Underhanded Strike","Catalyst","Predator"],"picked":"SKIP","floor":13},{"not_picked":["Wraith Form v2","Burst"],"picked":"Corpse Explosion","floor":16},{"not_picked":["Dagger Throw","Acrobatics+1"],"picked":"Riddle With Holes+1","floor":18},{"not_picked":["Prepared","Deadly Poison","Deflect"],"picked":"SKIP","floor":20},{"not_picked":["Eviscerate","Grand Finale","Sucker Punch"],"picked":"SKIP","floor":22},{"not_picked":["Skewer","Deadly Poison","Underhanded Strike"],"picked":"SKIP","floor":23},{"not_picked":["Dodge and Roll","Setup"],"picked":"Cloak And Dagger","floor":28},{"not_picked":["Catalyst","Prepared"],"picked":"Endless Agony+1","floor":29},{"not_picked":["Backflip","PiercingWail"],"picked":"Concentrate+1","floor":30},{"not_picked":["Flying Knee+1"],"picked":"SKIP","floor":35},{"not_picked":[],"picked":"Slice","floor":37},{"not_picked":["Predator"],"picked":"SKIP","floor":40},{"not_picked":["Leg Sweep"],"picked":"SKIP","floor":42},{"not_picked":["Prepared"],"picked":"SKIP","floor":44},{"not_picked":["Caltrops+1"],"picked":"SKIP","floor":45},{"not_picked":["PiercingWail+1"],"picked":"SKIP","floor":46},{"not_picked":["Bane+1"],"picked":"SKIP","floor":48},{"not_picked":[],"picked":"Deflect+1","floor":54}],"player_experience":601540,"relics_obtained":[{"floor":2,"key":"Gremlin Horn"},{"floor":6,"key":"CeramicFish"},{"floor":12,"key":"Pear"},{"floor":23,"key":"Mango"},{"floor":23,"key":"Anchor"},{"floor":26,"key":"The Courier"},{"floor":28,"key":"Dead Branch"},{"floor":28,"key":"Dream Catcher"},{"floor":40,"key":"Thread and Needle"},{"floor":40,"key":"PreservedInsect"},{"floor":41,"key":"Juzu Bracelet"},{"floor":43,"key":"Nunchaku"},{"floor":44,"key":"Frozen Egg 2"},{"floor":44,"key":"Shuriken"},{"floor":54,"key":"Letter Opener"},{"floor":54,"key":"Mercury Hourglass"}],"event_choices":[{"damage_healed":0,"gold_gain":0,"player_choice":"Success","damage_taken":3,"relics_obtained":["TungstenRod"],"max_hp_gain":0,"max_hp_loss":0,"event_name":"Scrap Ooze","floor":3,"gold_loss":0},{"damage_healed":0,"gold_gain":0,"player_choice":"Entered Light","damage_taken":14,"max_hp_gain":0,"max_hp_loss":0,"event_name":"Shining Light","floor":4,"gold_loss":0,"cards_upgraded":["Defend_G","Strike_G"]},{"damage_healed":0,"gold_gain":0,"player_choice":"Bought 0 Potions","damage_taken":0,"max_hp_gain":0,"max_hp_loss":0,"event_name":"The Woman in Blue","floor":11,"gold_loss":0},{"damage_healed":20,"gold_gain":0,"player_choice":"Healed","damage_taken":0,"max_hp_gain":0,"max_hp_loss":0,"event_name":"The Cleric","floor":14,"gold_loss":35},{"damage_healed":0,"gold_gain":360,"player_choice":"CARD GOLD GOLD GOLD GOLD ","damage_taken":42,"max_hp_gain":0,"max_hp_loss":0,"event_name":"Knowing Skull","floor":19,"potions_obtained":[],"gold_loss":0,"cards_obtained":["Bandage Up"]},{"damage_healed":0,"gold_gain":0,"player_choice":"2 cards matched","damage_taken":0,"max_hp_gain":0,"max_hp_loss":0,"event_name":"Match and Keep!","floor":36,"gold_loss":0,"cards_obtained":["Neutralize","Flash of Steel"]},{"damage_healed":0,"gold_gain":0,"player_choice":"Forge","damage_taken":0,"max_hp_gain":0,"max_hp_loss":0,"event_name":"Accursed Blacksmith","floor":38,"gold_loss":0,"cards_upgraded":["Infinite Blades"]}],"is_beta":false,"boss_relics":[{"not_picked":["Runic Dome","SacredBark"],"picked":"Black Star"},{"not_picked":["Sozu","Philosopher\u0027s Stone"],"picked":"Busted Crown"}],"items_purged_floors":[21,53],"is_endless":false,"potions_floor_spawned":[1,8,16,18,20,29,33,35,44,45,46,48],"ascension_level":9}}