{"host":"5mo0809oo9tcrmpl","time":1614214029,"event":{"mods":["BaseMod","Highlight Path","Minty Spire (QoL Compilation)","Relic Stats","Slay the Relics Exporter"],"gold_per_floor":[109,123,140,140,150,150,176,196,196,196,196,196],"floor_reached":11,"language":"ENG","playtime":416,"items_purged":[],"score":150,"play_id":"3c2f4a68-025f-4bad-bef1-dbe682d8d951","local_time":"20210224184709","is_ascension_mode":true,"campfire_choices":[{"data":"Perfected Strike","floor":6,"key":"SMITH"}],"circlet_count":0,"master_deck":["AscendersBane","Strike_R","Strike_R","Strike_R","Strike_R","Defend_R","Defend_R","Defend_R","Bash","Iron Wave","Ghostly Armor","Body Slam+1","Perfected Strike+1","Iron Wave","Armaments"],"relics":["Empty Cage","Blue Candle","Ornamental Fan","Shuriken"],"acts_visited":["Exordium"],"potions_floor_usage":[7,8,11],"damage_taken":[{"damage":11,"enemies":"Jaw Worm","floor":1,"turns":5},{"damage":1,"enemies":"Cultist","floor":2,"turns":4},{"damage":6,"enemies":"2 Louse","floor":3,"turns":4},{"damage":8,"enemies":"2 Fungi Beasts","floor":5,"turns":4},{"damage":25,"enemies":"3 Sentries","floor":7,"turns":10},{"damage":1,"enemies":"Large Slime","floor":8,"turns":5},{"damage":10,"enemies":"Lagavulin","floor":11,"turns":3}],"seed_played":"6285635424129660959","potions_obtained":[{"floor":2,"key":"SpeedPotion"},{"floor":3,"key":"Dexterity Potion"},{"floor":8,"key":"BlessingOfTheForge"}],"is_trial":false,"path_per_floor":["M","M","M","?","M","R","E","M","T","?","E"],"character_chosen":"IRONCLAD","items_purchased":[],"campfire_rested":0,"item_purchase_floors":[],"current_hp_per_floor":[57,56,50,39,31,31,6,5,5,5,0,0],"gold":196,"neow_bonus":"BOSS_RELIC","is_daily":false,"chose_seed":false,"campfire_upgraded":1,"win_rate":0.0,"timestamp":1614214029,"path_taken":["M","M","M","?","M","R","E","M","T","?","E"],"items_purchased_type":[],"build_version":"2020-12-22","purchased_purges":0,"victory":false,"max_hp_per_floor":[75,75,75,75,75,75,75,75,75,75,75,75],"relic_stats":{"counters":[7,35],"Ornamental Fan":[8],"Shuriken":[1],"Blue Candle":[0],"obtain_stats":[{"Ornamental Fan":7,"Shuriken":9,"Blue Candle":4,"Empty Cage":0,"Burning Blood":0},{"Ornamental Fan":5,"Shuriken":6,"Blue Candle":3,"Empty Cage":0,"Burning Blood":0},{"Ornamental Fan":27,"Shuriken":32,"Blue Candle":13,"Empty Cage":0,"Burning Blood":0}]},"card_choices":[{"not_picked":["Infernal Blade","Combust"],"picked":"Iron Wave","floor":1},{"not_picked":["Armaments","Dark Embrace"],"picked":"Ghostly Armor","floor":2},{"not_picked":["True Grit","Iron Wave"],"picked":"Body Slam","floor":3},{"not_picked":["Anger","Thunderclap"],"picked":"Perfected Strike","floor":5},{"not_picked":["Clothesline","Headbutt"],"picked":"Iron Wave","floor":7},{"not_picked":["Flex","Clash"],"picked":"Armaments","floor":8}],"player_experience":1323134,"relics_obtained":[{"floor":7,"key":"Ornamental Fan"},{"floor":9,"key":"Shuriken"}],"event_choices":[{"damage_healed":0,"gold_gain":0,"player_choice":"Success","damage_taken":11,"relics_obtained":["Blue Candle"],"max_hp_gain":0,"max_hp_loss":0,"event_name":"Scrap Ooze","floor":4,"gold_loss":0},{"damage_healed":0,"gold_gain":0,"player_choice":"Upgraded","damage_taken":0,"max_hp_gain":0,"max_hp_loss":0,"event_name":"Upgrade Shrine","floor":10,"gold_loss":0,"cards_upgraded":["Body Slam"]}],"is_beta":false,"boss_relics":[],"items_purged_floors":[],"is_endless":false,"potions_floor_spawned":[2,3,8],"killed_by":"Lagavulin","ascension_level":20}}