{"host":"f76kcizrccta30ww","time":1614223416,"event":{"mods":["Act Like it!","Aspiration","BaseMod","Gensokyo","Marisa£®ÏF”Í°°ƒß¿Ì…≥£©","Minty Spire (QoL Compilation)","Pale of the Ancients","Replay The Spire","Shop Mod","StSLib","TestMod"],"gold_per_floor":[118,134,175,187,104,104,136,166,193,193,224,56,76,107,107,190,190,228,228,265,274,285,285,285],"floor_reached":23,"language":"ZHS","playtime":795,"items_purged":[],"score":680,"play_id":"3a842a19-bcbe-4dcf-8f46-874baf81822d","local_time":"20210225112336","daily_mods":["Hoarder","Diverse","Colorless Cards","Heirloom","Time Dilation","Flight","Elite Swarm","Lethality"],"is_ascension_mode":true,"campfire_choices":[{"floor":6,"key":"REST"},{"floor":10,"key":"REST"},{"floor":15,"key":"DIG"}],"circlet_count":0,"master_deck":["AscendersBane","Strike_R","Strike_R","Strike_R","Strike_R","Strike_R","Defend_R","Defend_R","Defend_R","Defend_R","Bash","NonDirectionalLaser","NonDirectionalLaser","NonDirectionalLaser","Flash of Steel","Flash of Steel","Flash of Steel","Bludgeon","Bludgeon","Bludgeon","HandOfGreed","HandOfGreed","HandOfGreed","PowerUp","PowerUp","PowerUp"],"relics":["Burning Blood","testmod-TestBox","testmod-EqualTreatment","testmod-BouquetWithThorns","Tiny Chest","MerchantsRug","Blood Vial","Du-Vu Doll","King of Hearts","testmod-Antiphasic","ClockworkSouvenir","CeramicFish","testmod-Prudence","aspiration:RitualStick"],"acts_visited":["Exordium","TheCity"],"potions_floor_usage":[11],"damage_taken":[{"damage":10,"enemies":"2 Louse","floor":1,"turns":1},{"damage":10,"enemies":"Small Slimes","floor":2,"turns":2},{"damage":18,"enemies":"Lagavulin","floor":7,"turns":3},{"damage":26,"enemies":"3 Sentries","floor":8,"turns":3},{"damage":0,"enemies":"Gremlin Nob","floor":11,"turns":2},{"damage":0,"enemies":"Jaw Worm","floor":13,"turns":1},{"damage":13,"enemies":"3 Sentries","floor":14,"turns":2},{"damage":55,"enemies":"Fading Forest","floor":16,"turns":13},{"damage":0,"enemies":"Chosen","floor":18,"turns":3},{"damage":24,"enemies":"Shell Parasite","floor":22,"turns":2},{"damage":55,"enemies":"Slavers","floor":23,"turns":2}],"seed_played":"3823797763044551471","potions_obtained":[{"floor":2,"key":"Elixir"},{"floor":3,"key":"Venom Potion"},{"floor":8,"key":"PowerPotion"}],"is_trial":true,"path_per_floor":["M","M","?","?","$","R","E","E","T","R","E","$","M","E","R","B",null,"M","?","$","?","M","E"],"character_chosen":"IRONCLAD","items_purchased":["MerchantsRug","ClockworkSouvenir"],"campfire_rested":2,"item_purchase_floors":[5,12],"current_hp_per_floor":[64,60,36,31,31,53,41,23,23,45,53,53,61,56,56,22,66,74,54,54,54,43,0,0],"gold":285,"neow_bonus":"","is_daily":false,"chose_seed":false,"campfire_upgraded":0,"win_rate":0.0,"timestamp":1614223416,"path_taken":["M","M","?","?","$","R","E","E","T","R","E","$","?","E","R","BOSS","M","?","$","?","M","E"],"items_purchased_type":["Relic","Relic"],"build_version":"2020-12-22","purchased_purges":0,"victory":false,"max_hp_per_floor":[75,75,75,75,75,75,75,75,75,75,75,75,75,75,75,80,80,80,80,80,80,85,85,85],"card_choices":[{"not_picked":["Beam Cell","ReplayTheSpireMod:Uncanny Aura","Lockon"],"picked":"SKIP","floor":1},{"not_picked":["ReplayTheSpireMod:Tripwire","Good Instincts"],"picked":"NonDirectionalLaser","floor":2},{"not_picked":["Deadly Poison","Backflip"],"picked":"Flash of Steel","floor":3},{"not_picked":["Immolate","FinalSpark","Demon Form"],"picked":"SKIP","floor":7},{"not_picked":["testmod-PowerStrike","BinaryStars"],"picked":"Bludgeon","floor":8},{"not_picked":["Bullet Time","TreasureHunter","Machine Learning"],"picked":"SKIP","floor":11},{"not_picked":["GravityBeat","Crystallizer","Poisoned Stab"],"picked":"SKIP","floor":13},{"not_picked":["CollectingQuirk","Midas Touch","testmod-AutoReboundSystem"],"picked":"SKIP","floor":14},{"not_picked":["ReplayTheSpireMod:Fabricate Wheel","testmod-Dream"],"picked":"HandOfGreed","floor":16},{"not_picked":["Compile Driver","WitchLeyline","Wild Strike"],"picked":"SKIP","floor":18},{"not_picked":["MysteriousBeam","Predator","Blood for Blood"],"picked":"SKIP","floor":22},{"not_picked":["MysteriousBeam","Predator","Blood for Blood"],"picked":"SKIP","floor":22}],"player_experience":77180,"relics_obtained":[{"floor":3,"key":"MawBank"},{"floor":7,"key":"Blood Vial"},{"floor":8,"key":"Du-Vu Doll"},{"floor":9,"key":"King of Hearts"},{"floor":11,"key":"testmod-Antiphasic"},{"floor":14,"key":"testmod-OneHitWonder"},{"floor":15,"key":"CeramicFish"}],"event_choices":[{"damage_healed":0,"gold_gain":0,"player_choice":"Success","damage_taken":5,"relics_obtained":["Tiny Chest"],"max_hp_gain":0,"max_hp_loss":0,"event_name":"Scrap Ooze","floor":4,"gold_loss":0},{"damage_healed":0,"gold_gain":0,"player_choice":"Read","damage_taken":0,"max_hp_gain":0,"max_hp_loss":0,"event_name":"The Library","floor":21,"gold_loss":0,"cards_obtained":["PowerUp"]}],"is_beta":false,"boss_relics":[{"not_picked":["Philosopher\u0027s Stone","Velvet Choker"],"picked":"testmod-Prudence"}],"items_purged_floors":[],"is_endless":true,"potions_floor_spawned":[2,8],"killed_by":"Slavers","ascension_level":20}}