{"host":"jsd6g3c2vo13e69c","time":1614259135,"event":{"mods":["2.2 Compatiblity","Act Like it!","BaseMod","Better Altar","Better Match","Better Note","Better Sensory Stone","Better Third Choice","BetterRewards","Colored Map","Colored Powertips","Downfall","Friendly Minions","GifTheSpireLib","Googly Eyes","Gremlin Mod","Hermit","Hubris","Infinite Spire","Melee Mod","Minty Spire (QoL Compilation)","Permanent Neow","Quick Restart","Random Character Button","Replay The Spire","Shop Mod","Spire Arcade","StSLib","The Cursed","The Disciple","The Forsaken","thorton"],"gold_per_floor":[99,111,122,122,137,33,59,89,108,8,8,8,8,8,8,18,38,141,141,141,158,174,190,190,218,242,242,242,242,242],"floor_reached":28,"language":"ENG","playtime":1274,"items_purged":[],"score":288,"play_id":"6b7ba4c3-06c7-4e53-9db4-988c439557b1","local_time":"20210225081855","is_ascension_mode":false,"campfire_choices":[{"data":"Slimebound:TagTeam","floor":10,"key":"SMITH"},{"data":"expansioncontent:Hexaburn","floor":13,"key":"SMITH"},{"data":"Slimebound:SplitAcid","floor":15,"key":"SMITH"},{"data":"Slimebound:DouseInSlime","floor":20,"key":"SMITH"},{"data":"Slimebound:Split","floor":27,"key":"SMITH"}],"circlet_count":0,"master_deck":["Slimebound:Strike_Slimebound","Slimebound:Defend_Slimebound","Slimebound:Split+1","Slimebound:CorrosiveSpit+1","Slimebound:Replication","Slimebound:HauntingLick","Slimebound:SplitSpecialist","Slimebound:DivideAndConquer","Slimebound:TagTeam+1","Parasite","Slimebound:HungryTackle","Slimebound:SlimeTap+1","Slimebound:Equalize+1","expansioncontent:Hexaburn+1","Slimebound:SplitAcid+1","Slimebound:Prepare","downfall:Malfunctioning","Slimebound:Prepare","Slimebound:Repurpose","Slimebound:DouseInSlime+1","Slimebound:RainOfGoop","Slimebound:Repurpose","Slimebound:RainOfGoop"],"relics":["Slimebound:AbsorbEndCombat","hubris:OldNail","downfall:HeartBlessingGreen","Black Star","Nloth\u0027s Gift","hubris:TenFootPole","hubris:MysteriousPyramids","Slimebound:AggressiveSlimeRelic"],"acts_visited":["Exordium","TheCity"],"potions_floor_usage":[5,17,22,25,28],"damage_taken":[{"damage":0,"enemies":"Small Slimes","floor":2,"turns":5},{"damage":1,"enemies":"Cultist","floor":3,"turns":3},{"damage":11,"enemies":"Jaw Worm","floor":5,"turns":2},{"damage":11,"enemies":"downfall:FleeingMerchant","floor":6,"turns":4},{"damage":12,"enemies":"Gremlin Nob","floor":8,"turns":3},{"damage":10,"enemies":"Blue Slaver","floor":9,"turns":2},{"damage":4,"enemies":"downfall:LooterAlt","floor":16,"turns":2},{"damage":3,"enemies":"Large Slime","floor":17,"turns":2},{"damage":0,"enemies":"WA_ARCHETYPE_RETAIN","floor":18,"turns":4},{"damage":0,"enemies":"Chosen","floor":21,"turns":3},{"damage":17,"enemies":"Shell Parasite","floor":22,"turns":4},{"damage":38,"enemies":"Cultist and Chosen","floor":23,"turns":6},{"damage":35,"enemies":"Book of Stabbing","floor":25,"turns":5},{"damage":37,"enemies":"Centurion and Healer","floor":28,"turns":3}],"seed_played":"-7123478094289801915","potions_obtained":[{"floor":2,"key":"SkillPotion"},{"floor":8,"key":"FearPotion"},{"floor":9,"key":"DistilledChaos"},{"floor":18,"key":"infinitespire:BlackPotion"},{"floor":22,"key":"Languid Potion"},{"floor":25,"key":"SkillPotion"}],"is_trial":false,"path_per_floor":["R_BF","M","M","?","M","$","T","E","M","R","PTL","PTL","R","?","R","M","M","B",null,"R","M","M","M","?","E","T","R","M"],"character_chosen":"SLIMEBOUND","items_purchased":["expansioncontent:Hexaburn"],"campfire_rested":0,"item_purchase_floors":[6],"current_hp_per_floor":[47,51,54,54,47,44,44,44,36,36,36,36,36,36,36,46,59,65,65,65,65,56,34,34,19,19,19,0,0,0],"gold":242,"neow_bonus":"REMOVE_TWO","is_daily":false,"chose_seed":false,"campfire_upgraded":5,"win_rate":0.0,"timestamp":1614259135,"path_taken":["R_BF","M","M","?","?","$","T","E","M","R","PTL","PTL","R","?","R","M","M","BOSS","R","M","M","M","?","E","T","R","M"],"items_purchased_type":["Card"],"build_version":"2020-12-22","purchased_purges":0,"victory":false,"max_hp_per_floor":[65,65,65,65,65,65,65,65,65,65,65,65,65,65,65,65,65,65,65,65,65,65,65,65,65,65,65,65,65,65],"card_choices":[{"not_picked":["Slimebound:ItLooksTasty","Slimebound:LivingWall"],"picked":"Slimebound:HauntingLick","floor":2},{"not_picked":["Slimebound:Prepare","Slimebound:LevelUp"],"picked":"Slimebound:SplitSpecialist","floor":3},{"not_picked":["Slimebound:LivingWall","Slimebound:ViciousTackle"],"picked":"Slimebound:SlimeTap","floor":5},{"not_picked":["Slimebound:ItLooksTasty","Slimebound:SplitMire"],"picked":"Slimebound:Equalize","floor":6},{"not_picked":["Slimebound:SpikyOuterGoop","Slimebound:SamplingLick"],"picked":"Slimebound:SplitAcid","floor":8},{"not_picked":["Slimebound:AcidTongue","Slimebound:LevelUp"],"picked":"Slimebound:Prepare","floor":9},{"not_picked":["Slimebound:FinishingTackle","Slimebound:PressTheAttack"],"picked":"Slimebound:Prepare","floor":16},{"not_picked":["Slimebound:SplitLeeching","Slimebound:LeechEnergy"],"picked":"Slimebound:Repurpose","floor":17},{"not_picked":["Slimebound:RallyTheTroops","Slimebound:CheckThePlaybook"],"picked":"Slimebound:DouseInSlime","floor":18},{"not_picked":["Slimebound:ComboTackle","Slimebound:FlameTackle"],"picked":"Slimebound:RainOfGoop","floor":21},{"not_picked":["Slimebound:HauntingLick","Slimebound:SlimeSpikes"],"picked":"Slimebound:Repurpose","floor":22},{"not_picked":["Slimebound:ComboTackle+1","Slimebound:SplitSpecialist"],"picked":"Slimebound:RainOfGoop","floor":23},{"not_picked":["Slimebound:ForwardTackle","Slimebound:FinishingTackle","Slimebound:LeechEnergy"],"picked":"SKIP","floor":25}],"player_experience":459467,"relics_obtained":[{"floor":7,"key":"hubris:OldNail"},{"floor":8,"key":"Akabeko"},{"floor":25,"key":"hubris:TenFootPole"},{"floor":25,"key":"hubris:MysteriousPyramids"},{"floor":26,"key":"Slimebound:AggressiveSlimeRelic"}],"event_choices":[],"is_beta":false,"boss_relics":[{"not_picked":["thethorton:CrushedCigarette","Empty Cage"],"picked":"Black Star"}],"items_purged_floors":[],"is_endless":false,"potions_floor_spawned":[2,8,9,18,22,25],"killed_by":"Centurion and Healer","ascension_level":0}}