{"host":"zp8jvycvinn13jdb","time":1614271077,"event":{"mods":["BaseMod","Better Match","Colored Powertips","Downfall","Googly Eyes","Hermit","Minty Spire (QoL Compilation)","Rare Cards Sparkle","Relic Stats","StSLib","SuperFastMode","Synergy Search","The Bug Knight","The Cursed"],"gold_per_floor":[111,111,126,140,152,169,94,106,156,181,193,193,206,220,220,317,367,385,404,418,418,418,418,418,418,418],"floor_reached":25,"language":"ENG","playtime":1297,"items_purged":["Strike_R"],"score":229,"play_id":"aa5f26a5-56d2-4ea9-8294-509129486598","local_time":"20210225113757","is_ascension_mode":false,"campfire_choices":[{"floor":12,"key":"DIG"},{"data":"Perfected Strike","floor":15,"key":"SMITH"},{"floor":23,"key":"REST"}],"circlet_count":0,"master_deck":["Strike_R","Strike_R","Strike_R","Defend_R","Defend_R","Defend_R","Defend_R","Bash","Wild Strike+1","Shrug It Off","Wild Strike","Heavy Blade","Perfected Strike+1","Clothesline","Flex+1","Flex","Armaments","Armaments"],"relics":["Burning Blood","Shovel","Happy Flower","Bronze Scales","Eternal Feather","Tiny House"],"acts_visited":["Exordium","TheCity"],"potions_floor_usage":[16,24,24,24],"damage_taken":[{"damage":7,"enemies":"Small Slimes","floor":1,"turns":5},{"damage":6,"enemies":"Cultist","floor":3,"turns":3},{"damage":14,"enemies":"Jaw Worm","floor":4,"turns":4},{"damage":0,"enemies":"Large Slime","floor":5,"turns":4},{"damage":6,"enemies":"Exordium Thugs","floor":6,"turns":4},{"damage":5,"enemies":"3 Louse","floor":8,"turns":4},{"damage":15,"enemies":"HollowMod:MossKnight","floor":10,"turns":7},{"damage":5,"enemies":"Red Slaver","floor":11,"turns":2},{"damage":16,"enemies":"Blue Slaver","floor":13,"turns":3},{"damage":9,"enemies":"Looter","floor":14,"turns":2},{"damage":34,"enemies":"Slime Boss","floor":16,"turns":11},{"damage":18,"enemies":"3 Byrds","floor":18,"turns":4},{"damage":30,"enemies":"Sentry and Sphere","floor":19,"turns":5},{"damage":27,"enemies":"Snake Plant","floor":20,"turns":4},{"damage":51,"enemies":"Book of Stabbing","floor":24,"turns":6},{"damage":14,"enemies":"Shelled Parasite and Fungi","floor":25,"turns":3}],"seed_played":"4272046041344994489","potions_obtained":[{"floor":5,"key":"DuplicationPotion"},{"floor":8,"key":"champ:CounterPotion"},{"floor":10,"key":"Swift Potion"},{"floor":11,"key":"DistilledChaos"},{"floor":17,"key":"FearPotion"},{"floor":19,"key":"SmokeBomb"}],"is_trial":false,"path_per_floor":["M","?","M","M","M","M","$","M","T","E","M","R","M","M","R","B",null,"M","M","M","?","?","R","E","M"],"character_chosen":"IRONCLAD","items_purchased":[],"campfire_rested":1,"item_purchase_floors":[],"current_hp_per_floor":[71,71,71,63,69,69,69,70,70,61,62,62,52,49,58,30,77,65,41,20,20,20,52,7,0,0],"gold":418,"neow_bonus":"ONE_RARE_RELIC","is_daily":false,"chose_seed":false,"campfire_upgraded":1,"win_rate":0.0,"timestamp":1614271077,"path_taken":["M","?","M","M","?","M","$","M","T","E","M","R","M","M","R","BOSS","M","M","M","?","?","R","E","M"],"items_purchased_type":[],"build_version":"2020-12-22","purchased_purges":1,"victory":false,"max_hp_per_floor":[72,72,72,72,72,72,72,72,72,72,72,72,72,72,72,72,77,77,77,77,77,77,77,77,77,77],"relic_stats":{"Shovel":1,"Happy Flower":[15],"counters":[16,71],"Bronze Scales":[136],"Eternal Feather":18,"obtain_stats":[{"Shovel":0,"Tiny House":17,"Happy Flower":9,"Bronze Scales":10,"Eternal Feather":12,"Burning Blood":0},{"Shovel":0,"Tiny House":11,"Happy Flower":6,"Bronze Scales":7,"Eternal Feather":8,"Burning Blood":0},{"Shovel":0,"Tiny House":49,"Happy Flower":24,"Bronze Scales":31,"Eternal Feather":33,"Burning Blood":0}],"Burning Blood":90},"card_choices":[{"not_picked":["True Grit","Headbutt"],"picked":"Wild Strike","floor":1},{"not_picked":["Havoc","Anger"],"picked":"Shrug It Off","floor":3},{"not_picked":["Warcry","Feel No Pain"],"picked":"Wild Strike","floor":4},{"not_picked":["Offering","Shockwave"],"picked":"Heavy Blade","floor":5},{"not_picked":["Dark Embrace","Searing Blow"],"picked":"Perfected Strike","floor":6},{"not_picked":["Whirlwind","Thunderclap"],"picked":"Clothesline","floor":8},{"not_picked":["Spot Weakness","Corruption","Power Through"],"picked":"SKIP","floor":10},{"not_picked":["Sever Soul","Perfected Strike","Rupture"],"picked":"SKIP","floor":11},{"not_picked":["Warcry","Dual Wield"],"picked":"Flex","floor":13},{"not_picked":["Clothesline","Sword Boomerang"],"picked":"Flex","floor":14},{"not_picked":["Dual Wield","Twin Strike"],"picked":"Armaments","floor":17},{"not_picked":["True Grit","Burning Pact","Pummel"],"picked":"SKIP","floor":18},{"not_picked":["Flame Barrier","Wild Strike","Anger+1"],"picked":"SKIP","floor":19},{"not_picked":["Clothesline+1","Spot Weakness","Blood for Blood"],"picked":"SKIP","floor":20}],"player_experience":174519,"relics_obtained":[{"floor":9,"key":"Happy Flower"},{"floor":10,"key":"Bronze Scales"},{"floor":12,"key":"Eternal Feather"}],"event_choices":[{"damage_healed":0,"gold_gain":0,"player_choice":"Upgraded","damage_taken":0,"max_hp_gain":0,"max_hp_loss":0,"event_name":"Upgrade Shrine","floor":2,"gold_loss":0,"cards_upgraded":["Wild Strike"]},{"damage_healed":0,"gold_gain":0,"cards_transformed":["Strike_R"],"player_choice":"Transformed","damage_taken":0,"max_hp_gain":0,"max_hp_loss":0,"event_name":"Transmorgrifier","floor":22,"gold_loss":0,"cards_obtained":["Armaments"]}],"is_beta":false,"boss_relics":[{"not_picked":["Black Star","Busted Crown"],"picked":"Tiny House"}],"items_purged_floors":[7],"is_endless":false,"potions_floor_spawned":[5,8,10,11,13,19],"killed_by":"Shelled Parasite and Fungi","ascension_level":0}}