{"host":"u1dfzl6o6mfmauc3","time":1614288373,"event":{"mods":["2.2 Compatiblity","AchievementEnabler","BaseMod","Bestiary","Block Reminder","Challenge The Spire","Colored Map","Dark Map","Hermit","Highlight Path","Minty Spire (QoL Compilation)","Random Character Button","Rare Cards Sparkle","Relic Stats","Robot Space Explorer","StSLib","The Disciple"],"gold_per_floor":[211,57,157,169,182,216,216,234,234,234,247,247,265,282,282,282,282,282],"floor_reached":17,"language":"ENG","playtime":419,"items_purged":[],"score":147,"play_id":"27b7b862-9e41-4460-a686-5a073eb304d6","local_time":"20210225162613","is_ascension_mode":true,"campfire_choices":[{"data":"hermit:Virtue","floor":7,"key":"SMITH"},{"data":"hermit:NoHoldsBarred","floor":12,"key":"SMITH"},{"data":"hermit:Glare","floor":15,"key":"SMITH"},{"floor":16,"key":"REST"}],"circlet_count":0,"master_deck":["hermit:Strike_Hermit","hermit:Strike_Hermit","hermit:Strike_Hermit","hermit:Strike_Hermit","hermit:Defend_Hermit","hermit:Defend_Hermit","hermit:Defend_Hermit","hermit:Defend_Hermit","hermit:Snapshot","hermit:Covet","hermit:FlashPowder","hermit:Virtue+1","hermit:PistolWhip","hermit:Vantage","hermit:NoHoldsBarred+1","hermit:Dive","hermit:Headshot","hermit:Glare+1"],"relics":["hermit:Momento","Lantern","Matryoshka"],"acts_visited":["Exordium"],"potions_floor_usage":[17],"damage_taken":[{"damage":2,"enemies":"Jaw Worm","floor":1,"turns":3},{"damage":0,"enemies":"Cultist","floor":4,"turns":3},{"damage":10,"enemies":"Small Slimes","floor":5,"turns":3},{"damage":24,"enemies":"Lagavulin","floor":6,"turns":9},{"damage":0,"enemies":"Exordium Wildlife","floor":8,"turns":1},{"damage":5,"enemies":"2 Fungi Beasts","floor":11,"turns":2},{"damage":0,"enemies":"3 Louse","floor":13,"turns":1},{"damage":10,"enemies":"Lots of Slimes","floor":14,"turns":3},{"damage":39,"enemies":"The Guardian","floor":17,"turns":6}],"seed_played":"4566394056519202355","potions_obtained":[{"floor":1,"key":"SpeedPotion"},{"floor":5,"key":"Strength Potion"},{"floor":6,"key":"Swift Potion"},{"floor":10,"key":"PowerPotion"},{"floor":10,"key":"CultistPotion"},{"floor":10,"key":"Ancient Potion"}],"is_trial":false,"path_per_floor":["M","$","?","M","M","E","R","M","T","?","M","R","M","M","R","R","B"],"character_chosen":"HERMIT","items_purchased":["hermit:Virtue","hermit:PistolWhip","hermit:Vantage"],"campfire_rested":1,"item_purchase_floors":[2,2,2],"current_hp_per_floor":[66,66,66,66,56,32,32,32,32,32,27,27,27,17,17,39,0,0],"gold":282,"neow_bonus":"HUNDRED_GOLD","is_daily":false,"chose_seed":false,"campfire_upgraded":3,"win_rate":0.0,"timestamp":1614288373,"path_taken":["M","$","?","M","?","E","R","M","T","?","M","R","M","?","R","R","BOSS"],"items_purchased_type":["Card","Card","Card"],"build_version":"2020-12-22","purchased_purges":0,"victory":false,"max_hp_per_floor":[75,75,75,75,75,75,75,75,75,75,75,75,75,75,75,75,75,75],"relic_stats":{"counters":[9,31],"obtain_stats":[{"Lantern":6,"Matryoshka":9,"hermit:Momento":0},{"Lantern":4,"Matryoshka":5,"hermit:Momento":0},{"Lantern":18,"Matryoshka":19,"hermit:Momento":0}]},"card_choices":[{"not_picked":["hermit:ItchyTrigger","hermit:Quickdraw"],"picked":"hermit:FlashPowder","floor":1},{"not_picked":["hermit:LoneWolf","hermit:LowProfile"],"picked":"hermit:NoHoldsBarred","floor":4},{"not_picked":["hermit:Horror","hermit:CursedWeapon"],"picked":"hermit:Dive","floor":5},{"not_picked":["hermit:Glare","hermit:ShadowCloak"],"picked":"hermit:Headshot","floor":6},{"not_picked":["hermit:Misfire","hermit:HighCaliber"],"picked":"hermit:Glare","floor":8},{"not_picked":["hermit:Quickdraw","hermit:TakeAim","hermit:LowProfile"],"picked":"SKIP","floor":11},{"not_picked":["hermit:Shortfuse","hermit:Quickdraw","hermit:BodyArmor"],"picked":"SKIP","floor":13},{"not_picked":["hermit:BodyArmor","hermit:Glare","hermit:Desperado"],"picked":"SKIP","floor":14}],"player_experience":279343,"relics_obtained":[{"floor":6,"key":"Lantern"},{"floor":9,"key":"Matryoshka"}],"event_choices":[{"damage_healed":0,"gold_gain":100,"player_choice":"Gold","damage_taken":0,"max_hp_gain":0,"max_hp_loss":0,"event_name":"Wheel of Change","floor":3,"gold_loss":0},{"damage_healed":0,"gold_gain":0,"player_choice":"Got Potions","damage_taken":0,"max_hp_gain":0,"max_hp_loss":0,"event_name":"Lab","floor":10,"gold_loss":0}],"is_beta":false,"boss_relics":[],"items_purged_floors":[],"is_endless":false,"potions_floor_spawned":[1,5,6,8,11],"killed_by":"The Guardian","ascension_level":7}}