{"host":"uro03pbv16i76yu3","time":1614293135,"event":{"mods":["BaseMod","Hubris","Minty Spire (QoL Compilation)","Replay The Spire","StSLib","The Jungle"],"gold_per_floor":[118,137,152,152,152,179,206,220,271,346,373,385,419,419,419,524,524,542,8,8,8,25,60,60,73,73,99,116,31,68,144,144,282,282,540,540,833,11,463,1237,1237,2538,2538,4005,5467,6989,5929,7435,7435,7435,7435,7435,6592,8363,8369],"floor_reached":56,"language":"ZHS","playtime":8025,"items_purged":["CommonCold","Strike_G"],"score":1907,"play_id":"f5a29c77-82e0-455a-a4aa-accdb24b6f1e","local_time":"20210226064535","is_ascension_mode":true,"campfire_choices":[{"data":"Venomology","floor":15.0,"key":"SMITH"},{"data":"Fluid Movement","floor":24,"key":"SMITH"},{"floor":41,"key":"RECALL"},{"floor":49,"key":"DIG"},{"floor":52,"key":"DIG"}],"circlet_count":0,"master_deck":["Strike_G+1","Strike_G+1","Strike_G","Defend_G","Defend_G","Defend_G","Defend_G","Survivor","Neutralize","Blade Dance","Fluid Movement+1","Dagger Spray","Venomology+1","Cloak And Dagger","Bane","Tools of the Trade","Hidden Blade","Toxin Wave","Footwork","Accuracy","Malaise","Draining Mist","Sucker Punch+1","Dodge and Roll","Flying Knee+1","Catalyst","After Image","After Image","hubris:Greed","hubris:Greed","hubris:Greed","hubris:Greed","hubris:Greed","hubris:Greed","hubris:Greed","hubris:Greed","hubris:Greed","hubris:Greed","hubris:Greed","hubris:Greed","Prepared","hubris:Greed","hubris:Greed","hubris:Greed","hubris:Greed","hubris:Greed","hubris:Greed","hubris:Greed","hubris:Greed","hubris:Greed","hubris:Greed","hubris:Greed","hubris:Greed","hubris:Greed","hubris:Greed","hubris:Greed","hubris:Greed","Corpse Explosion","hubris:Greed","hubris:Greed","hubris:Greed","hubris:Greed","hubris:Greed","hubris:Greed","hubris:Greed","hubris:Greed","hubris:Greed","hubris:Greed","hubris:Greed","hubris:Greed","hubris:Greed","hubris:Greed","hubris:Greed","hubris:Greed","hubris:Greed","hubris:Greed","hubris:Greed","hubris:Greed","Hidden Blade","hubris:NaturalOne","hubris:Greed","hubris:Greed","hubris:Greed","hubris:Greed","hubris:Greed","hubris:Greed","hubris:Greed","hubris:Greed","hubris:Greed","hubris:Greed","hubris:Greed","hubris:Greed","hubris:Greed","hubris:Greed","hubris:Greed","hubris:Greed","hubris:Greed","hubris:Greed","hubris:Greed","Sucker Punch+1","hubris:DuctTapeCard","Night Terror","ReplayUltimateDefense","Prepared","hubris:Greed","hubris:Greed","hubris:Greed","hubris:Greed","hubris:Greed","hubris:Greed","hubris:Greed","hubris:Greed","hubris:Greed","hubris:Greed","hubris:Greed","hubris:Greed","hubris:Greed","hubris:Greed","hubris:Greed","hubris:Greed","hubris:Greed","hubris:Greed","hubris:Greed","hubris:Greed","hubris:Greed","Acrobatics+1","hubris:Greed","hubris:Greed","hubris:Greed","hubris:Greed","hubris:Greed","hubris:Greed","hubris:Greed","hubris:Greed","hubris:Greed","hubris:Greed","hubris:Greed","hubris:Greed","hubris:Greed","hubris:Greed","hubris:Greed","hubris:Greed","hubris:Greed","hubris:Greed","hubris:Greed","hubris:Greed","hubris:Greed","hubris:Greed","hubris:Greed","hubris:Greed","hubris:Greed","hubris:Greed","hubris:Greed","hubris:Greed","hubris:Greed","hubris:Greed","hubris:Greed","hubris:Greed","hubris:Greed","hubris:Greed","hubris:Greed","hubris:Greed","hubris:Greed","hubris:Greed","hubris:Greed","hubris:Greed","hubris:Greed","hubris:Greed","hubris:Greed","hubris:Greed","hubris:Greed","hubris:Greed","hubris:Greed","hubris:Greed","hubris:Greed","hubris:Greed","hubris:Greed","hubris:Greed","hubris:Greed","hubris:Greed","hubris:Greed","hubris:Greed","hubris:Greed","hubris:Greed","hubris:Greed","hubris:Greed","hubris:Greed","Hidden Blade+1","hubris:Greed","hubris:Greed","hubris:Greed","hubris:Greed","hubris:Greed","hubris:Greed","hubris:Greed","hubris:Greed","hubris:Greed","hubris:Greed","hubris:Greed","hubris:Greed","hubris:Greed","hubris:Greed","hubris:Greed","hubris:Greed","hubris:Greed","hubris:Greed","hubris:Greed","hubris:Greed","hubris:Greed","hubris:Greed","hubris:Greed","hubris:Greed","hubris:Greed","hubris:Greed","hubris:Greed","hubris:Greed","hubris:Greed","hubris:Greed","hubris:Greed","hubris:Greed","hubris:Greed","hubris:Greed","hubris:Greed","hubris:Greed","hubris:Greed","hubris:Greed","hubris:Greed","hubris:Greed","hubris:Greed","hubris:Greed","hubris:Greed","hubris:Greed","hubris:Greed","hubris:Greed","hubris:Greed","hubris:Greed","hubris:Greed","hubris:Greed","hubris:Greed","hubris:Greed","hubris:Greed","hubris:Greed","hubris:Greed","hubris:Greed","hubris:Greed","hubris:Greed","hubris:Greed","hubris:Greed","hubris:Greed","hubris:Greed","hubris:Greed","hubris:Greed","hubris:Greed","hubris:Greed","hubris:Greed","hubris:Greed","hubris:Greed","hubris:Greed","hubris:Greed","hubris:Greed","hubris:Greed","hubris:Greed","hubris:Greed","hubris:Greed","hubris:Greed","hubris:Greed","hubris:Greed","hubris:Greed","hubris:Greed","hubris:Greed","hubris:Greed","hubris:Greed","hubris:Greed","hubris:Greed","hubris:Greed","hubris:Greed","hubris:Greed","hubris:Greed","hubris:Greed","hubris:Greed","hubris:Greed","hubris:Greed","hubris:Greed","hubris:Greed","hubris:Greed","hubris:Greed","hubris:Greed","hubris:Greed","hubris:Greed","hubris:Greed","hubris:Greed","hubris:Greed","hubris:Greed","hubris:Greed","Bouncing Flask+1","hubris:Greed","hubris:Greed","hubris:Greed","hubris:Greed","hubris:Greed","hubris:Greed","hubris:Greed","hubris:Greed","hubris:Greed","hubris:Greed","hubris:Greed","hubris:Greed","hubris:Greed","hubris:Greed","hubris:Greed","hubris:Greed","hubris:Greed","hubris:Greed","hubris:Greed","hubris:Greed","hubris:Greed","hubris:Greed","hubris:Greed","hubris:Greed","hubris:Greed","hubris:Greed","hubris:Greed","hubris:Greed","hubris:Greed","hubris:Greed","hubris:Greed","hubris:Greed","hubris:Greed","hubris:Greed","hubris:Greed","Draining Mist+1","Backflip","hubris:Greed","hubris:Greed","hubris:Greed","hubris:Greed","hubris:Greed","hubris:Greed","hubris:Greed","hubris:Greed","hubris:Greed","Acrobatics+1","Venomology","Venomology","Choke+1","Skewer+1","Caltrops+1","Master of Strategy+1","Finesse+1","ReplayTheSpireMod:Necrosis+1","hubris:Greed","hubris:Greed","hubris:Greed","hubris:Greed","hubris:Greed","hubris:Greed","hubris:Greed","hubris:Greed","hubris:Greed","hubris:Greed","hubris:Greed","hubris:Greed","hubris:Greed","hubris:Greed","hubris:Greed","hubris:Greed","hubris:Greed","hubris:Greed","hubris:Greed","hubris:Greed","hubris:Greed","hubris:Greed","hubris:Greed","hubris:Greed","hubris:Greed","hubris:Greed","hubris:Greed","hubris:Greed","hubris:Greed","hubris:Greed","hubris:Greed","hubris:Greed","hubris:Greed","hubris:Greed","hubris:Greed","hubris:Greed","hubris:Greed","hubris:Greed","Noxious Fumes+1","hubris:Greed","hubris:Greed","hubris:Greed","hubris:Greed","hubris:Greed","hubris:Greed","hubris:Greed","hubris:Greed","hubris:Greed","hubris:Greed","hubris:Greed","Hidden Blade+1","hubris:Greed","hubris:Greed","hubris:Greed","hubris:Greed","hubris:Greed","hubris:Greed","hubris:Greed","hubris:Greed","hubris:Greed","hubris:Greed","hubris:Greed","hubris:Greed","hubris:Greed","hubris:Greed","hubris:Greed","hubris:Greed","hubris:Greed","hubris:Greed","hubris:Greed","hubris:Greed","hubris:Greed"],"relics":["Coffee Dripper","hubris:Icosahedron","Pear","Whetstone","Blood Vial","Replay:Wax Seal","hubris:DeckOfHolding","ReplayTheSpireMod:Ring of Collecting","Ring of Peace","SacredBark","Potion Belt","ReplayTheSpireMod:Lightbulb","Chemical X","hubris:Reverence","Ring of Misfortune","Bronze Scales","Replay:Mystery Machine","Darkstone Periapt","Shovel","hubris:ScarierMask","Tingsha","hubris:DuctTape","Replay:WaspNest","hubris:CrystalStatue","Molten Egg 2","Ring of Fangs","Mummified Hand","Golden Egg","Bag of Marbles","Vajra","hubris:DisguiseKit","FossilizedHelix","Quantum Egg","hubris:HerbalPaste","Replay:Bandana"],"acts_visited":["Exordium","Exordium","TheBeyond","TheEnding"],"potions_floor_usage":[23,23,27,27,27,28,30,30,33,35,40,42,42,42,45,46,48,50,50,50,50,50,55,55,55],"damage_taken":[{"damage":0.0,"enemies":"2 Louse","floor":1.0,"turns":4.0},{"damage":0.0,"enemies":"Small Slimes","floor":2.0,"turns":3.0},{"damage":0.0,"enemies":"Jaw Worm","floor":3.0,"turns":4.0},{"damage":22.0,"enemies":"Gremlin Nob","floor":6.0,"turns":5.0},{"damage":13.0,"enemies":"Large Slime","floor":8.0,"turns":5.0},{"damage":3.0,"enemies":"Replay:BlueRogue","floor":11.0,"turns":4.0},{"damage":1.0,"enemies":"Blue Slaver","floor":12.0,"turns":3.0},{"damage":6.0,"enemies":"Lagavulin","floor":13.0,"turns":6.0},{"damage":3.0,"enemies":"Hexaghost","floor":16.0,"turns":10.0},{"damage":7.0,"enemies":"theJungle:Flameango_and_Byrd","floor":18.0,"turns":6.0},{"damage":8.0,"enemies":"theJungle:5_Spyders","floor":22.0,"turns":8.0},{"damage":28,"enemies":"theJungle:MamaSnecko","floor":23,"turns":9},{"damage":0,"enemies":"theJungle:Lyon","floor":25,"turns":8},{"damage":6,"enemies":"theJungle:Cassacara","floor":27,"turns":7},{"damage":26,"enemies":"theJungle:2_Flameangoes","floor":28,"turns":6},{"damage":0,"enemies":"theJungle:MamaSnecko","floor":30,"turns":10},{"damage":0,"enemies":"theJungle:Snecko_Cultist_And_Trap","floor":31,"turns":20},{"damage":37,"enemies":"theJungle:TotemBoss","floor":33,"turns":10},{"damage":0,"enemies":"3 Shapes","floor":35,"turns":5},{"damage":0,"enemies":"2 Orb Walkers","floor":37,"turns":6},{"damage":0,"enemies":"Orb Walker","floor":39,"turns":5},{"damage":0,"enemies":"Giant Head","floor":40,"turns":12},{"damage":0,"enemies":"Nemesis","floor":42,"turns":15},{"damage":66,"enemies":"Transient","floor":44,"turns":5},{"damage":18,"enemies":"Writhing Mass","floor":45,"turns":8},{"damage":0,"enemies":"Giant Head","floor":46,"turns":30},{"damage":0,"enemies":"Maw","floor":48,"turns":9},{"damage":0,"enemies":"Awakened One","floor":50,"turns":19},{"damage":0,"enemies":"Shield and Spear","floor":54,"turns":9},{"damage":99,"enemies":"The Heart","floor":55,"turns":14}],"seed_played":"-3045570058853294248","potions_obtained":[{"floor":2.0,"key":"Death Potion"},{"floor":3.0,"key":"Poison Potion"},{"floor":6.0,"key":"Weak Potion"},{"floor":13.0,"key":"SpeedPotion"},{"floor":18.0,"key":"Weak Potion"},{"floor":23,"key":"FearPotion"},{"floor":30,"key":"GhostInAJar"},{"floor":37,"key":"Strength Potion"},{"floor":40,"key":"CunningPotion"}],"is_trial":false,"path_per_floor":["M","M","M","?","?","E","T","M","T","?","E","M","E","?","R","B",null,"M","$","?","?","M","E","R","M","T","E","M","$","E","M","R","B",null,"M","?","?","$","M","E","R","E","T","M","M","E","$","M","R","B",null,"R","$","E","B",null],"character_chosen":"THE_SILENT","items_purchased":["Potion Belt","ReplayTheSpireMod:Lightbulb","Chemical X","Footwork","After Image","Regen Potion","hubris:DuctTape","Replay:WaspNest","Night Terror","ReplayUltimateDefense","Prepared","Venomology","Choke+1","Golden Egg","Bag of Marbles","Skewer+1","Caltrops","Master of Strategy","Finesse","FossilizedHelix","Quantum Egg","hubris:HerbalPaste","Noxious Fumes"],"campfire_rested":0,"item_purchase_floors":[19,19,19,19,29,29,38,38,38,38,38,47,47,47,47,47,47,47,47,53,53,53,53],"current_hp_per_floor":[70,70,70,63,63,51,51,38,38,27,26,27,23,23,23,22,80,73,73,73,73,67,41,41,43,43,39,15,15,69,131,95,205,236,356,338,458,458,584,950,950,1586,1586,1730,1714,1770,1770,1772,1772,2002,2078,2078,2078,2144,2171],"gold":8369,"neow_bonus":"BOSS_RELIC","is_daily":false,"chose_seed":false,"campfire_upgraded":2,"win_rate":0.0,"timestamp":1614293135,"path_taken":["M","M","M","?","?","E","?","M","T","?","E","?","E","?","R","BOSS","M","$","?","?","M","E","R","?","T","E","M","?","E","M","R","BOSS","M","?","?","$","M","E","R","E","T","M","M","E","$","?","R","BOSS","R","$","E","BOSS"],"items_purchased_type":["Relic","Relic","Relic","Card","Card","Potion","Relic","Relic","Card","Card","Card","Card","Card","Relic","Relic","Card","Card","Card","Card","Relic","Relic","Relic","Card"],"build_version":"2020-12-22","purchased_purges":2,"victory":true,"max_hp_per_floor":[70,70,70,70,70,80,80,80,80,80,80,80,80,80,80,80,80,80,80,80,80,80,80,80,80,80,80,80,80,80,140,140,236,236,356,338,458,458,584,950,950,1586,1586,1796,1796,1850,1850,1850,1850,2078,2078,2078,2078,2144,2270],"card_choices":[{"not_picked":["Backflip","Replay:Poison Smokescreen"],"picked":"Blade Dance","floor":1.0},{"not_picked":["ReplayTheSpireMod:Speed Training","Finisher"],"picked":"Fluid Movement","floor":2.0},{"not_picked":["Endless Agony","Acrobatics"],"picked":"Dagger Spray","floor":3.0},{"not_picked":["Prepared","hubris:SlightOfHand"],"picked":"Venomology","floor":6.0},{"not_picked":["Sucker Punch","Poisoned Stab"],"picked":"Cloak And Dagger","floor":8.0},{"not_picked":["hubris:SlightOfHand","Skewer"],"picked":"Bane","floor":11.0},{"not_picked":["Dagger Throw","Toxin Wave"],"picked":"Tools of the Trade","floor":12.0},{"not_picked":["Catalyst","hubris:Counter"],"picked":"Hidden Blade","floor":13.0},{"not_picked":["Burst","Unload"],"picked":"Storm of Steel","floor":16.0},{"not_picked":["Slice","Deadly Poison"],"picked":"Toxin Wave","floor":18.0},{"not_picked":["hubris:Sniper","Heel Hook"],"picked":"Draining Mist","floor":22.0},{"not_picked":["Acrobatics","Dagger Throw"],"picked":"Sucker Punch+1","floor":23},{"not_picked":["Tactician","Hidden Blade"],"picked":"Dodge and Roll","floor":25},{"not_picked":["Masterful Stab+1","Sneak Up+1"],"picked":"Flying Knee+1","floor":27},{"not_picked":["Sucker Punch+1","Cloak And Dagger"],"picked":"Catalyst","floor":28},{"not_picked":["hubris:Sniper","hubris:SlightOfHand"],"picked":"ReplayTheSpireMod:Shiv Toss","floor":30},{"not_picked":["Deadly Poison","Endless Agony"],"picked":"Prepared","floor":31},{"not_picked":["ReplayTheSpireMod:Necrosis","Tools of the Trade"],"picked":"Corpse Explosion","floor":33},{"not_picked":["Outmaneuver+1","Dagger Spray"],"picked":"Hidden Blade","floor":35},{"not_picked":["Blur+1","hubris:SlightOfHand"],"picked":"Sucker Punch+1","floor":37},{"not_picked":["Replay:Poison Smokescreen","Fluid Movement+1"],"picked":"Acrobatics+1","floor":39},{"not_picked":["Prepared","Underhanded Strike+1"],"picked":"Hidden Blade+1","floor":40},{"not_picked":["hubris:SlightOfHand+1","Fluid Movement"],"picked":"Bouncing Flask+1","floor":42},{"not_picked":["Slice+1","ReplayTheSpireMod:Exploit Weakness"],"picked":"Draining Mist+1","floor":44},{"not_picked":["Prepared","Dodge and Roll"],"picked":"Backflip","floor":45},{"not_picked":["Skewer+1","ReplayTheSpireMod:Shiv Toss+1"],"picked":"Acrobatics+1","floor":46},{"not_picked":["Tactician","Slice+1"],"picked":"ReplayTheSpireMod:Necrosis","floor":48},{"not_picked":["Backflip+1","Doppelganger","Entrench"],"picked":"Hidden Blade+1","floor":54}],"player_experience":122091,"relics_obtained":[{"floor":6.0,"key":"Pear"},{"floor":7.0,"key":"Whetstone"},{"floor":9.0,"key":"Blood Vial"},{"floor":11.0,"key":"Replay:Wax Seal"},{"floor":13.0,"key":"hubris:DeckOfHolding"},{"floor":14.0,"key":"ReplayTheSpireMod:Ring of Collecting"},{"floor":14.0,"key":"Ring of Peace"},{"floor":23,"key":"hubris:Reverence"},{"floor":26,"key":"Ring of Misfortune"},{"floor":26,"key":"Bronze Scales"},{"floor":27,"key":"Replay:Mystery Machine"},{"floor":30,"key":"Darkstone Periapt"},{"floor":37,"key":"Tingsha"},{"floor":40,"key":"hubris:CrystalStatue"},{"floor":42,"key":"Molten Egg 2"},{"floor":43,"key":"Ring of Fangs"},{"floor":46,"key":"Mummified Hand"},{"floor":49,"key":"Vajra"},{"floor":52,"key":"hubris:DisguiseKit"},{"floor":54,"key":"Replay:Bandana"}],"event_choices":[{"cards_removed":["Defend_G"],"damage_healed":0.0,"max_hp_gain":0.0,"max_hp_loss":0.0,"gold_gain":0.0,"event_name":"Golden Wing","player_choice":"Card Removal","floor":4.0,"gold_loss":0.0,"damage_taken":7.0},{"damage_healed":0.0,"max_hp_gain":0.0,"max_hp_loss":0.0,"gold_gain":75.0,"event_name":"World of Goop","player_choice":"Gather Gold","floor":10.0,"gold_loss":0.0,"damage_taken":11.0},{"damage_healed":0.0,"max_hp_gain":0.0,"max_hp_loss":0.0,"gold_gain":0.0,"cards_transformed":["Strike_G"],"event_name":"Transmorgrifier","player_choice":"Transformed","floor":21.0,"gold_loss":0.0,"damage_taken":0.0,"cards_obtained":["Malaise"]},{"damage_healed":0,"gold_gain":0,"player_choice":"Max HP","damage_taken":0,"max_hp_gain":0,"max_hp_loss":18,"event_name":"Winding Halls","floor":36,"gold_loss":0},{"damage_healed":0,"gold_gain":0,"player_choice":"Fight","damage_taken":0,"max_hp_gain":0,"max_hp_loss":0,"event_name":"Mysterious Sphere","floor":37,"gold_loss":0}],"is_beta":false,"boss_relics":[{"not_picked":["Replay:Bronze Core","Ring of Chaos"],"picked":"SacredBark"},{"not_picked":["Fusion Hammer","Philosopher\u0027s Stone"],"picked":"hubris:ScarierMask"}],"items_purged_floors":[47,53],"is_endless":false,"potions_floor_spawned":[2,3,6,13,18,23,30,37,40,42,46],"ascension_level":2}}