{"host":"d52brwsy6af8zvaq","time":1614291833,"event":{"mods":["AchievementEnabler","BaseMod","Bestiary","Highlight Path","Minty Spire (QoL Compilation)","Quick Restart","Relic Stats","ojb\u0027s Better Paths Mod"],"gold_per_floor":[116,1,1,14,27,56,56,90,90,90,108,108,121,121,121,197,197,212,224,240,240,240],"floor_reached":21,"language":"ENG","playtime":897,"items_purged":[],"score":382,"play_id":"6aa85586-c760-4977-9678-75970396d37d","local_time":"20210225152353","is_ascension_mode":true,"campfire_choices":[{"floor":7.0,"key":"REST"},{"floor":10.0,"key":"REST"},{"data":"Sunder","floor":12.0,"key":"SMITH"},{"data":"Barrage","floor":15.0,"key":"SMITH"}],"circlet_count":0,"master_deck":["AscendersBane","Strike_B","Defend_B","Defend_B","Defend_B","Defend_B","Zap+1","Dualcast","All For One","Ball Lightning","Glacier","Barrage+1","Sweeping Beam","Compile Driver","Auto Shields","Sunder+1","Turbo","Undo","Machine Learning+1","Beam Cell","Electrodynamics+1","Blizzard+1","BootSequence+1","Coolheaded+1","Self Repair+1","Steam","FTL"],"relics":["Cracked Core","Blue Candle","Frozen Egg 2","Pantograph","Astrolabe"],"acts_visited":["Exordium","TheCity"],"potions_floor_usage":[],"damage_taken":[{"damage":7.0,"enemies":"Jaw Worm","floor":1.0,"turns":3.0},{"damage":1.0,"enemies":"Cultist","floor":4.0,"turns":3.0},{"damage":0.0,"enemies":"Small Slimes","floor":5.0,"turns":3.0},{"damage":35.0,"enemies":"3 Sentries","floor":6.0,"turns":7.0},{"damage":38.0,"enemies":"Lagavulin","floor":8.0,"turns":12.0},{"damage":11.0,"enemies":"3 Louse","floor":11.0,"turns":3.0},{"damage":1.0,"enemies":"2 Fungi Beasts","floor":13.0,"turns":3.0},{"damage":13.0,"enemies":"Slime Boss","floor":16.0,"turns":6.0},{"damage":5.0,"enemies":"Spheric Guardian","floor":18.0,"turns":5.0},{"damage":26.0,"enemies":"Chosen","floor":19.0,"turns":6.0},{"damage":34.0,"enemies":"Snake Plant","floor":20.0,"turns":6.0},{"damage":19,"enemies":"3 Cultists","floor":21,"turns":4}],"seed_played":"-1525289530161086934","potions_obtained":[{"floor":11.0,"key":"Explosive Potion"},{"floor":13.0,"key":"EssenceOfDarkness"},{"floor":16.0,"key":"Ancient Potion"}],"is_trial":false,"path_per_floor":["M","$","?","M","M","E","R","E","T","R","M","R","M","?","R","B",null,"M","M","M","M"],"character_chosen":"DEFECT","items_purchased":["Glacier","Barrage"],"campfire_rested":2,"item_purchase_floors":[2,2],"current_hp_per_floor":[57,57,57,56,56,21,42,4,4,25,14,14,13,13,13,25,60,55,39,15,0,0],"gold":240,"neow_bonus":"ONE_RANDOM_RARE_CARD","is_daily":false,"chose_seed":false,"campfire_upgraded":2,"win_rate":0.0,"timestamp":1614291833,"path_taken":["M","$","?","M","M","E","R","E","T","R","M","R","M","?","R","BOSS","M","M","?","M"],"items_purchased_type":["Card","Card"],"build_version":"2020-12-22","purchased_purges":0,"victory":false,"max_hp_per_floor":[71,71,71,71,71,71,71,71,71,71,71,71,71,71,71,71,71,71,71,71,71,71],"relic_stats":{"counters":[12,61],"Blue Candle":[0],"Pantograph":25,"Astrolabe":["Blizzard","BootSequence","Coolheaded"],"obtain_stats":[{"Blue Candle":6,"Pantograph":9,"Astrolabe":17,"Frozen Egg 2":8,"Cracked Core":0},{"Blue Candle":4,"Pantograph":5,"Astrolabe":8,"Frozen Egg 2":5,"Cracked Core":0},{"Blue Candle":16,"Pantograph":28,"Astrolabe":40,"Frozen Egg 2":28,"Cracked Core":0}]},"card_choices":[{"not_picked":["Steam","Stack"],"picked":"Ball Lightning","floor":1.0},{"not_picked":["Beam Cell","Storm"],"picked":"Sweeping Beam","floor":4.0},{"not_picked":["Steam","Aggregate"],"picked":"Compile Driver","floor":5.0},{"not_picked":["Barrage","Multi-Cast"],"picked":"Auto Shields","floor":6.0},{"not_picked":["Gash","Streamline","Stack"],"picked":"SKIP","floor":8.0},{"not_picked":["Compile Driver","Hologram"],"picked":"Sunder","floor":11.0},{"not_picked":["Ball Lightning","Beam Cell"],"picked":"Turbo","floor":13.0},{"not_picked":["Rainbow","Hyperbeam"],"picked":"Electrodynamics+1","floor":16.0},{"not_picked":["Rebound","Fusion"],"picked":"Self Repair+1","floor":18.0},{"not_picked":["Streamline","Compile Driver"],"picked":"Steam","floor":19.0},{"not_picked":["Stack","FTL","Rip and Tear"],"picked":"SKIP","floor":20.0},{"not_picked":["Stack","Rip and Tear"],"picked":"FTL","floor":20.0}],"player_experience":2373919,"relics_obtained":[{"floor":6.0,"key":"Blue Candle"},{"floor":8.0,"key":"Frozen Egg 2"},{"floor":9.0,"key":"Pantograph"}],"event_choices":[{"damage_healed":0.0,"max_hp_gain":0.0,"max_hp_loss":0.0,"gold_gain":0.0,"event_name":"Living Wall","player_choice":"Grow","floor":3.0,"gold_loss":0.0,"damage_taken":0.0,"cards_upgraded":["Zap"]},{"damage_healed":0.0,"max_hp_gain":0.0,"max_hp_loss":0.0,"gold_gain":0.0,"event_name":"Match and Keep!","player_choice":"3 cards matched","floor":14.0,"gold_loss":0.0,"damage_taken":0.0,"cards_obtained":["Undo","Machine Learning","Beam Cell"]}],"is_beta":false,"boss_relics":[{"not_picked":["Coffee Dripper","Calling Bell"],"picked":"Astrolabe"}],"items_purged_floors":[],"is_endless":false,"potions_floor_spawned":[11,13,16],"killed_by":"3 Cultists","ascension_level":20}}