{"host":"81iaqqr1ryudmr11","time":1614281961,"event":{"mods":["BaseMod","Highlight Path","Minty Spire (QoL Compilation)","Relic Stats"],"gold_per_floor":[113,129,129,146,146,146,146],"floor_reached":6,"language":"ENG","playtime":412,"items_purged":[],"score":49,"play_id":"c7580235-93ba-4d64-8fff-7e575dfbe38c","local_time":"20210225203921","is_ascension_mode":true,"campfire_choices":[],"circlet_count":0,"master_deck":["Strike_P","Strike_P","Strike_P","Strike_P","Defend_P","Defend_P","Defend_P","Defend_P","Eruption","Vigilance","CurseOfTheBell","Adaptation","EmptyBody"],"relics":["Calling Bell","Dream Catcher","Ornamental Fan","Ginger","FaceOfCleric","Meat on the Bone"],"acts_visited":[],"potions_floor_usage":[6,6],"damage_taken":[{"damage":0.0,"enemies":"Cultist","floor":1.0,"turns":4.0},{"damage":1.0,"enemies":"2 Louse","floor":2.0,"turns":4.0},{"damage":5,"enemies":"Small Slimes","floor":4,"turns":4},{"damage":63,"enemies":"Gremlin Nob","floor":6,"turns":6}],"seed_played":"-168808077437392811","potions_obtained":[{"floor":2.0,"key":"Block Potion"},{"floor":4,"key":"DuplicationPotion"}],"is_trial":false,"path_per_floor":["M","M","?","M","?","E"],"character_chosen":"WATCHER","items_purchased":[],"campfire_rested":0,"item_purchase_floors":[],"current_hp_per_floor":[65,64,64,60,53,0,0],"gold":146,"neow_bonus":"BOSS_RELIC","is_daily":false,"chose_seed":false,"campfire_upgraded":0,"win_rate":0.0,"timestamp":1614281961,"path_taken":["M","M","?","?","?","E"],"items_purchased_type":[],"build_version":"2020-12-22","purchased_purges":0,"victory":false,"max_hp_per_floor":[72,72,72,73,73,73,73],"relic_stats":{"Dream Catcher":0,"FaceOfCleric":1,"counters":[2,10],"Ornamental Fan":[8],"Ginger":[1],"obtain_stats":[{"Calling Bell":0,"Dream Catcher":0,"FaceOfCleric":0,"Ornamental Fan":0,"Ginger":0,"Meat on the Bone":5},{"Calling Bell":0,"Dream Catcher":0,"FaceOfCleric":0,"Ornamental Fan":0,"Ginger":0,"Meat on the Bone":1},{"Calling Bell":0,"Dream Catcher":0,"FaceOfCleric":0,"Ornamental Fan":0,"Ginger":0,"Meat on the Bone":4}],"Meat on the Bone":0},"card_choices":[{"not_picked":["JustLucky","ClearTheMind"],"picked":"Adaptation","floor":1.0},{"not_picked":["FlurryOfBlows","Prostrate"],"picked":"EmptyBody","floor":2.0},{"not_picked":["ClearTheMind","LikeWater","Fasting2"],"picked":"SKIP","floor":4}],"player_experience":240880,"relics_obtained":[{"floor":0.0,"key":"Dream Catcher"},{"floor":0.0,"key":"Ornamental Fan"},{"floor":0.0,"key":"Ginger"}],"event_choices":[{"damage_healed":0.0,"max_hp_gain":0.0,"max_hp_loss":0.0,"gold_gain":0.0,"event_name":"FaceTrader","player_choice":"Trade","floor":3.0,"gold_loss":0.0,"damage_taken":0.0,"relics_obtained":["FaceOfCleric"]},{"damage_healed":0,"gold_gain":0,"player_choice":"Success","damage_taken":7,"relics_obtained":["Meat on the Bone"],"max_hp_gain":0,"max_hp_loss":0,"event_name":"Scrap Ooze","floor":5,"gold_loss":0}],"is_beta":false,"boss_relics":[],"items_purged_floors":[],"is_endless":false,"potions_floor_spawned":[2,4],"killed_by":"Gremlin Nob","ascension_level":7}}