{"host":"za9ilm1uiwmpmin1","time":1614240272,"event":{"mods":["AchievementEnabler","Act Like it!","BaseMod","Friendly Minions","Gensokyo","KomeijiMod","Library of Ruina","Library of Ruina Extra","Minty Spire (QoL Compilation)","MostiFishMod","StSLib","TestMod","Waifu the Spire"],"gold_per_floor":[113,129,144,74,74,74,87,115,115,15,15,27,9,37,37,142,142,162,480,5,5,24,24,24,389,412,459,459,523,567,631,631,816,816,867,867,867,867,1005,1079,1135,1209,1289,1289,1364,1092,1152,781,781,820,1119,1119,1119,659,765,804],"floor_reached":57,"language":"ZHS","playtime":2124,"items_purged":["FocusedStrikes+1"],"score":2551,"play_id":"e2e94399-15bf-4861-a507-fedb0ddd8929","local_time":"20210225160432","is_ascension_mode":true,"campfire_choices":[{"floor":6,"key":"RECALL"},{"data":"UnforgettableMelody","floor":15,"key":"SMITH"},{"data":"SenseQuarry","floor":23,"key":"SMITH"},{"data":"GutHarvesting","floor":32,"key":"SMITH"},{"data":"TrashDisposal","floor":49,"key":"SMITH"},{"data":"LeRegole","floor":53,"key":"SMITH"}],"circlet_count":0,"master_deck":["LightDefense+1","LightDefense","LightDefense","ChargeAndCover+1","Parry2","Faith+1","SenseQuarry+1","UnforgettableMelody+1","Quickness+1","GutHarvesting+1","FrontalAssault+1","TrashDisposal+1","LeRegole+1"],"relics":["PageOfLibrarian","DaveBox","testmod-TestBox","testmod-AscensionHeart","SacredBark","SynthV:TestCard","Mercury Hourglass","PageOfAlriune","Gremlin Horn","Question Card","testmod-CardMagician","BirthdayGift-Tetrahedron","BirthdayGift-Icosahedron","Medical Kit","Art of War","Bottled Lightning","Blood Vial","PageOfScorchedGirl","Transparent","Happy Flower","Pen Nib","StrikeDummy","Mummified Hand","TheAbacus","PageOfBloodbath","testmod-Charity","PreservedInsect","BrkXgEgg","Pear","PageOfFreischutz","Nunchaku"],"acts_visited":["Exordium","Gensokyo:Gensokyo","Gensokyo:Gensokyoer","TheEnding"],"potions_floor_usage":[56,56,56],"damage_taken":[{"damage":0,"enemies":"Gensokyo:Python","floor":1,"turns":4},{"damage":0,"enemies":"Gensokyo:2_Kodama","floor":2,"turns":3},{"damage":2,"enemies":"Gensokyo:Gryphon","floor":3,"turns":3},{"damage":7,"enemies":"Gensokyo:3_Kodama","floor":7,"turns":6},{"damage":0,"enemies":"Gensokyo:Aya","floor":8,"turns":4},{"damage":0,"enemies":"Gensokyo:Kitsune","floor":12,"turns":2},{"damage":0,"enemies":"Gensokyo:Mamizou","floor":14,"turns":5},{"damage":0,"enemies":"Gensokyo:Reimu","floor":16,"turns":5},{"damage":10,"enemies":"Gensokyo:3_Dogs","floor":18,"turns":4},{"damage":16,"enemies":"Gensokyo:CosmicMonolith","floor":19,"turns":4},{"damage":1,"enemies":"Gensokyo:Slime_Group","floor":22,"turns":2},{"damage":1,"enemies":"Gensokyo:Koishi","floor":25,"turns":2},{"damage":0,"enemies":"Gensokyo:Mirror_and_Dog","floor":27,"turns":1},{"damage":0,"enemies":"Gensokyo:Tenshi","floor":29,"turns":1},{"damage":1,"enemies":"Gensokyo:Wraith","floor":30,"turns":2},{"damage":0,"enemies":"Gensokyo:Reisen","floor":31,"turns":1},{"damage":9,"enemies":"Gensokyo:Eternal_Rivals","floor":33,"turns":6},{"damage":0,"enemies":"Gensokyo:AncientGuardian","floor":35,"turns":1},{"damage":0,"enemies":"Gensokyo:3_Bats","floor":39,"turns":1},{"damage":20,"enemies":"Gensokyo:Doremy","floor":40,"turns":2},{"damage":0,"enemies":"Gensokyo:Sharpion","floor":41,"turns":1},{"damage":20,"enemies":"Gensokyo:Kasen","floor":42,"turns":2},{"damage":20,"enemies":"Gensokyo:Doremy","floor":45,"turns":2},{"damage":0,"enemies":"Gensokyo:4_Bats","floor":47,"turns":1},{"damage":20,"enemies":"Gensokyo:Yuyuko","floor":50,"turns":2},{"damage":42,"enemies":"Gensokyo:Yuyuko","floor":51,"turns":3},{"damage":24,"enemies":"Shield and Spear","floor":55,"turns":2},{"damage":51,"enemies":"The Heart","floor":56,"turns":3}],"seed_played":"8818030808886876768","potions_obtained":[{"floor":1,"key":"testmod-TestPotion"},{"floor":2,"key":"AttackPotion"},{"floor":3,"key":"FearPotion"},{"floor":14,"key":"Energy Potion"},{"floor":25,"key":"PowerPotion"}],"is_trial":false,"path_per_floor":["M","M","M","?","?","R","M","E","T","?","$","M","COS","E","R","B",null,"M","M","COS","?","M","R","?","E","T","M","T","E","M","E","R","B",null,"M","?","?","?","M","E","M","E","T","?","E","COS","M","$","R","B",null,null,"R","$","E","B",null],"character_chosen":"Librarian","items_purchased":["PageOfBloodbath","testmod-Charity","BrkXgEgg","Pear","ColorlessPotion"],"campfire_rested":0,"item_purchase_floors":[48,48,54,54,54],"current_hp_per_floor":[55,56,55,55,55,55,49,50,50,50,50,51,51,52,52,58,80,71,56,56,56,57,57,57,58,58,60,60,62,65,69,69,73,87,92,92,92,92,92,92,92,92,92,92,92,92,92,92,92,98,99,99,99,109,112,118],"gold":804,"neow_bonus":"REMOVE_CARD","is_daily":false,"chose_seed":false,"campfire_upgraded":5,"win_rate":0.0,"timestamp":1614240272,"path_taken":["M","?","M","?","?","R","M","E","T","?","?","M","COS","E","R","BOSS","M","M","COS","?","M","R","?","E","T","?","?","E","M","E","R","BOSS","M","?","?","?","M","E","M","E","T","?","E","COS","M","$","R","BOSS","R","$","E","BOSS"],"items_purchased_type":["Relic","Relic","Relic","Relic","Potion"],"build_version":"2020-12-22","purchased_purges":1,"victory":true,"max_hp_per_floor":[78,78,78,78,78,78,78,78,78,78,78,78,78,78,78,87,87,87,87,87,87,87,87,87,87,87,87,87,87,87,87,87,92,92,92,92,92,92,92,92,92,92,92,92,92,92,92,92,92,98,99,99,99,109,112,118],"card_choices":[{"not_picked":["SmokingPipe","Concentration","CombatPreparation","FeelinGood","Pound","EnergyConversion","FierceOnslaught","UnavoidableGaze","Thrust"],"picked":"SKIP","floor":1},{"not_picked":["DimensionalRift","Quickness","MultiBlock","Multislash","ViolentFlame","BayonetCombat","GuardingStance","Concentration","StructuralAnalysis","UpbeatPerformance"],"picked":"Parry2","floor":2},{"not_picked":["Laceration","StructuralAnalysis","HardRehearsal","EnergyCycle","BiAn","BackAttack","StrongStrike","AsThePrescriptOrders","FieryDragonSlash","DestructiveImpact"],"picked":"Faith","floor":3},{"not_picked":["Parry2","Diversion","SnakeSlit","SinglePointStab","MultiBlock","Suppress","Rewind","SerpentineBarrier","TrimTheIngredients","DarkCloud"],"picked":"FrontalAssault","floor":7},{"not_picked":["GroundSmash","Punishment","RipSpace","Punishment","Commandeering","MirageStorm","Deflect_lor","SavageMode","FleshFillet","RipSpace"],"picked":"SenseQuarry","floor":8},{"not_picked":["Faith","Parry2","ClassAndRespect","ViolentFlame","AsThePrescriptOrders","MirageStorm","SharpSwipe","Outburst","MultiBlock","Diversion","DarkCloud"],"picked":"SKIP","floor":12},{"not_picked":["SavageMode","DaringDecision","Decapitation","EmotionalTurbulence","Castigation","UnforgettableMelody","SilentNight","TieShanKao","RipSpace","Eradication"],"picked":"UnforgettableMelody","floor":14},{"not_picked":["ViolentFlame+1","TendonChords","Rampage_lor","ChopItOff","SearingSword","HighKick","Wallop_lor","SharpSwipe+1","DefenseOrder","WaitUp","SmokingPipe","Pound+1"],"picked":"SKIP","floor":18},{"not_picked":["ScatteringSlash","ExtractFuel","UncannyStrike","UnavoidableGaze","DestructiveImpact","IngredientHunt","Overpower","BattleCommand","WillOfThePrescript","Juggling+1","Multislash+1"],"picked":"Quickness+1","floor":19},{"not_picked":["Collision","EndlessBattle","OpportunitySpotted","FleetFootsteps","BlowItUp+1","Wallop_lor","Diversion","Pound+1","ProselytesBlade","MultiHit","Observe","FieryWaltz+1"],"picked":"SKIP","floor":22},{"not_picked":["Eradication","GutHarvesting","BlazingStrike","Tttonst","Disposal","CleanUp","Suppress","RagingStormLove","TieShanKao","Decapitation","WillProduceFineSilk","SilentNight"],"picked":"SKIP","floor":25},{"not_picked":["AGoldenOpportunity+1","StructuralAnalysis","EnergyStrike+1","Wallop_lor+1","HiddenBlade","FaintMemories","HeavyPeaks","BattleCommand","Parry+1","EndlessBattle+1","QuickAttack"],"picked":"FrontalAssault+1","floor":27},{"not_picked":["SavageMode","Tttonst","RagingStormLove","Castigation","UnforgettableMelody","EmotionalTurbulence","RipSpace","Suppress","ChargeUp","EmotionalTurbulence","Deflect_lor","Observe"],"picked":"SKIP","floor":29},{"not_picked":["QuickSuppression","MultiBlock","DestructiveImpact+1","StructuralAnalysis","SpearedSweep","ICanCookAnything+1","FendThisOffIfYouCan+1","Struggle","LossOfSenses","StrikeDown+1","Gigigig+1","Cruelty"],"picked":"SKIP","floor":30},{"not_picked":["Suppress","Castigation","Deflect_lor","RipSpace","TieShanKao","GoinFirst","LeRegole","RagingStormLove","DaringDecision","SenseQuarry","Cruelty"],"picked":"TrashDisposal","floor":31},{"not_picked":["EnergyStrike","EnergyCycle","SnakeSlit+1","BackAttack","ClassAndRespect","HighKick+1","SkitterAway+1","BiAn+1","InnerArdor+1","DesperateStruggle","PreemptiveStrike","HiddenBlade+1"],"picked":"SKIP","floor":35},{"not_picked":["StructuralAnalysis","CumulusWall+1","FleetEdge","ToWhereThePrescriptPoints","AutonomousRush+1","SetFire+1","Struggle+1","PreparedMind","QuickAttack","MultiHit+1","ICanCookAnything+1","Faith+1"],"picked":"SKIP","floor":39},{"not_picked":["Eradication","ScratchThat","Decapitation","CleanUp","LeRegole","Tttonst","Castigation","ChargeUp","EnergyBeam","Suppress","BoundaryOfDeath"],"picked":"LeRegole","floor":40},{"not_picked":["ChargeUp","Multislash+1","WillBeTasty","HighSpeedStabbing","AsThePrescriptOrders+1","SkitterAway","IngredientHunt+1","ToOvercomeCrisis","ViolentFlame+1","SerpentineBarrier+1","FlashingStrike+1","SetFire+1"],"picked":"SKIP","floor":41},{"not_picked":["SenseQuarry","FormingStorm","Cruelty","ChargeUp","UnforgettableMelody","Tttonst","Suppress","Punishment","GroundSmash","SavageMode","FormingStorm","LeRegole"],"picked":"SKIP","floor":42},{"not_picked":["RagingStormLove","DaringDecision","Observe","ScratchThat","Eradication","Punishment","TrashDisposal","Transpierce","MirageStorm","SenseQuarry","Punishment","Punishment"],"picked":"SKIP","floor":45},{"not_picked":["SinglePointStab+1","RulesOfTheBackstreets","GuardingStance","QuickSuppression","BiAn","DarkCloud","Unlock1+1","RushDown+1","BlowItUp","SharpSwipe+1","SerpentineBarrier","FeelinGood+1"],"picked":"SKIP","floor":47},{"not_picked":["GutHarvesting","RagingStormLove","Disposal","EnergyBeam","Castigation","EnergyBeam","LeRegole","Decapitation+1","BlazingStrike","SilentNight","Cruelty","Observe"],"picked":"SKIP","floor":55}],"player_experience":770905,"relics_obtained":[{"floor":1,"key":"SynthV:TestCard"},{"floor":8,"key":"Mercury Hourglass"},{"floor":9,"key":"PageOfAlriune"},{"floor":14,"key":"Question Card"},{"floor":25,"key":"Art of War"},{"floor":28,"key":"Bottled Lightning"},{"floor":29,"key":"Blood Vial"},{"floor":31,"key":"PageOfScorchedGirl"},{"floor":40,"key":"Happy Flower"},{"floor":42,"key":"Pen Nib"},{"floor":43,"key":"StrikeDummy"},{"floor":45,"key":"Mummified Hand"},{"floor":55,"key":"Nunchaku"}],"event_choices":[{"damage_healed":0,"gold_gain":0,"player_choice":"Swap Relic","damage_taken":0,"relics_obtained":["Technique"],"max_hp_gain":0,"max_hp_loss":0,"event_name":"给自己的盒子","floor":5,"relics_lost":["Technique"],"gold_loss":0}],"is_beta":false,"boss_relics":[{"not_picked":["testmod-SaigiyounoYou","Fusion Hammer"],"picked":"testmod-CardMagician"},{"not_picked":["testmod-BatchProcessingSystem","PageOfBlackSwan"],"picked":"Transparent"}],"items_purged_floors":[48],"is_endless":false,"potions_floor_spawned":[1,2,3,14,18,19,25,27,31,35,41,42,45,55],"ascension_level":9}}