{"host":"t0bo9kmlst92gdfh","time":1614228500,"event":{"mods":["Bard","BaseMod","Block Reminder","Colored Powertips","DeckTracker","Jorbs\u0027s Wanderer Trilogy","Minty Spire (QoL Compilation)","Relic Stats","Reliquary","StSLib","The Animator","The Cursed","The Elementalist","The Gatherer"],"gold_per_floor":[109,109,58,77,77,77,77],"floor_reached":6,"language":"ENG","playtime":522,"items_purged":[],"score":44,"play_id":"04a41c61-681a-490e-84f6-7e4418762bc3","local_time":"20210224204820","is_ascension_mode":false,"campfire_choices":[],"circlet_count":0,"master_deck":["bard:Strike","bard:Strike","bard:Strike","bard:Strike","bard:Defend","bard:Defend","bard:Defend","bard:Defend","bard:Riposte","bard:Inspire","bard:Thunderwave","bard:BucklerBash"],"relics":["bard:PitchPipe","bard:BagPipes","Golden Idol"],"acts_visited":["Exordium"],"potions_floor_usage":[],"damage_taken":[{"damage":3,"enemies":"2 Louse","floor":1,"turns":4},{"damage":3,"enemies":"Jaw Worm","floor":4,"turns":3},{"damage":28,"enemies":"3 Sentries","floor":6,"turns":8}],"seed_played":"1820524934550067735","potions_obtained":[{"floor":4,"key":"BlessingOfTheForge"}],"is_trial":false,"path_per_floor":["M","?","$","M","?","E"],"character_chosen":"BARD","items_purchased":["bard:Thunderwave"],"campfire_rested":0,"item_purchase_floors":[3],"current_hp_per_floor":[74,74,74,71,52,24,24],"gold":77,"neow_bonus":"TEN_PERCENT_HP_BONUS","is_daily":false,"chose_seed":false,"campfire_upgraded":0,"win_rate":0.0,"timestamp":1614228500,"path_taken":["M","?","$","M","?","E"],"items_purchased_type":["Card"],"build_version":"2020-12-22","purchased_purges":0,"victory":false,"max_hp_per_floor":[77,77,77,77,77,77,77],"relic_stats":{"counters":[3,15],"Golden Idol":7,"obtain_stats":[{"bard:BagPipes":0,"bard:PitchPipe":0,"Golden Idol":5},{"bard:BagPipes":0,"bard:PitchPipe":0,"Golden Idol":2},{"bard:BagPipes":0,"bard:PitchPipe":0,"Golden Idol":7}]},"card_choices":[{"not_picked":["bard:InspiringSong","bard:QuickSong","bard:MantleOfInspiration"],"picked":"SKIP","floor":1},{"not_picked":["bard:Gamble","bard:Parry"],"picked":"bard:BucklerBash","floor":4}],"player_experience":73073,"relics_obtained":[],"event_choices":[{"damage_healed":0,"gold_gain":0,"player_choice":"Ignored","damage_taken":0,"max_hp_gain":0,"max_hp_loss":0,"event_name":"Golden Wing","floor":2,"gold_loss":0},{"damage_healed":0,"gold_gain":0,"player_choice":"Take Damage","damage_taken":19,"relics_obtained":["Golden Idol"],"max_hp_gain":0,"max_hp_loss":0,"event_name":"Golden Idol","floor":5,"gold_loss":0}],"is_beta":false,"boss_relics":[],"items_purged_floors":[],"is_endless":false,"potions_floor_spawned":[4],"killed_by":"3 Sentries","ascension_level":0}}