{"host":"u1dfzl6o6mfmauc3","time":1614287258,"event":{"mods":["2.2 Compatiblity","AchievementEnabler","BaseMod","Bestiary","Block Reminder","Challenge The Spire","Colored Map","Dark Map","Hermit","Highlight Path","Minty Spire (QoL Compilation)","Random Character Button","Rare Cards Sparkle","Relic Stats","Robot Space Explorer","StSLib","The Disciple"],"gold_per_floor":[116,291,291,306,78,91,118,129,129,129,129,129,129,129,157,177,177,272,272,284,284,302,121,121,149,149,184,184,209,256,289,330,342,397,428,440,452,568,580,608,191,200,200,118,146,1,1,22,47,47,47,77,77,113,0,0,0,0],"floor_reached":59,"language":"ENG","playtime":2333,"items_purged":["Doubt","Strike_B","Strike_B"],"score":1248,"play_id":"e6da7594-d3d9-43af-9117-23cc426d7d5d","local_time":"20210225160738","is_ascension_mode":true,"campfire_choices":[{"data":"Defragment","floor":9,"key":"SMITH"},{"data":"Zap","floor":12,"key":"SMITH"},{"floor":14,"key":"REST"},{"data":"Chaos","floor":17,"key":"SMITH"},{"data":"Self Repair","floor":26,"key":"SMITH"},{"data":"Rainbow","floor":33,"key":"SMITH"},{"data":"Capacitor","floor":36,"key":"SMITH"},{"data":"Cold Snap","floor":37,"key":"SMITH"},{"data":"Seek","floor":47,"key":"SMITH"},{"data":"Dark Shackles","floor":51,"key":"SMITH"},{"data":"Echo Form","floor":56,"key":"SMITH"},{"data":"Trip","floor":57,"key":"SMITH"}],"circlet_count":0,"master_deck":["Defend_B","Defend_B","Defend_B","Defend_B","Zap+1","Dualcast","Cold Snap+1","Defragment+1","Coolheaded","Chaos+1","Rainbow+1","Skim+1","BootSequence","Self Repair+1","Echo Form+1","CurseOfTheBell","Defragment+1","Reinforced Body","Ball Lightning+1","Conserve Battery+1","Capacitor+1","Chill","Doom and Gloom","Seek+1","Trip+1","Dark Shackles+1","Barrage+1","Buffer+1"],"relics":["Sozu","Orrery","Turnip","Lizard Tail","Letter Opener","Calling Bell","DataDisk","Eternal Feather","TungstenRod","Bag of Marbles","CeramicFish","Ancient Tea Set","Anchor","MawBank","Blood Vial","Shuriken","Runic Dome","Akabeko","Sling","Frozen Egg 2","Lantern","Strawberry","StoneCalendar","Bag of Preparation","Bronze Scales","Red Mask"],"acts_visited":["Exordium","TheCity","TheBeyond"],"potions_floor_usage":[],"damage_taken":[{"damage":0,"enemies":"Cultist","floor":1,"turns":4},{"damage":4,"enemies":"Small Slimes","floor":4,"turns":4},{"damage":0,"enemies":"2 Louse","floor":6,"turns":4},{"damage":26,"enemies":"Gremlin Nob","floor":7,"turns":5},{"damage":0,"enemies":"Blue Slaver","floor":8,"turns":4},{"damage":2,"enemies":"3 Sentries","floor":15,"turns":6},{"damage":2,"enemies":"Looter","floor":16,"turns":3},{"damage":24,"enemies":"The Guardian","floor":18,"turns":9},{"damage":22,"enemies":"3 Byrds","floor":20,"turns":4},{"damage":0,"enemies":"Shell Parasite","floor":22,"turns":5},{"damage":32,"enemies":"Slavers","floor":25,"turns":7},{"damage":50,"enemies":"Gremlin Leader","floor":27,"turns":7},{"damage":0,"enemies":"3 Cultists","floor":31,"turns":5},{"damage":8,"enemies":"Slavers","floor":32,"turns":5},{"damage":6,"enemies":"Book of Stabbing","floor":34,"turns":7},{"damage":0,"enemies":"Cultist and Chosen","floor":35,"turns":7},{"damage":57,"enemies":"Collector","floor":38,"turns":9},{"damage":13,"enemies":"3 Darklings","floor":40,"turns":6},{"damage":7,"enemies":"Giant Head","floor":45,"turns":9},{"damage":0,"enemies":"3 Shapes","floor":48,"turns":2},{"damage":30,"enemies":"Reptomancer","floor":52,"turns":5},{"damage":0,"enemies":"Giant Head","floor":54,"turns":5},{"damage":69,"enemies":"Awakened One","floor":58,"turns":15}],"seed_played":"-6018131672712096038","potions_obtained":[],"is_trial":false,"path_per_floor":["M","?","?","M","$","M","E","M","R","T","?","R","?","R","E","M","R","B",null,"M","?","M","$","?","E","R","E","?","T","T","M","E","R","E","M","R","R","B",null,"M","$","?","?","$","E","$","R","M","T","T","R","E","?","E","?","R","R","B",null],"character_chosen":"DEFECT","items_purchased":["Orrery","Reinforced Body","Akabeko","Sling","Dark Shackles","Lantern"],"campfire_rested":1,"item_purchase_floors":[5,23,41,41,44,46],"current_hp_per_floor":[68,68,68,64,64,64,38,38,38,38,31,31,16,38,36,41,41,24,62,47,34,41,41,41,23,35,47,47,47,47,57,59,71,80,80,80,80,33,68,77,77,77,77,77,80,80,80,80,87,87,87,67,67,83,83,83,83,24],"gold":0,"neow_bonus":"BOSS_RELIC","is_daily":false,"chose_seed":false,"campfire_upgraded":11,"win_rate":0.0,"timestamp":1614287258,"path_taken":["M","?","?","?","$","M","E","M","R","T","?","R","?","R","E","M","R","BOSS","M","?","M","$","?","E","R","E","?","T","T","M","E","R","E","M","R","R","BOSS","M","$","?","?","$","E","$","R","M","T","T","R","E","?","E","?","R","R","BOSS"],"items_purchased_type":["Relic","Card","Relic","Relic","Card","Relic"],"build_version":"2020-12-22","purchased_purges":3,"victory":true,"max_hp_per_floor":[75,75,75,75,75,75,75,75,75,75,75,75,75,75,75,75,75,75,75,75,80,80,80,80,80,80,80,80,80,80,80,80,80,80,80,80,80,80,80,80,80,80,80,80,80,80,80,80,87,87,87,87,83,83,83,83,83,83],"relic_stats":{"counters":[23,137],"CeramicFish":81,"Eternal Feather":24,"StoneCalendar":[52],"Bag of Preparation":[4],"Letter Opener":[449],"MawBank":132,"Sozu":8,"Blood Vial":8,"Lizard Tail":40,"Shuriken":[2],"Bronze Scales":[78],"Turnip":[3],"obtain_stats":[{"Lantern":46,"CeramicFish":27,"StoneCalendar":50,"Bag of Preparation":52,"Ancient Tea Set":28,"Sling":41,"Sozu":0,"Blood Vial":32,"Lizard Tail":10,"Strawberry":49,"Red Mask":55,"Cracked Core":0,"Eternal Feather":19,"Letter Opener":15,"Frozen Egg 2":45,"MawBank":30,"Akabeko":41,"Calling Bell":19,"Runic Dome":39,"DataDisk":19,"Anchor":29,"Shuriken":34,"Bronze Scales":54,"Orrery":5,"Turnip":7,"Bag of Marbles":25,"TungstenRod":19},{"Lantern":19,"CeramicFish":12,"StoneCalendar":20,"Bag of Preparation":21,"Ancient Tea Set":12,"Sling":18,"Sozu":0,"Blood Vial":14,"Lizard Tail":5,"Strawberry":20,"Red Mask":22,"Cracked Core":0,"Eternal Feather":8,"Letter Opener":6,"Frozen Egg 2":19,"MawBank":12,"Akabeko":18,"Calling Bell":8,"Runic Dome":17,"DataDisk":8,"Anchor":12,"Shuriken":15,"Bronze Scales":22,"Orrery":2,"Turnip":4,"Bag of Marbles":11,"TungstenRod":8},{"Lantern":110,"CeramicFish":62,"StoneCalendar":112,"Bag of Preparation":117,"Ancient Tea Set":62,"Sling":101,"Sozu":0,"Blood Vial":72,"Lizard Tail":21,"Strawberry":112,"Red Mask":122,"Cracked Core":0,"Eternal Feather":39,"Letter Opener":27,"Frozen Egg 2":110,"MawBank":62,"Akabeko":101,"Calling Bell":39,"Runic Dome":95,"DataDisk":39,"Anchor":62,"Shuriken":79,"Bronze Scales":122,"Orrery":8,"Turnip":17,"Bag of Marbles":55,"TungstenRod":39}],"TungstenRod":47},"card_choices":[{"not_picked":["Self Repair","Turbo"],"picked":"Cold Snap","floor":1},{"not_picked":["Reinforced Body","FTL"],"picked":"Coolheaded","floor":4},{"not_picked":["Steam","Multi-Cast"],"picked":"Chaos","floor":5},{"not_picked":["Compile Driver","Ball Lightning"],"picked":"Rainbow","floor":5},{"not_picked":["Cold Snap","Recycle"],"picked":"Skim","floor":5},{"not_picked":["Turbo","Chaos","Stack"],"picked":"SKIP","floor":6},{"not_picked":["Coolheaded","Go for the Eyes"],"picked":"BootSequence","floor":7},{"not_picked":["Turbo","Gash","Recycle"],"picked":"SKIP","floor":8},{"not_picked":["Hologram","Stack"],"picked":"Self Repair","floor":15},{"not_picked":["Hologram","Undo","Hello World"],"picked":"SKIP","floor":16},{"not_picked":["Reboot","Fission"],"picked":"Echo Form","floor":18},{"not_picked":["Static Discharge","Barrage"],"picked":"Defragment+1","floor":20},{"not_picked":["Consume+1","Darkness","Tempest"],"picked":"SKIP","floor":22},{"not_picked":["Hologram","Cold Snap"],"picked":"Ball Lightning+1","floor":25},{"not_picked":["Ball Lightning","Sweeping Beam"],"picked":"Conserve Battery+1","floor":27},{"not_picked":["Defragment+1","Consume"],"picked":"Capacitor","floor":31},{"not_picked":["Recycle","Static Discharge","Go for the Eyes"],"picked":"SKIP","floor":32},{"not_picked":["Reprogram","Redo"],"picked":"Chill","floor":34},{"not_picked":["Hello World","Steam Power"],"picked":"Doom and Gloom","floor":35},{"not_picked":["Thunder Strike","All For One"],"picked":"Seek","floor":38},{"not_picked":["Beam Cell+1","Capacitor","Hello World"],"picked":"SKIP","floor":40},{"not_picked":["Good Instincts","Enlightenment"],"picked":"Trip","floor":42},{"not_picked":["Ball Lightning","Leap","White Noise+1"],"picked":"SKIP","floor":45},{"not_picked":["Go for the Eyes+1","Ball Lightning+1"],"picked":"Barrage+1","floor":48},{"not_picked":["Force Field+1","Conserve Battery+1","Coolheaded+1"],"picked":"SKIP","floor":52},{"not_picked":["Aggregate","Sweeping Beam"],"picked":"Buffer+1","floor":54}],"player_experience":277010,"relics_obtained":[{"floor":7,"key":"Turnip"},{"floor":10,"key":"Lizard Tail"},{"floor":15,"key":"Letter Opener"},{"floor":19,"key":"DataDisk"},{"floor":19,"key":"Eternal Feather"},{"floor":19,"key":"TungstenRod"},{"floor":25,"key":"Bag of Marbles"},{"floor":27,"key":"CeramicFish"},{"floor":29,"key":"Anchor"},{"floor":30,"key":"MawBank"},{"floor":32,"key":"Blood Vial"},{"floor":34,"key":"Shuriken"},{"floor":45,"key":"Frozen Egg 2"},{"floor":49,"key":"Strawberry"},{"floor":50,"key":"StoneCalendar"},{"floor":52,"key":"Bag of Preparation"},{"floor":54,"key":"Bronze Scales"}],"event_choices":[{"damage_healed":0,"gold_gain":175,"player_choice":"AGREE","damage_taken":0,"max_hp_gain":0,"max_hp_loss":0,"event_name":"Liars Game","floor":2,"gold_loss":0,"cards_obtained":["Doubt"]},{"damage_healed":0,"gold_gain":0,"player_choice":"1 cards matched","damage_taken":0,"max_hp_gain":0,"max_hp_loss":0,"event_name":"Match and Keep!","floor":3,"gold_loss":0,"cards_obtained":["Defragment"]},{"cards_removed":["Strike_B"],"damage_healed":0,"gold_gain":0,"player_choice":"Card Removal","damage_taken":7,"max_hp_gain":0,"max_hp_loss":0,"event_name":"Golden Wing","floor":11,"gold_loss":0},{"damage_healed":0,"gold_gain":0,"player_choice":"Entered Light","damage_taken":15,"max_hp_gain":0,"max_hp_loss":0,"event_name":"Shining Light","floor":13,"gold_loss":0,"cards_upgraded":["Skim","Strike_B"]},{"damage_healed":0,"gold_gain":0,"player_choice":"Shed Blood","damage_taken":19,"max_hp_gain":5,"max_hp_loss":0,"event_name":"Forgotten Altar","floor":21,"gold_loss":0},{"damage_healed":0,"gold_gain":0,"player_choice":"Ignored","damage_taken":0,"max_hp_gain":0,"max_hp_loss":0,"event_name":"Vampires","floor":24,"gold_loss":0},{"damage_healed":0,"gold_gain":0,"player_choice":"Opened","damage_taken":0,"relics_obtained":["Ancient Tea Set"],"max_hp_gain":0,"max_hp_loss":0,"event_name":"The Mausoleum","floor":28,"gold_loss":0},{"damage_healed":0,"gold_gain":0,"player_choice":"Memory 1","damage_taken":0,"max_hp_gain":0,"max_hp_loss":0,"event_name":"SensoryStone","floor":42,"gold_loss":0},{"cards_removed":["Strike_B"],"damage_healed":0,"gold_gain":0,"player_choice":"Removed Attack","damage_taken":0,"max_hp_gain":0,"max_hp_loss":0,"event_name":"Falling","floor":43,"gold_loss":0},{"damage_healed":0,"gold_gain":0,"player_choice":"Max HP","damage_taken":0,"max_hp_gain":0,"max_hp_loss":4,"event_name":"Winding Halls","floor":53,"gold_loss":0},{"damage_healed":0,"gold_gain":0,"player_choice":"Paid","damage_taken":0,"relics_obtained":["Red Mask"],"max_hp_gain":0,"max_hp_loss":0,"event_name":"Tomb of Lord Red Mask","floor":55,"gold_loss":113}],"is_beta":false,"boss_relics":[{"not_picked":["Tiny House","Snecko Eye"],"picked":"Calling Bell"},{"not_picked":["Velvet Choker","Empty Cage"],"picked":"Runic Dome"}],"items_purged_floors":[5,23,41],"is_endless":false,"potions_floor_spawned":[1,7,16,25,27,31,35,40],"ascension_level":7}}