{"host":"zxd2l8an9de7z7b9","time":1614262910,"event":{"mods":["100% Spire Juice","2.2 Compatiblity","AchievementEnabler","BaseMod","CapriCore","Colored Map","Colored Powertips","Marisa£¨Ùöéë¡¡Øª×âÞÞ£©","Minty Spire (QoL Compilation)","Rare Cards Sparkle","StSLib","SuperFastMode","Td1madao Mod","everything is the same but u backflip on backflip"],"gold_per_floor":[113,113,38,38,38,38,15,15,15,25,25,40,40,50,50,155,155,170,85,1,14,30,55,55,85,85,85,85,85,104,35,35,135,135,145,159,159,208,228,228,256,256,256,256,274,306,322,372,372,372],"floor_reached":51,"language":"KOR","playtime":1273,"items_purged":["Defend_R"],"score":781,"play_id":"e8c53ec4-2668-4a83-bb39-0d8a06b941de","local_time":"20210225232150","is_ascension_mode":false,"campfire_choices":[{"data":"Bash","floor":6.0,"key":"SMITH"},{"data":"Flex","floor":8.0,"key":"SMITH"},{"data":"1","floor":11.0,"key":"LIFT"},{"data":"Whirlwind","floor":13.0,"key":"SMITH"},{"data":"2","floor":15.0,"key":"LIFT"},{"data":"3","floor":29,"key":"LIFT"},{"data":"Double Tap","floor":32,"key":"SMITH"},{"data":"Seeing Red","floor":40,"key":"SMITH"},{"data":"Sword Boomerang","floor":42,"key":"SMITH"},{"data":"Pummel","floor":49,"key":"SMITH"}],"circlet_count":0,"master_deck":["Strike_R+1","Strike_R","Strike_R","Defend_R","Defend_R","Defend_R","Bash+1","Shrug It Off","Flex+1","Seeing Red+1","Whirlwind+1","Twin Strike+1","Double Tap+1","Inflame+1","Inflame+1","Pummel+1","Sword Boomerang+1","Flex+1","Demon Form+1","Inflame+1","Flex+1"],"relics":["Burning Blood","Girya","Black Star","Akabeko","Bag of Preparation","Whetstone","Potion Belt","Juzu Bracelet","Frozen Egg 2","Singing Bowl","Meat on the Bone","Snecko Eye","Unceasing Top","Omamori","Calipers","Toy Ornithopter","Happy Flower","Prayer Wheel","Pocketwatch"],"acts_visited":["Exordium","TheCity","TheBeyond"],"potions_floor_usage":[18,22,50,50,50],"damage_taken":[{"damage":4.0,"enemies":"2 Louse","floor":1.0,"turns":4.0},{"damage":5.0,"enemies":"Small Slimes","floor":10.0,"turns":2.0},{"damage":7.0,"enemies":"Jaw Worm","floor":12.0,"turns":3.0},{"damage":0.0,"enemies":"Large Slime","floor":14.0,"turns":4.0},{"damage":48.0,"enemies":"The Guardian","floor":16.0,"turns":12.0},{"damage":20,"enemies":"2 Thieves","floor":18,"turns":2},{"damage":10,"enemies":"Spheric Guardian","floor":21,"turns":3},{"damage":0,"enemies":"Shelled Parasite and Fungi","floor":22,"turns":1},{"damage":8,"enemies":"Gremlin Leader","floor":23,"turns":5},{"damage":0,"enemies":"Slavers","floor":25,"turns":1},{"damage":21,"enemies":"3 Cultists","floor":30,"turns":5},{"damage":77,"enemies":"Collector","floor":33,"turns":7},{"damage":4,"enemies":"3 Shapes","floor":35,"turns":3},{"damage":30,"enemies":"3 Darklings","floor":36,"turns":3},{"damage":25,"enemies":"2 Orb Walkers","floor":38,"turns":2},{"damage":33,"enemies":"Jaw Worm Horde","floor":39,"turns":2},{"damage":26,"enemies":"Giant Head","floor":41,"turns":5},{"damage":37,"enemies":"Writhing Mass","floor":45,"turns":5},{"damage":30,"enemies":"Reptomancer","floor":46,"turns":3},{"damage":0,"enemies":"Spire Growth","floor":47,"turns":2},{"damage":36,"enemies":"Mind Bloom Boss Battle","floor":48,"turns":3},{"damage":74,"enemies":"Awakened One","floor":50,"turns":6}],"seed_played":"-5211754827007709340","potions_obtained":[{"floor":1.0,"key":"LiquidBronze"},{"floor":12.0,"key":"Energy Potion"},{"floor":14.0,"key":"Swift Potion"},{"floor":21,"key":"FairyPotion"},{"floor":22,"key":"FairyPotion"},{"floor":33,"key":"Regen Potion"},{"floor":36,"key":"FairyPotion"},{"floor":39,"key":"PowerPotion"},{"floor":48,"key":"SteroidPotion"}],"is_trial":false,"path_per_floor":["M","?","$","?","?","R","$","R","T","M","R","M","R","M","R","B",null,"M","?","?","M","M","E","?","E","T","T","$","R","M","$","R","B",null,"M","M","?","?","M","R","E","R","T","?","M","E","M","?","R","B",null],"character_chosen":"IRONCLAD","items_purchased":["Flex","Inflame+1"],"campfire_rested":0,"item_purchase_floors":[7,31],"current_hp_per_floor":[80,85,85,85,78,78,78,78,78,79,79,78,78,84,84,42,85,80,80,80,85,85,85,69,75,75,75,75,75,75,75,75,35,92,92,86,86,69,69,69,89,89,89,89,58,46,64,46,46,53],"gold":372,"neow_bonus":"REMOVE_CARD","is_daily":false,"chose_seed":false,"campfire_upgraded":7,"win_rate":0.0,"timestamp":1614262910,"path_taken":["M","?","$","?","?","R","?","R","T","?","R","M","R","M","R","BOSS","M","?","?","?","M","E","?","E","T","?","$","R","M","$","R","BOSS","M","M","?","?","M","R","E","R","T","?","M","E","M","?","R","BOSS"],"items_purchased_type":["Card","Card"],"build_version":"2020-12-22","purchased_purges":1,"victory":true,"max_hp_per_floor":[80,85,85,85,85,85,85,85,85,85,85,85,85,85,85,85,85,85,85,85,85,85,85,90,90,90,90,90,90,90,90,90,92,92,92,94,94,96,96,96,96,96,96,96,96,96,96,96,96,96],"card_choices":[{"not_picked":["Disarm","Anger"],"picked":"Shrug It Off","floor":1.0},{"not_picked":["Intimidate","Second Wind"],"picked":"Seeing Red","floor":10.0},{"not_picked":["Sword Boomerang","Wild Strike"],"picked":"Whirlwind","floor":12.0},{"not_picked":["Clothesline","Entrench","Dual Wield"],"picked":"SKIP","floor":14.0},{"not_picked":["Bludgeon","Fiend Fire"],"picked":"Reaper","floor":16.0},{"not_picked":["Havoc","Iron Wave","Hemokinesis"],"picked":"SKIP","floor":18},{"not_picked":["Body Slam+1","Power Through","Fire Breathing"],"picked":"SKIP","floor":21},{"not_picked":["Clash+1","Thunderclap"],"picked":"Twin Strike","floor":22},{"not_picked":["Fire Breathing","Sever Soul","Clothesline"],"picked":"SKIP","floor":23},{"not_picked":["True Grit+1","Cleave"],"picked":"Double Tap","floor":25},{"not_picked":["Evolve+1","Pommel Strike+1"],"picked":"Inflame+1","floor":30},{"not_picked":["Feed","Immolate","Berserk+1"],"picked":"Singing Bowl","floor":33},{"not_picked":["Havoc","Anger"],"picked":"Pummel","floor":35},{"not_picked":["Pommel Strike","Cleave","Burning Pact+1"],"picked":"Singing Bowl","floor":36},{"not_picked":["Headbutt","Perfected Strike+1","Wild Strike"],"picked":"Singing Bowl","floor":38},{"not_picked":["Clash+1","Clothesline+1"],"picked":"Sword Boomerang","floor":39},{"not_picked":["Perfected Strike+1","Twin Strike+1"],"picked":"Flex+1","floor":41},{"not_picked":["Clash+1","Rage"],"picked":"Demon Form+1","floor":45},{"not_picked":["Clash+1","Dropkick+1"],"picked":"Inflame+1","floor":46},{"not_picked":["Wild Strike+1","Intimidate"],"picked":"Flex+1","floor":47},{"not_picked":["Havoc+1","Feel No Pain+1","Blood for Blood"],"picked":"SKIP","floor":47}],"player_experience":475188,"relics_obtained":[{"floor":9.0,"key":"Girya"},{"floor":23,"key":"Whetstone"},{"floor":23,"key":"Potion Belt"},{"floor":25,"key":"Juzu Bracelet"},{"floor":25,"key":"Frozen Egg 2"},{"floor":26,"key":"Singing Bowl"},{"floor":27,"key":"Meat on the Bone"},{"floor":38,"key":"Unceasing Top"},{"floor":41,"key":"Omamori"},{"floor":41,"key":"Calipers"},{"floor":43,"key":"Toy Ornithopter"},{"floor":46,"key":"Happy Flower"},{"floor":46,"key":"Prayer Wheel"},{"floor":48,"key":"Pocketwatch"}],"event_choices":[{"damage_healed":0.0,"max_hp_gain":5.0,"max_hp_loss":0.0,"gold_gain":0.0,"event_name":"Big Fish","player_choice":"Donut","floor":2.0,"gold_loss":0.0,"damage_taken":0.0},{"damage_healed":0.0,"max_hp_gain":0.0,"max_hp_loss":0.0,"gold_gain":0.0,"event_name":"The Cleric","player_choice":"Leave","floor":4.0,"gold_loss":0.0,"damage_taken":0.0},{"cards_removed":["Strike_R"],"damage_healed":0.0,"max_hp_gain":0.0,"max_hp_loss":0.0,"gold_gain":0.0,"event_name":"Golden Wing","player_choice":"Card Removal","floor":5.0,"gold_loss":0.0,"damage_taken":7.0},{"damage_healed":0,"gold_gain":0,"player_choice":"Obtained Relic","damage_taken":0,"relics_obtained":["Akabeko"],"max_hp_gain":0,"max_hp_loss":0,"event_name":"Addict","floor":19,"gold_loss":85},{"damage_healed":0,"gold_gain":0,"player_choice":"Paid Gold","damage_taken":0,"relics_obtained":["Bag of Preparation"],"max_hp_gain":0,"max_hp_loss":0,"event_name":"WeMeetAgain","floor":20,"gold_loss":84},{"damage_healed":0,"gold_gain":0,"player_choice":"Shed Blood","damage_taken":21,"max_hp_gain":5,"max_hp_loss":0,"event_name":"Forgotten Altar","floor":24,"gold_loss":0},{"damage_healed":0,"gold_gain":0,"player_choice":"Ignored","damage_taken":0,"max_hp_gain":0,"max_hp_loss":0,"event_name":"Tomb of Lord Red Mask","floor":37,"gold_loss":0},{"damage_healed":0,"gold_gain":0,"player_choice":"Fight","damage_taken":0,"max_hp_gain":0,"max_hp_loss":0,"event_name":"Mysterious Sphere","floor":38,"gold_loss":0},{"cards_removed":["Reaper"],"damage_healed":0,"gold_gain":0,"player_choice":"Removed Attack","damage_taken":0,"max_hp_gain":0,"max_hp_loss":0,"event_name":"Falling","floor":44,"gold_loss":0},{"damage_healed":0,"gold_gain":0,"player_choice":"Fight","damage_taken":0,"max_hp_gain":0,"max_hp_loss":0,"event_name":"MindBloom","floor":48,"gold_loss":0}],"is_beta":false,"boss_relics":[{"not_picked":["Black Blood","Runic Cube"],"picked":"Black Star"},{"not_picked":["Velvet Choker","Cursed Key"],"picked":"Snecko Eye"}],"items_purged_floors":[3],"is_endless":false,"potions_floor_spawned":[1,12,14,21,22,33,36,39,41,48],"ascension_level":0}}