{"host":"dzvdy2cvkhifjmvi","time":1614219748,"event":{"mods":["BaseMod","Downfall","Infinite Spire","Marisa????????","Minty Spire (QoL Compilation)","Replay The Spire","StSLib","The Cursed","The Disciple","The Servant 0.9.4"],"gold_per_floor":[99,111,96,112,112,112,112,112,12,67,52,62,91,109,119,119,119,119],"floor_reached":16,"language":"ENG","playtime":1726,"items_purged":[],"score":150,"play_id":"efeb0185-0411-4ca7-84c2-e04220b4f79b","local_time":"20210224192228","is_ascension_mode":false,"campfire_choices":[{"data":"bronze:Goto","floor":1,"key":"SMITH"},{"data":"bronze:Shell","floor":6,"key":"SMITH"},{"data":"bronze:Frontload","floor":9,"key":"SMITH"}],"circlet_count":0,"master_deck":["bronze:Strike","bronze:Strike","bronze:Strike","bronze:Strike","bronze:Defend","bronze:Defend","bronze:Defend","bronze:Defend","bronze:Replicate","bronze:Goto+1","bronze:Frontload+1","bronze:Shell+1","bronze:ClassDefault","bronze:GetLatest","bronze:Safeguard","bronze:ClassDefault"],"relics":["bronze:BronzeCore","Quantum Egg","downfall:HeartBlessingBlue","Garlic","Bag of Marbles"],"acts_visited":["Exordium"],"potions_floor_usage":[13,16,16],"damage_taken":[{"damage":5,"enemies":"2 Louse","floor":2,"turns":3},{"damage":0,"enemies":"downfall:FleeingMerchant","floor":3,"turns":4},{"damage":0,"enemies":"Jaw Worm","floor":4,"turns":5},{"damage":4,"enemies":"3 Sentries","floor":10,"turns":10},{"damage":0,"enemies":"downfall:FleeingMerchant","floor":11,"turns":4},{"damage":0,"enemies":"Small Slimes","floor":12,"turns":3},{"damage":0,"enemies":"Lagavulin","floor":13,"turns":8},{"damage":7,"enemies":"Exordium Thugs","floor":14,"turns":5},{"damage":2,"enemies":"Exordium Wildlife","floor":15,"turns":11},{"damage":72,"enemies":"WA_ARCHETYPE_RETAIN","floor":16,"turns":18}],"seed_played":"-7610340458605793734","potions_obtained":[{"floor":4,"key":"Weak Potion"},{"floor":12,"key":"bronze:FreeFunctionsPotion"},{"floor":13,"key":"Toxic Potion"}],"is_trial":false,"path_per_floor":["R","M","$","M","?","R","T","T","R","?","$","M","E","M","M","B"],"character_chosen":"THE_AUTOMATON","items_purchased":[],"campfire_rested":0,"item_purchase_floors":[],"current_hp_per_floor":[77,72,72,72,72,72,72,72,82,78,78,78,78,71,69,0,0,0],"gold":119,"neow_bonus":"TEN_PERCENT_HP_BONUS","is_daily":false,"chose_seed":false,"campfire_upgraded":3,"win_rate":0.0,"timestamp":1614219748,"path_taken":["R","M","$","M","?","R","T","?","R","?","$","M","E","M","M","BOSS"],"items_purchased_type":[],"build_version":"2020-12-22","purchased_purges":0,"victory":false,"max_hp_per_floor":[77,77,77,77,77,77,77,77,87,87,87,87,87,87,87,87,87,87],"card_choices":[{"not_picked":["bronze:DelayedGuard","bronze:Turbo"],"picked":"bronze:Frontload","floor":2},{"not_picked":["bronze:ClassDefault","bronze:Branch","bronze:Deprecate"],"picked":"SKIP","floor":3},{"not_picked":["bronze:MaxOutput","bronze:Shield"],"picked":"bronze:Shell","floor":4},{"not_picked":["bronze:Deprecate","bronze:BitShift"],"picked":"bronze:ClassDefault","floor":10},{"not_picked":["bronze:DelayedSlice","bronze:Virus"],"picked":"bronze:GetLatest","floor":11},{"not_picked":["bronze:WildBeam","bronze:Branch"],"picked":"bronze:Safeguard","floor":12},{"not_picked":["bronze:WhirlingStrike","bronze:DelayedGuard"],"picked":"bronze:ClassDefault","floor":13},{"not_picked":["bronze:Shield","bronze:ChosenStrike","bronze:BuggyMess"],"picked":"SKIP","floor":14},{"not_picked":["bronze:BuggyMess","bronze:Optimize","bronze:Frontload"],"picked":"SKIP","floor":15}],"player_experience":1430082,"relics_obtained":[{"floor":7,"key":"Quantum Egg"},{"floor":10,"key":"Garlic"},{"floor":13,"key":"Bag of Marbles"}],"event_choices":[],"is_beta":false,"boss_relics":[],"items_purged_floors":[],"is_endless":false,"potions_floor_spawned":[4,12,13],"killed_by":"WA_ARCHETYPE_RETAIN","ascension_level":0}}