{"host":"f7915vm1ahl7kex1","time":1614295464,"event":{"mods":["BaseMod","Colored Map","Downfall","Minty Spire (QoL Compilation)","Quick Restart","Spire Arcade","StSLib"],"gold_per_floor":[99,99,99,99,99,110,137,166,166,180,213,113,123,148,163,163,163,163],"floor_reached":16,"language":"ENG","playtime":488,"items_purged":[],"score":124,"play_id":"ee6aa8d4-c788-434e-9a83-63c693853ffc","local_time":"20210225172424","is_ascension_mode":true,"campfire_choices":[{"floor":1,"key":"RECALL"},{"data":"champ:FancyFootwork","floor":9,"key":"SMITH"},{"floor":12,"key":"REST"}],"circlet_count":0,"master_deck":["champ:Strike","champ:Strike","champ:Strike","champ:Strike","champ:Defend","champ:Defend","champ:Defend","champ:Defend","champ:Execute","champ:Taunt","champ:FancyFootwork+1","champ:ShieldSigil","champ:Haymaker","champ:TornadoPunch","champ:VampiricStrike","champ:FanOfKnives","champ:SwordThrow","champ:ArenaPreparation"],"relics":["champ:ChampionCrown","downfall:HeartsMalice","bronze:BronzeIdol","Pear","downfall:HeartBlessingRed","MealTicket"],"acts_visited":["Exordium"],"potions_floor_usage":[13,14,14,16],"damage_taken":[{"damage":0,"enemies":"2 Louse","floor":2,"turns":1},{"damage":0,"enemies":"Small Slimes","floor":3,"turns":1},{"damage":0,"enemies":"Jaw Worm","floor":5,"turns":1},{"damage":2,"enemies":"3 Louse","floor":6,"turns":4},{"damage":70,"enemies":"Gremlin Nob","floor":8,"turns":5},{"damage":21,"enemies":"Blue Slaver","floor":10,"turns":4},{"damage":17,"enemies":"3 Sentries","floor":11,"turns":6},{"damage":12,"enemies":"Exordium Thugs","floor":13,"turns":3},{"damage":41,"enemies":"Lagavulin","floor":14,"turns":6},{"damage":10,"enemies":"2 Fungi Beasts","floor":15,"turns":3},{"damage":34,"enemies":"WA_ARCHETYPE_RETAIN","floor":16,"turns":4}],"seed_played":"5062271422618555520","potions_obtained":[{"floor":6,"key":"sneckomod:MuddlingPotion"},{"floor":10,"key":"sneckomod:MuddlingPotion"},{"floor":13,"key":"hexamod:SoulburnPotion"},{"floor":15,"key":"Dexterity Potion"}],"is_trial":false,"path_per_floor":["R","M","M","?","M","M","T","E","R","M","E","R","M","E","M","B"],"character_chosen":"THE_CHAMP","items_purchased":[],"campfire_rested":1,"item_purchase_floors":[],"current_hp_per_floor":[90,90,90,90,90,88,88,53,53,42,40,70,58,32,32,0,0,0],"gold":163,"neow_bonus":"THREE_ENEMY_KILL","is_daily":false,"chose_seed":false,"campfire_upgraded":1,"win_rate":0.0,"timestamp":1614295464,"path_taken":["R","M","M","?","M","M","T","E","R","M","E","R","M","E","M","BOSS"],"items_purchased_type":[],"build_version":"2020-12-22","purchased_purges":0,"victory":false,"max_hp_per_floor":[90,90,90,90,90,90,90,90,90,90,100,100,100,100,100,100,100,100],"card_choices":[{"not_picked":["champ:BerserkersShout","champ:DefensiveShout"],"picked":"champ:FancyFootwork","floor":2},{"not_picked":["champ:FlashCut","champ:EnGarde"],"picked":"champ:ShieldSigil","floor":3},{"not_picked":["champ:ShieldSigil","champ:Shatter"],"picked":"champ:Haymaker","floor":5},{"not_picked":["champ:CrownThrow","champ:Circumvent"],"picked":"champ:TornadoPunch","floor":6},{"not_picked":["champ:PerfectedStrike","champ:CrookedStrike"],"picked":"champ:VampiricStrike","floor":8},{"not_picked":["champ:FancyFootwork","champ:BerserkerStyle"],"picked":"champ:FanOfKnives","floor":10},{"not_picked":["champ:PreciseThrust","champ:Backstep"],"picked":"champ:SwordThrow","floor":11},{"not_picked":["champ:RisingSlash","champ:Shatter","champ:ShieldSigil"],"picked":"SKIP","floor":13},{"not_picked":["champ:CrownThrow","champ:BerserkersShout","champ:ShieldSigil"],"picked":"SKIP","floor":14},{"not_picked":["champ:AdrenalArmor","champ:SwordSigil"],"picked":"champ:ArenaPreparation","floor":15}],"player_experience":1253973,"relics_obtained":[{"floor":8,"key":"bronze:BronzeIdol"},{"floor":11,"key":"Pear"},{"floor":14,"key":"MealTicket"}],"event_choices":[],"is_beta":false,"boss_relics":[],"items_purged_floors":[],"is_endless":false,"potions_floor_spawned":[6,10,13,15],"killed_by":"WA_ARCHETYPE_RETAIN","ascension_level":1}}