{"host":"sav7uxregyirlf69","time":1614258805,"event":{"mods":["AchievementEnabler","BaseMod","Colored Map","DeckTracker","Keyboard Shortcuts","Minty Spire (QoL Compilation)","READ ME - Guardian Mod","StSLib","SuperFastMode"],"gold_per_floor":[116,116,116,116,127,127,137,154,154,173,173,205,205,221,221,221,221],"floor_reached":16,"language":"KOR","playtime":296,"items_purged":[],"score":204,"play_id":"25acc7e2-479e-48e1-a414-927e15c820a0","local_time":"20210225221325","is_ascension_mode":true,"campfire_choices":[{"data":"Darkness","floor":6,"key":"SMITH"},{"floor":11,"key":"REST"},{"data":"Recycle","floor":15,"key":"SMITH"}],"circlet_count":0,"master_deck":["AscendersBane","Strike_B","Strike_B","Strike_B","Strike_B","Defend_B","Defend_B","Defend_B+1","Defend_B+1","Zap","Dualcast","Darkness+1","Tempest","Coolheaded","Turbo","Coolheaded","Recycle+1","Defragment"],"relics":["Cracked Core","Lantern","Question Card","TungstenRod","Blood Vial"],"acts_visited":["Exordium"],"potions_floor_usage":[12],"damage_taken":[{"damage":2.0,"enemies":"Jaw Worm","floor":1.0,"turns":3.0},{"damage":9,"enemies":"2 Louse","floor":5,"turns":3},{"damage":0,"enemies":"Small Slimes","floor":7,"turns":2},{"damage":6,"enemies":"Red Slaver","floor":8,"turns":4},{"damage":0,"enemies":"Looter","floor":10,"turns":3},{"damage":15,"enemies":"3 Sentries","floor":12,"turns":7},{"damage":0,"enemies":"Large Slime","floor":14,"turns":5},{"damage":30,"enemies":"Slime Boss","floor":16,"turns":8}],"seed_played":"-7056930371716106604","potions_obtained":[{"floor":1.0,"key":"Fire Potion"},{"floor":8,"key":"SteroidPotion"}],"is_trial":false,"path_per_floor":["M","?","?","?","M","R","M","M","T","M","R","E","?","M","R","B"],"character_chosen":"DEFECT","items_purchased":[],"campfire_rested":1,"item_purchase_floors":[],"current_hp_per_floor":[62,51,30,30,21,21,21,15,15,15,36,21,21,23,23,0,0],"gold":221,"neow_bonus":"RANDOM_COMMON_RELIC","is_daily":false,"chose_seed":false,"campfire_upgraded":2,"win_rate":0.0,"timestamp":1614258805,"path_taken":["M","?","?","?","M","R","M","M","T","?","R","E","?","M","R","BOSS"],"items_purchased_type":[],"build_version":"2020-12-22","purchased_purges":0,"victory":false,"max_hp_per_floor":[71,71,71,71,71,71,71,71,71,71,71,71,71,71,71,71,71],"card_choices":[{"not_picked":["Rebound","Steam"],"picked":"Darkness","floor":1.0},{"not_picked":["Leap","Cold Snap","Force Field"],"picked":"Coolheaded","floor":5},{"not_picked":["Steam","Barrage","Sweeping Beam"],"picked":"Turbo","floor":7},{"not_picked":["Doom and Gloom","Hologram","Gash"],"picked":"Coolheaded","floor":8},{"not_picked":["Lockon","Steam","Beam Cell","Machine Learning"],"picked":"SKIP","floor":10},{"not_picked":["Steam Power","Hello World","Hologram"],"picked":"Recycle","floor":12},{"not_picked":["Reinforced Body","Redo","Turbo"],"picked":"Defragment","floor":14}],"player_experience":1698967,"relics_obtained":[{"floor":9,"key":"TungstenRod"},{"floor":12,"key":"Blood Vial"}],"event_choices":[{"damage_healed":0.0,"max_hp_gain":0.0,"max_hp_loss":0.0,"gold_gain":0.0,"event_name":"Scrap Ooze","player_choice":"Success","floor":2.0,"gold_loss":0.0,"damage_taken":11.0,"relics_obtained":["Question Card"]},{"damage_healed":0.0,"max_hp_gain":0.0,"max_hp_loss":0.0,"gold_gain":0.0,"event_name":"Shining Light","player_choice":"Entered Light","floor":3.0,"gold_loss":0.0,"damage_taken":21.0,"cards_upgraded":["Defend_B","Defend_B"]},{"damage_healed":0,"gold_gain":0,"player_choice":"1 cards matched","damage_taken":0,"max_hp_gain":0,"max_hp_loss":0,"event_name":"Match and Keep!","floor":4,"gold_loss":0,"cards_obtained":["Tempest"]},{"damage_healed":0,"gold_gain":0,"player_choice":"1 cards matched","damage_taken":0,"max_hp_gain":0,"max_hp_loss":0,"event_name":"Match and Keep!","floor":4,"gold_loss":0,"cards_obtained":["Tempest"]},{"damage_healed":0,"gold_gain":0,"player_choice":"Searched \u00270\u0027 times","damage_taken":0,"max_hp_gain":0,"max_hp_loss":0,"event_name":"Dead Adventurer","floor":13,"gold_loss":0}],"is_beta":false,"boss_relics":[],"items_purged_floors":[],"is_endless":false,"potions_floor_spawned":[1,8],"killed_by":"Slime Boss","ascension_level":20}}