{"host":"phy652c7lim9lcu2","time":1614244397,"event":{"mods":["BaseMod","Colored Powertips","Googly Eyes","Minty Spire (QoL Compilation)","Relic Stats","Spicy Shops","StSLib","everything is the same but u backflip on backflip"],"gold_per_floor":[216,233,253,18,33,66,66,66,66],"floor_reached":8,"language":"ENG","playtime":265,"items_purged":[],"score":107,"play_id":"42be5feb-f36b-419f-8a15-26420aba231f","local_time":"20210225191317","is_ascension_mode":true,"campfire_choices":[{"data":"Armaments","floor":7.0,"key":"SMITH"}],"circlet_count":0,"master_deck":["AscendersBane","Strike_R","Strike_R","Strike_R","Strike_R","Strike_R","Defend_R","Defend_R","Defend_R","Defend_R","Bash","Searing Blow","Battle Trance","Armaments+1","Berserk","Clothesline","Battle Trance"],"relics":["Burning Blood","Lantern"],"acts_visited":["Exordium"],"potions_floor_usage":[],"damage_taken":[{"damage":31.0,"enemies":"Jaw Worm","floor":1.0,"turns":5.0},{"damage":14.0,"enemies":"2 Louse","floor":2.0,"turns":3.0},{"damage":10.0,"enemies":"Small Slimes","floor":3.0,"turns":3.0},{"damage":16.0,"enemies":"Exordium Thugs","floor":5.0,"turns":5.0},{"damage":17.0,"enemies":"Lagavulin","floor":6.0,"turns":8.0},{"damage":12,"enemies":"Gremlin Nob","floor":8,"turns":2}],"seed_played":"-367167783369987512","potions_obtained":[{"floor":5.0,"key":"Block Potion"}],"is_trial":false,"path_per_floor":["M","M","M","$","M","E","R","E"],"character_chosen":"IRONCLAD","items_purchased":["Armaments","Berserk"],"campfire_rested":0,"item_purchase_floors":[4,4],"current_hp_per_floor":[43,35,31,31,21,10,10,0,0],"gold":66,"neow_bonus":"HUNDRED_GOLD","is_daily":false,"chose_seed":false,"campfire_upgraded":1,"win_rate":0.0,"timestamp":1614244397,"path_taken":["M","M","M","$","M","E","R","E"],"items_purchased_type":["Card","Card"],"build_version":"2020-12-22","purchased_purges":0,"victory":false,"max_hp_per_floor":[75,75,75,75,75,75,75,75,75],"relic_stats":{"counters":[6,26],"obtain_stats":[{"Lantern":6,"Burning Blood":0},{"Lantern":5,"Burning Blood":0},{"Lantern":24,"Burning Blood":0}],"Burning Blood":30},"card_choices":[{"not_picked":["Havoc","Wild Strike","Perfected Strike"],"picked":"SKIP","floor":1.0},{"not_picked":["Thunderclap","Headbutt"],"picked":"Searing Blow","floor":2.0},{"not_picked":["Hemokinesis","Havoc"],"picked":"Battle Trance","floor":3.0},{"not_picked":["Havoc","Ghostly Armor"],"picked":"Clothesline","floor":5.0},{"not_picked":["Twin Strike","Sentinel"],"picked":"Battle Trance","floor":6.0}],"player_experience":366633,"relics_obtained":[{"floor":6.0,"key":"Lantern"}],"event_choices":[],"is_beta":false,"boss_relics":[],"items_purged_floors":[],"is_endless":false,"potions_floor_spawned":[5],"killed_by":"Gremlin Nob","ascension_level":17}}