{"host":"gm50ke85n5jz306u","time":1614219972,"event":{"mods":["AchievementEnabler","AlwaysNeverKeys","Aspiration","BaseMod","Beaked The Cultist","Bestiary","Better Altar","Better Match","Better Note","Better Sensory Stone","Better Skull","Better Third Choice","Better Vampires","Better-Laid Plans","BetterRewards","Colored Powertips","Curses Come First","DNKmod","Defuse TimeMaze Blight","Disable Question Mark Monsters","Displayed Cursed Tome","Downfall","Emptier Cage","Extra Virgin Snecko Oil","Filter the Spire","Friendly Minions","Gremlin Skip","Hermit","Hubris","Hyrulean Relics","Ironclad Rager","Koishi","Lobotomy","Marisa????????","Marked Mod","Minty Spire (QoL Compilation)","Permanent Neow","Poor People Problems","Quick Restart","Reimu??????","Relic Filter Mod","Relic Sorter","Remove Card Discount Mod","Reorder Act Four","Replay The Spire","Shop Mod","StSLib","Synergy Search","Td1madao Mod","The Administrix","The Animator","The Blue Laboratory","The Bug Knight","The Construct","The Cursed","The Disciple","The Hierophant","The Necromancer","The Runesmith","The Senshi","The Servant 0.9.4","Thieving Mod","Transform Curses","WarShipGirlsR/????R mod"],"gold_per_floor":[10010,10023,9210,9228,9228,9228,9258,9258,9258,9287,9061,9076,9076,9096,9096,9199,9199,9197,9197,9191,8974,8994,8994,8671,8671,8695,8695,8730,8730,8730,8164,8164,8261,8261,8272,8327,7774,7774,7481,7481,7512,7512,7512,7537,7537,7569,7581,7620,7632,7644],"floor_reached":51,"language":"ENG","playtime":3339,"items_purged":["Bash","Strike_R","Strike_R","Strike_R","Strike_R","Strike_R","Languid","Poor:ReiMu","Writhe","Flex+1","Inflame+1","Life Link+1","Cleave","Defend_R","Defend_R","Run Through","Entrench+1"],"score":913,"play_id":"126926c2-cafc-413d-87d4-62e2d421fe95","local_time":"20210225032612","is_ascension_mode":true,"campfire_choices":[{"data":"Life Link","floor":6.0,"key":"SMITH"},{"data":"Inflame","floor":13.0,"key":"SMITH"},{"data":"Body Slam","floor":15.0,"key":"SMITH"},{"data":"Limit Break","floor":23.0,"key":"SMITH"},{"data":"1","floor":25.0,"key":"LIFT"},{"data":"2","floor":29.0,"key":"LIFT"},{"data":"3","floor":32.0,"key":"LIFT"},{"data":"Trip","floor":40.0,"key":"SMITH"},{"floor":45.0,"key":"REST"},{"floor":47.0,"key":"REST"},{"data":"Feed","floor":49,"key":"SMITH"}],"circlet_count":0,"master_deck":["Defend_R+1","Defend_R+1","Flash of Steel+1","Headbutt+1","Body Slam+1","Shrug It Off+1","Cleave+1","Cleave+1","Limit Break+1","Metallicize+1","Twin Strike+1","Headbutt+1","Trip+1","Iron Wave+1","Feed+1"],"relics":["Burning Blood","Unceasing Top","hubris:ChampionShield","StoneCalendar","hubris:IronBody","Replay:Rubber Ducky","aspiration:EmptySkull","ReplayTheSpireMod:Lightbulb","King of Hearts","hubris:MysteriousPyramids","Mastiff:ReiMu","Centennial Puzzle","CatCart","HornCleat","Gambling Chip","hubris:SlimyHat","Chemical X","Girya","Vajra","MerchantsRug","PreservedInsect","Gremlin Food","Blue Doll","Replay:Ancient Bell","Cauldron","Guide Book","Singing Bowl","Mark of the Bloom","MawBank","CrazyTorch:ReiMu"],"acts_visited":["Exordium","TheCity","TheBeyond"],"potions_floor_usage":[],"damage_taken":[{"damage":3.0,"enemies":"2 Louse","floor":1.0,"turns":4.0},{"damage":7.0,"enemies":"Jaw Worm","floor":2.0,"turns":3.0},{"damage":0.0,"enemies":"Small Slimes","floor":4.0,"turns":2.0},{"damage":10.0,"enemies":"3 Sentries","floor":7.0,"turns":5.0},{"damage":6.0,"enemies":"Exordium Thugs","floor":12.0,"turns":3.0},{"damage":0.0,"enemies":"Gremlin Gang","floor":14.0,"turns":3.0},{"damage":21.0,"enemies":"Fading Forest","floor":16.0,"turns":11.0},{"damage":4.0,"enemies":"Chosen","floor":18.0,"turns":4.0},{"damage":27.0,"enemies":"3 Byrds","floor":20.0,"turns":4.0},{"damage":17.0,"enemies":"Centurion and Healer","floor":22.0,"turns":4.0},{"damage":14.0,"enemies":"Gremlin Leader","floor":28.0,"turns":4.0},{"damage":0.0,"enemies":"Automaton","floor":33.0,"turns":4.0},{"damage":0.0,"enemies":"Orb Walker","floor":35.0,"turns":3.0},{"damage":0.0,"enemies":"Orin","floor":36.0,"turns":6.0},{"damage":6.0,"enemies":"Nemesis","floor":41.0,"turns":3.0},{"damage":1.0,"enemies":"R_Hoarder","floor":44.0,"turns":6.0},{"damage":0.0,"enemies":"Nemesis","floor":46.0,"turns":3.0},{"damage":3.0,"enemies":"beaked:SuperParasite","floor":48.0,"turns":3.0},{"damage":17,"enemies":"Replay:Hell Engine","floor":50,"turns":4}],"seed_played":"-1725958500704631944","potions_obtained":[{"floor":1.0,"key":"SteroidPotion"},{"floor":4.0,"key":"Venom Potion"},{"floor":14.0,"key":"sneckomod:MuddlingPotion"},{"floor":31.0,"key":"blueLaboratory:Moonshine"},{"floor":31.0,"key":"blueLaboratory:ExaltedPotion"},{"floor":41.0,"key":"BloodPotion"}],"is_trial":false,"path_per_floor":["M","M","$","M","?","R","E","?","T","?","$","M","R","M","R","B",null,"M","?","M","$","M","R","$","R","T","?","E","R","?","$","R","B",null,"M","?","$","?","$","R","E","?","T","E","R","E","R","E","R","B",null],"character_chosen":"IRONCLAD","items_purchased":["PreservedInsect","aspiration:EmptySkull","Chemical X","MerchantsRug","Run Through","Flex+1","Adrenaline Potion","Life Link","King of Hearts","Shrug It Off","Cleave","Mastiff:ReiMu","Energy Potion","blueLaboratory:BottleOfVodka","Girya","Twin Strike","hubris:IronBody","Replay:Rubber Ducky","Cauldron","hubris:SlimyHat","Gambling Chip","SteroidPotion","Trip","Centennial Puzzle","Guide Book"],"campfire_rested":2,"item_purchase_floors":[3,3,3,3,3,3,3,3,11,11,11,21,21,21,24,24,31,31,31,37,37,37,37,39,39],"current_hp_per_floor":[80,79,79,80,80,80,76,60,60,40,40,40,40,46,46,31,80,80,80,59,59,48,48,48,48,48,48,40,40,32,32,32,38,80,80,80,80,80,80,80,82,82,82,81,81,81,81,78,78,61],"gold":7656,"neow_bonus":"RANDOM_COLORLESS","is_daily":false,"chose_seed":false,"campfire_upgraded":6,"win_rate":0.0,"timestamp":1614219972,"path_taken":["M","M","$","M","?","R","E","?","T","?","$","M","R","M","R","BOSS","M","?","?","$","M","R","$","R","T","?","E","R","?","$","R","BOSS","M","?","$","?","$","R","E","?","T","E","R","E","R","E","R","BOSS"],"items_purchased_type":["Relic","Relic","Relic","Relic","Card","Card","Potion","Card","Relic","Card","Card","Relic","Potion","Potion","Relic","Card","Relic","Relic","Relic","Relic","Relic","Potion","Card","Relic","Relic"],"build_version":"2020-12-22","purchased_purges":17,"victory":true,"max_hp_per_floor":[80,80,80,80,80,80,80,80,80,80,80,80,80,80,80,80,80,80,80,80,80,80,80,80,80,80,80,80,80,80,80,80,80,80,80,80,80,80,80,80,82,82,82,84,84,84,84,84,84,84],"card_choices":[{"not_picked":["Deep Breath","Purity"],"picked":"Flash of Steel","floor":0.0},{"not_picked":["hubris:CleavingFinish","Clash"],"picked":"Cleave","floor":1.0},{"not_picked":["Burning Pact","Armaments","Blood for Blood"],"picked":"SKIP","floor":2.0},{"not_picked":["Dark Embrace","ReplayTheSpireMod:Limb From Limb"],"picked":"Headbutt","floor":4.0},{"not_picked":["Defy Death","ReplayTheSpireMod:LeadingStrike"],"picked":"Body Slam","floor":7.0},{"not_picked":["ReplayTheSpireMod:Muscle Training","Body Slam"],"picked":"Inflame","floor":10.0},{"not_picked":["Havoc","Clothesline"],"picked":"Cleave","floor":12.0},{"not_picked":["Cleave","Brutality","ReplayTheSpireMod:Strike From Hell"],"picked":"SKIP","floor":14.0},{"not_picked":["Demon Form","Eclipse"],"picked":"Limit Break","floor":16.0},{"not_picked":["hubris:Sloth","hubris:Gluttony"],"picked":"Languid","floor":17.0},{"not_picked":["Looming Evil","Replay:Hysterical Blindness"],"picked":"Poor:ReiMu","floor":17.0},{"not_picked":["ReplayTheSpireMod:Restless Dread","Pain"],"picked":"Writhe","floor":17.0},{"not_picked":["Replay:Undeath\u0027s Touch","Reckless Charge"],"picked":"Metallicize","floor":18.0},{"not_picked":["Pommel Strike+1","Fire Breathing"],"picked":"Entrench","floor":20.0},{"not_picked":["Clothesline","Rampage","True Grit"],"picked":"SKIP","floor":22.0},{"not_picked":["Impervious","Spot Weakness+1","ReplayTheSpireMod:Limb From Limb"],"picked":"SKIP","floor":28.0},{"not_picked":["Twin Strike","Sever Soul+1"],"picked":"Headbutt+1","floor":35.0},{"not_picked":["Heavy Blade","Carnage","Eclipse"],"picked":"Singing Bowl","floor":41.0},{"not_picked":["hubris:SharpeningStone","Headbutt","Feed"],"picked":"Singing Bowl","floor":44.0},{"not_picked":["Fire Breathing+1","Clash"],"picked":"Iron Wave+1","floor":46.0},{"not_picked":["Exhume","Entrench+1"],"picked":"Feed","floor":48}],"player_experience":446702,"relics_obtained":[{"floor":7.0,"key":"ReplayTheSpireMod:Lightbulb"},{"floor":9.0,"key":"HornCleat"},{"floor":26.0,"key":"Gremlin Food"},{"floor":28.0,"key":"Blue Doll"},{"floor":36.0,"key":"CatCart"},{"floor":41.0,"key":"Singing Bowl"},{"floor":43.0,"key":"StoneCalendar"},{"floor":44.0,"key":"hubris:ChampionShield"},{"floor":46.0,"key":"MawBank"},{"floor":48,"key":"CrazyTorch:ReiMu"}],"event_choices":[{"damage_healed":0.0,"max_hp_gain":0.0,"max_hp_loss":0.0,"gold_gain":0.0,"event_name":"betterThird:BetterSerpent","player_choice":"Ignored","floor":5.0,"gold_loss":0.0,"damage_taken":9228.0},{"damage_healed":76.0,"max_hp_gain":0.0,"max_hp_loss":80.0,"gold_gain":0.0,"event_name":"betterThird:BetterShining","player_choice":"Upgrade","floor":8.0,"gold_loss":0.0,"damage_taken":16.0,"cards_upgraded":["Defend_R","Defend_R"]},{"damage_healed":0.0,"max_hp_gain":0.0,"max_hp_loss":0.0,"gold_gain":0.0,"event_name":"betterNote:BetterNote","player_choice":"Ignored","floor":19.0,"gold_loss":0.0,"damage_taken":0.0,"cards_obtained":["Apotheosis"]},{"damage_healed":0.0,"max_hp_gain":0.0,"max_hp_loss":0.0,"gold_gain":0.0,"event_name":"Beggar","player_choice":"Ignored","floor":27.0,"gold_loss":0.0,"damage_taken":0.0},{"damage_healed":0.0,"max_hp_gain":0.0,"max_hp_loss":0.0,"gold_gain":0.0,"event_name":"OrinTheCat","player_choice":"Fight","floor":36.0,"gold_loss":0.0,"damage_taken":0.0},{"damage_healed":0.0,"max_hp_gain":0.0,"max_hp_loss":0.0,"gold_gain":0.0,"event_name":"MindBloom","player_choice":"Upgrade","floor":42.0,"gold_loss":0.0,"damage_taken":0.0,"cards_upgraded":["Headbutt","Shrug It Off","Cleave","Cleave","Twin Strike"],"relics_obtained":["Mark of the Bloom"]}],"is_beta":false,"boss_relics":[{"not_picked":["Calling Bell","Snecko Eye"],"picked":"Replay:Ancient Bell"},{"not_picked":["ReplayTheSpireMod:TigerMarble","hubris:TenFootPole"],"picked":"Vajra"},{"not_picked":["ReplayTheSpireMod:Shallot","Replay:WaspNest"],"picked":"hubris:MysteriousPyramids"},{"not_picked":["Old Coin","Counterbalance"],"picked":"Unceasing Top"},{"not_picked":["Abe\u0027s Treasure","Empty Cage","ReplayTheSpireMod:DimensionalGlitch"]}],"items_purged_floors":[3,3,3,3,11,11,21,21,21,24,24,24,24,31,31,37,39],"is_endless":false,"potions_floor_spawned":[1,4,12,14,20,35,41,46],"ascension_level":4}}