{"host":"pmmuxs046gii331m","time":1614276447,"event":{"mods":["AchievementEnabler","BaseMod","Colored Powertips","Custom Start","Downfall","Gold Saver","Infinite Spire","Minty Spire (QoL Compilation)","Permanent Neow","Quick Restart","StSLib"],"gold_per_floor":[213,64,139,314,314,314,340,355,355,374,406,406,419,89,89,190,190,208,221,221,146,146,146,146],"floor_reached":23,"language":"ENG","playtime":1718,"items_purged":["Strike_R","Strike_R"],"score":333,"play_id":"fdd54070-8cc6-47fe-b6a4-eb605aa5242b","local_time":"20210225130727","is_ascension_mode":true,"campfire_choices":[{"data":"Dark Embrace","floor":6,"key":"SMITH"},{"data":"Inflame","floor":12,"key":"SMITH"},{"data":"Hemokinesis","floor":15,"key":"SMITH"}],"circlet_count":0,"master_deck":["AscendersBane","Defend_R","Defend_R","Bash","Pommel Strike","Dark Embrace+1","Power Through","Inflame+1","Wild Strike","Hemokinesis+1","Feel No Pain","Barricade","Iron Wave+1","Fiend Fire+1","Bludgeon+1","Fire Breathing+1","Flame Barrier+1"],"relics":["Burning Blood","NeowsBlessing","Juzu Bracelet","Omamori","White Beast Statue","Darkstone Periapt","hexamod:BolsterEngine","Astrolabe"],"acts_visited":["Exordium","TheCity"],"potions_floor_usage":[11,11,11,16,16,19,23],"damage_taken":[{"damage":0,"enemies":"Jaw Worm","floor":1,"turns":1},{"damage":0,"enemies":"Gremlin Nob","floor":7,"turns":1},{"damage":0,"enemies":"2 Louse","floor":8,"turns":1},{"damage":5,"enemies":"Small Slimes","floor":10,"turns":6},{"damage":29,"enemies":"Lagavulin","floor":11,"turns":7},{"damage":7,"enemies":"Gremlin Gang","floor":13,"turns":5},{"damage":37,"enemies":"Slime Boss","floor":16,"turns":10},{"damage":28,"enemies":"2 Thieves","floor":18,"turns":5},{"damage":27,"enemies":"Spheric Guardian","floor":19,"turns":5},{"damage":44,"enemies":"Book of Stabbing","floor":23,"turns":4}],"seed_played":"-2148002242306558125","potions_obtained":[{"floor":1,"key":"SneckoOil"},{"floor":8,"key":"ElixirPotion"},{"floor":10,"key":"FearPotion"},{"floor":11,"key":"hexamod:SoulburnPotion"},{"floor":13,"key":"Swift Potion"},{"floor":16,"key":"hexamod:SoulburnPotion"},{"floor":18,"key":"BloodPotion"},{"floor":19,"key":"BlessingOfTheForge"}],"is_trial":false,"path_per_floor":["M","$","?","?","?","R","E","M","T","M","E","R","M","$","R","B",null,"M","M","?","?","?","E"],"character_chosen":"IRONCLAD","items_purchased":["Dark Embrace","hexamod:BolsterEngine","Feel No Pain"],"campfire_rested":0,"item_purchase_floors":[2,14,14],"current_hp_per_floor":[78,78,67,67,64,64,70,76,76,77,54,54,53,53,53,22,66,44,39,39,39,39,0,0],"gold":146,"neow_bonus":"THREE_ENEMY_KILL","is_daily":false,"chose_seed":false,"campfire_upgraded":3,"win_rate":0.0,"timestamp":1614276447,"path_taken":["M","$","?","?","?","R","E","M","T","M","E","R","M","?","R","BOSS","M","M","?","?","?","E"],"items_purchased_type":["Card","Relic","Card"],"build_version":"2020-12-22","purchased_purges":2,"victory":false,"max_hp_per_floor":[80,80,80,80,80,80,80,80,80,80,80,80,80,80,80,80,80,80,80,80,80,80,80,80],"card_choices":[{"not_picked":["Headbutt","Second Wind"],"picked":"Pommel Strike","floor":1},{"not_picked":["Body Slam","Burning Pact"],"picked":"Power Through","floor":7},{"not_picked":["Searing Blow","Blood for Blood"],"picked":"Inflame","floor":8},{"not_picked":["Clothesline","Pommel Strike"],"picked":"Wild Strike","floor":10},{"not_picked":["Thunderclap","Perfected Strike"],"picked":"Hemokinesis","floor":11},{"not_picked":["Clothesline","Pommel Strike","Spot Weakness"],"picked":"SKIP","floor":13},{"not_picked":["Brutality","Double Tap"],"picked":"Barricade","floor":16},{"not_picked":["Warcry","Clothesline"],"picked":"Fire Breathing+1","floor":18},{"not_picked":["Blood for Blood","Perfected Strike"],"picked":"Flame Barrier+1","floor":19}],"player_experience":626108,"relics_obtained":[{"floor":7,"key":"Omamori"},{"floor":9,"key":"White Beast Statue"},{"floor":11,"key":"Darkstone Periapt"}],"event_choices":[{"damage_healed":0,"gold_gain":75,"player_choice":"Gather Gold","damage_taken":11,"max_hp_gain":0,"max_hp_loss":0,"event_name":"World of Goop","floor":3,"gold_loss":0},{"damage_healed":0,"gold_gain":175,"player_choice":"AGREE","damage_taken":0,"max_hp_gain":0,"max_hp_loss":0,"event_name":"Liars Game","floor":4,"gold_loss":0,"cards_obtained":["Doubt"]},{"damage_healed":0,"gold_gain":0,"player_choice":"Success","damage_taken":3,"relics_obtained":["Juzu Bracelet"],"max_hp_gain":0,"max_hp_loss":0,"event_name":"Scrap Ooze","floor":5,"gold_loss":0},{"cards_removed":["Defend_R"],"damage_healed":0,"gold_gain":0,"player_choice":"Elegance","damage_taken":0,"max_hp_gain":0,"max_hp_loss":0,"event_name":"Back to Basics","floor":20,"gold_loss":0},{"cards_removed":["Doubt"],"damage_healed":0,"gold_gain":0,"player_choice":"Gave Gold","damage_taken":0,"max_hp_gain":0,"max_hp_loss":0,"event_name":"Beggar","floor":21,"gold_loss":75},{"cards_removed":["Defend_R"],"damage_healed":0,"gold_gain":0,"player_choice":"Offered Basic","damage_taken":0,"max_hp_gain":0,"max_hp_loss":0,"event_name":"Bonfire Elementals","floor":22,"gold_loss":0}],"is_beta":false,"boss_relics":[{"not_picked":["Velvet Choker","infinitespire:Burning Sword"],"picked":"Astrolabe"}],"items_purged_floors":[2,14],"is_endless":false,"potions_floor_spawned":[1,8,10,11,13,16,18,19],"killed_by":"Book of Stabbing","ascension_level":10}}