{"host":"cpsutu8lprjuipd6","time":1614278440,"event":{"mods":["BaseMod","Colored Map","Minty Spire (QoL Compilation)","Permanent Neow","Quick Restart","StSLib","SuperFastMode","The Bug Knight","Together in Spire"],"gold_per_floor":[114,124,72,72,33,33,45,45,72,72,95,139,151,173,185,297,309,339,366,378,406,147,180,180,279,279,295,295,45,120,137,137,241,241,260,273,148,29,39,39,59,85,134,166,182,182,216,216,216,216,216],"floor_reached":50,"language":"KOR","playtime":1413,"items_purged":["Defend_R","Strike_R","Defend_R"],"score":628,"play_id":"668d0e8e-470c-4836-a341-d916d591e098","local_time":"20210226034040","is_ascension_mode":true,"campfire_choices":[{"floor":6.0,"key":"RECALL"},{"data":"Thunderclap","floor":8.0,"key":"SMITH"},{"floor":13.0,"key":"REST"},{"data":"Dropkick","floor":15.0,"key":"SMITH"},{"floor":28.0,"key":"REST"},{"floor":32.0,"key":"REST"},{"floor":40,"key":"REST"},{"floor":46,"key":"REST"},{"floor":49,"key":"REST"}],"circlet_count":0,"master_deck":["Strike_R+1","Strike_R+1","Defend_R+1","Bash","Thunderclap+1","Dropkick+1","Dropkick","Seeing Red+1","Dual Wield","Clash"],"relics":["Burning Blood","Bag of Preparation","MawBank","Potion Belt","Fusion Hammer","Sling","Toy Ornithopter","Lantern","Black Star","War Paint","Gremlin Horn","Anchor","HollowMod:PaleOreRelic","InkBottle","Strawberry","Mercury Hourglass"],"acts_visited":["Exordium","TheCity","TheBeyond"],"potions_floor_usage":[33,33,33,42,42,50],"damage_taken":[{"damage":5.0,"enemies":"Jaw Worm","floor":1.0,"turns":4.0},{"damage":8.0,"enemies":"Small Slimes","floor":2.0,"turns":4.0},{"damage":1.0,"enemies":"Cultist","floor":7.0,"turns":3.0},{"damage":31.0,"enemies":"Lagavulin","floor":12.0,"turns":5.0},{"damage":6.0,"enemies":"Red Slaver","floor":14.0,"turns":3.0},{"damage":55.0,"enemies":"Hexaghost","floor":16.0,"turns":7.0},{"damage":26.0,"enemies":"Spheric Guardian","floor":18.0,"turns":5.0},{"damage":0.0,"enemies":"Chosen","floor":19.0,"turns":3.0},{"damage":10.0,"enemies":"Shelled Parasite and Fungi","floor":21.0,"turns":5.0},{"damage":0.0,"enemies":"Gremlin Leader","floor":23.0,"turns":3.0},{"damage":11.0,"enemies":"3 Cultists","floor":27.0,"turns":4.0},{"damage":15.0,"enemies":"Snecko","floor":31.0,"turns":3.0},{"damage":86,"enemies":"Automaton","floor":33,"turns":11},{"damage":26,"enemies":"3 Shapes","floor":35,"turns":2},{"damage":31,"enemies":"3 Darklings","floor":36,"turns":4},{"damage":16,"enemies":"4 Shapes","floor":39,"turns":4},{"damage":21,"enemies":"Spire Growth","floor":41,"turns":3},{"damage":15,"enemies":"Nemesis","floor":42,"turns":3},{"damage":8,"enemies":"Giant Head","floor":44,"turns":5},{"damage":0,"enemies":"Jaw Worm Horde","floor":45,"turns":2},{"damage":0,"enemies":"HollowMod:StalkingDevout","floor":47,"turns":2},{"damage":94,"enemies":"Awakened One","floor":50,"turns":7}],"seed_played":"5596222813792059474","potions_obtained":[{"floor":2.0,"key":"ColorlessPotion"},{"floor":12.0,"key":"Explosive Potion"},{"floor":16.0,"key":"SpeedPotion"},{"floor":23.0,"key":"SteroidPotion"},{"floor":27.0,"key":"PowerPotion"},{"floor":39,"key":"Swift Potion"},{"floor":41,"key":"GamblersBrew"},{"floor":42,"key":"Block Potion"},{"floor":47,"key":"DuplicationPotion"}],"is_trial":false,"path_per_floor":["M","M","$","?","$","R","M","R","T","?","T","E","R","M","R","B",null,"M","M","?","M","$","E","?","?","T","M","R","$","?","M","R","B",null,"M","M","$","$","M","R","M","E","T","E","M","R","E","?","R","B"],"character_chosen":"IRONCLAD","items_purchased":["Thunderclap","Dropkick","Sling","Block Potion","Lantern","Dual Wield","Clash"],"campfire_rested":6,"item_purchase_floors":[3,5,22,22,29,38,38],"current_hp_per_floor":[80,78,78,78,78,78,80,80,80,64,64,39,63,63,63,14,80,60,66,66,62,62,68,68,68,68,63,80,80,72,63,80,10,80,60,35,35,35,25,49,34,35,35,33,39,63,76,76,87,0,0],"gold":216,"neow_bonus":"REMOVE_CARD","is_daily":false,"chose_seed":false,"campfire_upgraded":2,"win_rate":0.0,"timestamp":1614278440,"path_taken":["M","M","$","?","$","R","M","R","T","?","?","E","R","M","R","BOSS","M","M","?","?","$","E","?","?","T","M","R","$","?","?","R","BOSS","M","M","?","$","M","R","M","E","T","E","M","R","E","?","R","BOSS"],"items_purchased_type":["Card","Card","Relic","Potion","Relic","Card","Card"],"build_version":"2020-12-22","purchased_purges":3,"victory":false,"max_hp_per_floor":[80,80,80,80,80,80,80,80,80,80,80,80,80,80,80,80,80,80,80,80,80,80,80,80,80,80,80,80,80,80,80,80,80,80,80,80,80,80,80,80,80,80,80,80,80,80,87,87,87,87,87],"card_choices":[{"not_picked":["Twin Strike","Burning Pact","Rage"],"picked":"SKIP","floor":1.0},{"not_picked":["Shrug It Off","True Grit","Pommel Strike"],"picked":"SKIP","floor":2.0},{"not_picked":["Seeing Red","Intimidate","Body Slam"],"picked":"SKIP","floor":7.0},{"not_picked":["Sentinel","Searing Blow","Havoc"],"picked":"SKIP","floor":12.0},{"not_picked":["Disarm","Armaments","True Grit"],"picked":"SKIP","floor":14.0},{"not_picked":["Thunderclap","Anger"],"picked":"Dropkick","floor":18.0},{"not_picked":["Wild Strike","Iron Wave","Clothesline"],"picked":"SKIP","floor":19.0},{"not_picked":["Spot Weakness+1","Pummel","Uppercut"],"picked":"SKIP","floor":21.0},{"not_picked":["Headbutt","Berserk","Pommel Strike"],"picked":"SKIP","floor":23.0},{"not_picked":["Iron Wave","Sword Boomerang","Rampage"],"picked":"SKIP","floor":27.0},{"not_picked":["Bloodletting","Thunderclap","Rampage"],"picked":"SKIP","floor":31.0},{"not_picked":["Cleave","Entrench","Seeing Red+1"],"picked":"SKIP","floor":35},{"not_picked":["Intimidate+1","Pummel+1","Bloodletting+1"],"picked":"SKIP","floor":36},{"not_picked":["Rupture+1","Cleave+1","Twin Strike"],"picked":"SKIP","floor":39},{"not_picked":["Reckless Charge","Twin Strike+1","True Grit"],"picked":"SKIP","floor":41},{"not_picked":["Uppercut","Flex+1","Inflame"],"picked":"SKIP","floor":42},{"not_picked":["Sentinel","Thunderclap+1","Feel No Pain+1"],"picked":"SKIP","floor":44},{"not_picked":["Rage","Dark Embrace","Corruption"],"picked":"SKIP","floor":45},{"not_picked":["Disarm+1","Armaments","Uppercut"],"picked":"SKIP","floor":47}],"player_experience":149322,"relics_obtained":[{"floor":9.0,"key":"Bag of Preparation"},{"floor":11.0,"key":"MawBank"},{"floor":12.0,"key":"Potion Belt"},{"floor":23.0,"key":"Toy Ornithopter"},{"floor":42,"key":"War Paint"},{"floor":42,"key":"Gremlin Horn"},{"floor":43,"key":"Anchor"},{"floor":44,"key":"HollowMod:PaleOreRelic"},{"floor":44,"key":"InkBottle"},{"floor":47,"key":"Strawberry"},{"floor":47,"key":"Mercury Hourglass"}],"event_choices":[{"cards_removed":["Defend_R"],"damage_healed":0.0,"max_hp_gain":0.0,"max_hp_loss":0.0,"gold_gain":0.0,"event_name":"Living Wall","player_choice":"Forget","floor":4.0,"gold_loss":0.0,"damage_taken":0.0},{"damage_healed":0.0,"max_hp_gain":0.0,"max_hp_loss":0.0,"gold_gain":0.0,"event_name":"Shining Light","player_choice":"Entered Light","floor":10.0,"gold_loss":0.0,"damage_taken":16.0,"cards_upgraded":["Strike_R","Strike_R"]},{"cards_removed":["Strike_R"],"damage_healed":0.0,"max_hp_gain":0.0,"max_hp_loss":0.0,"gold_gain":0.0,"event_name":"Purifier","player_choice":"Purged","floor":20.0,"gold_loss":0.0,"damage_taken":0.0},{"damage_healed":0.0,"max_hp_gain":0.0,"max_hp_loss":0.0,"gold_gain":0.0,"event_name":"The Library","player_choice":"Read","floor":24.0,"gold_loss":0.0,"damage_taken":0.0,"cards_obtained":["Seeing Red"]},{"damage_healed":0.0,"max_hp_gain":0.0,"max_hp_loss":0.0,"gold_gain":99.0,"event_name":"Nest","player_choice":"Stole From Cult","floor":25.0,"gold_loss":0.0,"damage_taken":0.0},{"damage_healed":0.0,"max_hp_gain":0.0,"max_hp_loss":0.0,"gold_gain":75.0,"event_name":"FaceTrader","player_choice":"Touch","floor":30.0,"gold_loss":0.0,"damage_taken":8.0},{"damage_healed":0,"gold_gain":0,"player_choice":"Memory 1","damage_taken":0,"max_hp_gain":0,"max_hp_loss":0,"event_name":"SensoryStone","floor":48,"gold_loss":0}],"is_beta":false,"boss_relics":[{"not_picked":["Runic Cube","Runic Dome"],"picked":"Fusion Hammer"},{"not_picked":["SacredBark","Runic Pyramid"],"picked":"Black Star"}],"items_purged_floors":[22,29,37],"is_endless":false,"potions_floor_spawned":[2,12,16,23,27,39,41,42,47],"killed_by":"Awakened One","ascension_level":1}}