{"host":"xpzu3ao9bvbn9hmu","time":1614235566,"event":{"mods":["ATMod(∞¢Ë™Mod)","Alarm Clock","BaseMod","Colored Powertips","Dota2Spire","GifTheSpireLib","KinomotoSakuraMod(ƒæ÷Æ±æ”£)","LagranYue(¿≠∏Ò¿ °§‘¬)","Luminous","Marisa£®ÏF”Í°°ƒß¿Ì…≥£©","Minty Spire (QoL Compilation)","Reimu£®≤©¿ˆ¡È√Œ£©","Relic Stats","Remilia£®¿Ÿ√◊¿Ú—«£©","Replay The Spire","SIMod","StSLib","The Gatherer","The Runesmith","The Servant 0.9.4","Waifu the Spire","WarShipGirlsR/’ΩΩ¢…Ÿ≈ÆR mod","Yakumo Yukari mod","Youmu£®ªÍ∆«—˝√Œ£©","Yuyuko","[IsaacMod]“‘»ˆº‚À˛","≤–¡Ù÷ÆŒÔ"],"gold_per_floor":[111,125,125,175,175,175,202,202,202,235,235,253,31,45,45,145,145,157,169,204,214,214,244,244,255,255,1,1,20,55,72,72,174,99,116,4,14,14,59,59,119,135,135,151,179,196,196,46,46,46,46,46,46,106,106],"floor_reached":56,"language":"ZHS","playtime":2535,"items_purged":["Strike_R","Strike_R","Strike_R","Strike_R"],"score":1605,"play_id":"c2108d97-16db-4793-9f37-6655a565adc1","local_time":"20210225144606","is_ascension_mode":false,"campfire_choices":[{"data":"Armaments","floor":6,"key":"SMITH"},{"data":"AT_BodySlamDance","floor":24,"key":"SMITH"},{"floor":32,"key":"RECALL"},{"data":"Entrench","floor":40,"key":"SMITH"},{"data":"Backflip","floor":47,"key":"SMITH"},{"data":"AT_BodySlamDance","floor":49,"key":"SMITH"},{"data":"Juggernaut","floor":52,"key":"SMITH"}],"circlet_count":0,"master_deck":["Defend_R","Defend_R","Defend_R+1","Defend_R","Bash","AT_DarkMatter","Armaments+1","ReplayReversal","Shrug It Off","ReplayReversal","Juggernaut+1","True Grit+1","Evolve","AT_BodySlamDance+1","Replay:Undeath\u0027s Touch","Backflip+1","Seeing Red","Entrench+1","AT_BodySlamDance+1","Metallicize","ReplayTheSpireMod:Muscle Training+1","AT_BodySlamDance","Feel No Pain+1"],"relics":["Burning Blood","AT_ATBox","HushsDoor","LagranYue:RandomDrawCardRelic","D6","NeowsBlessing","AT_BladeRuinedKing","Iron Hammer","LagranYue:GuideDeadRelic","Pyrelight","PlaceholderMod:SoulofChaos","Dota2Spire:Butterfly","Dota2Spire:PhaseBoots","Dota2Spire:Bloodstone","JudasShadow","Red Mask","BelialBook","Replay:Ringing Soul","CrazyTorch:ReiMu","Dota2Spire:ShadowBlade","Pet Ghost","Tiny House","Thread and Needle","Frozen Egg 2","Eternal Feather"],"acts_visited":["Exordium","TheCity","TheBeyond","TheEnding"],"potions_floor_usage":[20,50],"damage_taken":[{"damage":0,"enemies":"Small Slimes","floor":1,"turns":1},{"damage":0,"enemies":"Cultist","floor":2,"turns":1},{"damage":0,"enemies":"Hiden Room Battle","floor":4,"turns":2},{"damage":0,"enemies":"Lagavulin","floor":7,"turns":5},{"damage":12,"enemies":"3 Sentries","floor":10,"turns":11},{"damage":0,"enemies":"Jaw Worm","floor":12,"turns":3},{"damage":0,"enemies":"2 Fungi Beasts","floor":14,"turns":5},{"damage":0,"enemies":"Fading Forest","floor":16,"turns":11},{"damage":0,"enemies":"Chosen","floor":18,"turns":4},{"damage":0,"enemies":"3 Byrds","floor":19,"turns":5},{"damage":7,"enemies":"Masked Bandits","floor":20,"turns":6},{"damage":0,"enemies":"Sentry and Sphere","floor":21,"turns":3},{"damage":0,"enemies":"Replay:Snechameleon","floor":23,"turns":5},{"damage":0,"enemies":"Centurion and Healer","floor":25,"turns":3},{"damage":0,"enemies":"Snake Plant","floor":29,"turns":2},{"damage":0,"enemies":"Gremlin Leader","floor":30,"turns":2},{"damage":0,"enemies":"Snecko","floor":31,"turns":1},{"damage":0,"enemies":"Collector","floor":33,"turns":3},{"damage":0,"enemies":"3 Darklings","floor":35,"turns":1},{"damage":0,"enemies":"3 Shapes","floor":37,"turns":3},{"damage":0,"enemies":"2 Orb Walkers","floor":39,"turns":3},{"damage":6,"enemies":"R_Hoarder","floor":41,"turns":4},{"damage":1,"enemies":"Transient","floor":42,"turns":5},{"damage":0,"enemies":"Maw","floor":44,"turns":3},{"damage":0,"enemies":"Reptomancer","floor":45,"turns":1},{"damage":6,"enemies":"3 Darklings","floor":46,"turns":3},{"damage":5,"enemies":"Time Eater","floor":50,"turns":7},{"damage":8,"enemies":"Shield and Spear","floor":54,"turns":3},{"damage":67,"enemies":"The Heart","floor":55,"turns":5}],"seed_played":"3617735983804028905","potions_obtained":[{"floor":2,"key":"DistilledChaos"},{"floor":7,"key":"Regen Potion"},{"floor":14,"key":"Swift Potion"},{"floor":30,"key":"SpeedPotion"},{"floor":54,"key":"BloodPotion"}],"is_trial":false,"path_per_floor":["M","M","?","?","?","R","E","?","T","E","?","M","$","M","R","B",null,"M","M","?","M","?","E","R","M","T","$","?","M","E","M","R","B",null,"M","$","M","?","?","R","E","M","T","M","E","M","R","$","R","B",null,"R","$","E","B",null],"character_chosen":"IRONCLAD","items_purchased":["Dota2Spire:PhaseBoots","JudasShadow","Dota2Spire:ShadowBlade","Entrench","AT_BodySlamDance","Metallicize"],"campfire_rested":0,"item_purchase_floors":[13,17,27,34,36,36],"current_hp_per_floor":[80,80,85,85,85,85,85,85,85,79,82,88,88,88,88,88,75,75,75,77,78,81,84,84,84,84,84,90,93,93,93,93,93,99,99,102,102,105,111,111,111,111,111,114,117,117,117,117,117,117,117,117,117,115,54],"gold":106,"neow_bonus":"THREE_ENEMY_KILL","is_daily":false,"chose_seed":false,"campfire_upgraded":6,"win_rate":0.0,"timestamp":1614235566,"path_taken":["M","M","?","?","?","R","E","?","T","E","?","M","$","M","R","BOSS","M","M","?","M","?","E","R","M","T","$","?","M","E","M","R","BOSS","M","$","M","?","?","R","E","M","T","M","E","M","R","$","R","BOSS","R","$","E","BOSS"],"items_purchased_type":["Relic","Relic","Relic","Card","Card","Card"],"build_version":"2020-12-22","purchased_purges":4,"victory":true,"max_hp_per_floor":[80,80,85,85,85,85,85,85,85,85,88,88,88,88,88,88,75,75,75,78,78,81,84,84,84,84,84,90,93,93,93,93,93,99,99,102,102,105,111,111,111,111,111,114,117,117,117,117,117,117,117,117,117,117,117],"relic_stats":{"counters":[29,111],"Eternal Feather":0,"obtain_stats":[{"AT_ATBox":0,"Tiny House":34,"LagranYue:RandomDrawCardRelic":0,"Dota2Spire:ShadowBlade":27,"Burning Blood":0,"Pet Ghost":30,"Replay:Ringing Soul":23,"Iron Hammer":4,"Red Mask":20,"KeepersGift":0,"NeowsBlessing":0,"JudasShadow":17,"BelialBook":22,"Thread and Needle":39,"Eternal Feather":54,"AT_BladeRuinedKing":4,"Pyrelight":8,"Dota2Spire:Bloodstone":17,"LagranYue:GuideDeadRelic":7,"Frozen Egg 2":45,"D6":0,"Dota2Spire:Butterfly":10,"CrazyTorch:ReiMu":26,"PlaceholderMod:SoulofChaos":9,"HushsDoor":0,"Dota2Spire:PhaseBoots":13},{"AT_ATBox":0,"Tiny House":18,"LagranYue:RandomDrawCardRelic":0,"Dota2Spire:ShadowBlade":14,"Burning Blood":0,"Pet Ghost":16,"Replay:Ringing Soul":13,"Iron Hammer":3,"Red Mask":11,"KeepersGift":0,"NeowsBlessing":0,"JudasShadow":8,"BelialBook":12,"Thread and Needle":21,"Eternal Feather":28,"AT_BladeRuinedKing":3,"Pyrelight":4,"Dota2Spire:Bloodstone":8,"LagranYue:GuideDeadRelic":4,"Frozen Egg 2":25,"D6":0,"Dota2Spire:Butterfly":5,"CrazyTorch:ReiMu":14,"PlaceholderMod:SoulofChaos":4,"HushsDoor":0,"Dota2Spire:PhaseBoots":6},{"AT_ATBox":0,"Tiny House":73,"LagranYue:RandomDrawCardRelic":0,"Dota2Spire:ShadowBlade":65,"Burning Blood":0,"Pet Ghost":69,"Replay:Ringing Soul":62,"Iron Hammer":4,"Red Mask":54,"KeepersGift":0,"NeowsBlessing":0,"JudasShadow":39,"BelialBook":57,"Thread and Needle":80,"Eternal Feather":106,"AT_BladeRuinedKing":4,"Pyrelight":9,"Dota2Spire:Bloodstone":39,"LagranYue:GuideDeadRelic":9,"Frozen Egg 2":93,"D6":0,"Dota2Spire:Butterfly":20,"CrazyTorch:ReiMu":65,"PlaceholderMod:SoulofChaos":9,"HushsDoor":0,"Dota2Spire:PhaseBoots":23}],"Burning Blood":49},"card_choices":[{"not_picked":[],"picked":"Bomb","floor":0},{"not_picked":["AT_IchimonjiDouble","AT_BodySlamDance"],"picked":"Shrug It Off","floor":1},{"not_picked":["Shockwave","Double Tap","Infernal Blade"],"picked":"SKIP","floor":2},{"not_picked":["Shockwave","Wild Strike"],"picked":"Armaments","floor":4},{"not_picked":["Searing Blow","AT_IchimonjiDouble"],"picked":"ReplayReversal","floor":7},{"not_picked":["Wild Strike","Cleave","Thunderclap"],"picked":"SKIP","floor":10},{"not_picked":["Second Wind","Thunderclap","Rampage"],"picked":"SKIP","floor":12},{"not_picked":["Sword Boomerang","Clash"],"picked":"Shrug It Off","floor":14},{"not_picked":["Bludgeon","Offering"],"picked":"Juggernaut","floor":16},{"not_picked":["Evolve","Clash"],"picked":"True Grit+1","floor":18},{"not_picked":["Feel No Pain","Clothesline"],"picked":"Evolve","floor":19},{"not_picked":["Disarm+1","Twin Strike"],"picked":"AT_BodySlamDance","floor":20},{"not_picked":["Searing Blow","Abandon","Warcry+1"],"picked":"SKIP","floor":21},{"not_picked":["Eclipse","Corruption"],"picked":"Replay:Undeath\u0027s Touch","floor":23},{"not_picked":["Heavy Blade+1","Iron Wave","Clash"],"picked":"SKIP","floor":25},{"not_picked":["Inflame+1","Twin Strike"],"picked":"Seeing Red","floor":29},{"not_picked":["Pommel Strike","Demon Form","Armaments"],"picked":"SKIP","floor":30},{"not_picked":["Flex","AT_IchimonjiDouble","Perfected Strike"],"picked":"SKIP","floor":31},{"not_picked":["Rage","Cleave+1","AT_DrawKnifeCut+1"],"picked":"SKIP","floor":35},{"not_picked":["Perfected Strike","Clothesline","Iron Wave"],"picked":"SKIP","floor":37},{"not_picked":["Evolve","Defy Death+1"],"picked":"ReplayTheSpireMod:Muscle Training+1","floor":39},{"not_picked":["ReplayReversal","True Grit+1","Clothesline+1"],"picked":"SKIP","floor":41},{"not_picked":["Sever Soul+1","Dual Wield","Battle Trance"],"picked":"SKIP","floor":42},{"not_picked":["Anger+1","AT_CaressingTears+1"],"picked":"AT_BodySlamDance","floor":44},{"not_picked":["Warcry","Run Through"],"picked":"Feel No Pain+1","floor":45},{"not_picked":["Flex+1","Uppercut+1","Rampage+1"],"picked":"SKIP","floor":46},{"not_picked":["Sever Soul+1","Reaper","Shockwave"],"picked":"SKIP","floor":54}],"player_experience":80314,"relics_obtained":[{"floor":4,"key":"AT_BladeRuinedKing"},{"floor":4,"key":"Iron Hammer"},{"floor":7,"key":"LagranYue:GuideDeadRelic"},{"floor":9,"key":"PlaceholderMod:SoulofChaos"},{"floor":10,"key":"Dota2Spire:Butterfly"},{"floor":20,"key":"Red Mask"},{"floor":23,"key":"Replay:Ringing Soul"},{"floor":26,"key":"CrazyTorch:ReiMu"},{"floor":30,"key":"Pet Ghost"},{"floor":39,"key":"Thread and Needle"},{"floor":45,"key":"Frozen Egg 2"},{"floor":54,"key":"Eternal Feather"}],"event_choices":[{"damage_healed":0,"gold_gain":0,"player_choice":"Donut","damage_taken":0,"max_hp_gain":5,"max_hp_loss":0,"event_name":"Big Fish","floor":3,"gold_loss":0},{"damage_healed":0,"gold_gain":0,"player_choice":"Fight","damage_taken":0,"max_hp_gain":0,"max_hp_loss":0,"event_name":"HidenRoomEvent","floor":4,"gold_loss":0},{"damage_healed":0,"gold_gain":0,"player_choice":"Ignored","damage_taken":0,"max_hp_gain":0,"max_hp_loss":0,"event_name":"Liars Game","floor":5,"gold_loss":0},{"damage_healed":0,"gold_gain":0,"player_choice":"Fought Bandits","damage_taken":0,"max_hp_gain":0,"max_hp_loss":0,"event_name":"Masked Bandits","floor":20,"gold_loss":0},{"cards_removed":["Shrug It Off"],"damage_healed":0,"gold_gain":0,"player_choice":"Took Card","damage_taken":0,"max_hp_gain":0,"max_hp_loss":0,"event_name":"NoteForYourself","floor":28,"gold_loss":0,"cards_obtained":["Backflip"]},{"damage_healed":0,"gold_gain":0,"player_choice":"Fight","damage_taken":0,"max_hp_gain":0,"max_hp_loss":0,"event_name":"Mysterious Sphere","floor":39,"gold_loss":0}],"is_beta":false,"boss_relics":[{"not_picked":["Snecko Eye","LagranYue:ContractPerformanceRelic"],"picked":"Dota2Spire:Bloodstone"},{"not_picked":[]},{"not_picked":["SlaversCollar","Velvet Choker"],"picked":"Tiny House"},{"not_picked":[]}],"items_purged_floors":[13,27,34,48],"is_endless":false,"potions_floor_spawned":[2,7,14,18,21,25,30,37,39,46,54],"ascension_level":0}}