{"host":"87w2793jpavfbt1o","time":1614249070,"event":{"mods":["AchievementEnabler","Aspiration","BaseMod","Better Altar","Better Match","Better Note","Better Sensory Stone","Better Skull","Better Third Choice","Better Vampires","BetterRewards","Conspire","Displayed Cursed Tome","Downfall","Energized Spire","Filter the Spire","Halation","Highlight Path","Hubris","Infinite Spire","Marked Mod","Minty Spire (QoL Compilation)","Practice Mode","Prisma Mod","Relic Filter","Relic Sorter","Replay The Spire","Shop Mod","StSLib","TestMod","??????REMEMod"],"gold_per_floor":[110,110,125,91,91,91,120,120,120,120,0,31,58,71,71,71,71],"floor_reached":16,"language":"ENG","playtime":1197,"items_purged":[],"score":218,"play_id":"433367ca-cc96-404c-8ce4-1430677e4b42","local_time":"20210225023110","is_ascension_mode":true,"campfire_choices":[{"floor":6,"key":"REST"},{"floor":8,"key":"REST"},{"floor":10,"key":"RECALL"},{"floor":15,"key":"REST"}],"circlet_count":0,"master_deck":["Strike_P","Strike_P","Strike_P","Strike_P","Defend_P","Defend_P","Defend_P","Defend_P","Eruption","Vigilance","PrismaMod:MiyuCheapDefend1+1","Replay:AtTheReady","DeusExMachina","CutThroughFate+1","Prostrate","PathToVictory","Pray","REME_EmptyShield","ThirdEye"],"relics":["PureWater","REME_ComplimentaryCards","testmod-TestBox","testmod-BloodSacrificeSpiritualization","Tiny Chest","aspiration:HummingbirdHeart","Counterbalance","Bottled Flame","Pantograph","infinitespire:PuzzleCube","aspiration:HiddenCompartment"],"acts_visited":["Exordium"],"potions_floor_usage":[7,14,16],"damage_taken":[{"damage":7,"enemies":"2 Louse","floor":1,"turns":2},{"damage":0,"enemies":"Cultist","floor":3,"turns":3},{"damage":22,"enemies":"3 Sentries","floor":7,"turns":8},{"damage":42,"enemies":"Gremlin Nob","floor":12,"turns":4},{"damage":7,"enemies":"infinitespire:Voidling","floor":14,"turns":3},{"damage":64,"enemies":"Slime Boss","floor":16,"turns":8}],"seed_played":"-1761402706143556127","potions_obtained":[{"floor":1,"key":"Elixir"},{"floor":12,"key":"testmod-SpacePotion"},{"floor":14,"key":"GamblersBrew"}],"is_trial":false,"path_per_floor":["M","?","M","$","T","R","E","R","T","R","$","E","T","M","R","B"],"character_chosen":"WATCHER","items_purchased":["Tiny Chest","aspiration:HummingbirdHeart","CutThroughFate+1","PathToVictory","Pray"],"campfire_rested":3,"item_purchase_floors":[0,0,4,11,11],"current_hp_per_floor":[36,40,40,40,40,61,39,60,60,60,60,18,18,11,32,0,0],"gold":71,"neow_bonus":"","is_daily":false,"chose_seed":false,"campfire_upgraded":0,"win_rate":0.0,"timestamp":1614249070,"path_taken":["M","?","?","$","?","R","E","R","T","R","$","E","?","M","R","BOSS"],"items_purchased_type":["Relic","Relic","Card","Card","Card"],"build_version":"2020-12-22","purchased_purges":0,"victory":false,"max_hp_per_floor":[72,72,72,72,72,72,72,72,72,72,72,72,72,72,72,72,72],"card_choices":[{"not_picked":["MentalFortress","REME_Repentance"],"picked":"Replay:AtTheReady","floor":1},{"not_picked":["Prostrate","CarveReality"],"picked":"DeusExMachina","floor":3},{"not_picked":["CrushJoints","FlurryOfBlows"],"picked":"Prostrate","floor":7},{"not_picked":["Prostrate","Replay:Hum"],"picked":"REME_EmptyShield","floor":12},{"not_picked":["FearNoEvil","Replay:AtTheReady"],"picked":"ThirdEye","floor":14}],"player_experience":651299,"relics_obtained":[{"floor":5,"key":"Counterbalance"},{"floor":7,"key":"Bottled Flame"},{"floor":9,"key":"Pantograph"},{"floor":12,"key":"infinitespire:PuzzleCube"},{"floor":13,"key":"aspiration:HiddenCompartment"}],"event_choices":[{"damage_healed":4,"gold_gain":0,"player_choice":"LEAVE ","damage_taken":0,"relics_obtained":[],"max_hp_gain":0,"max_hp_loss":0,"event_name":"betterSkull:BetterSkull","floor":2,"gold_loss":0,"cards_upgraded":[]}],"is_beta":false,"boss_relics":[],"items_purged_floors":[],"is_endless":false,"potions_floor_spawned":[1,12,14],"killed_by":"Slime Boss","ascension_level":8}}