{"host":"f7915vm1ahl7kex1","time":1614269435,"event":{"mods":["BaseMod","Colored Map","Downfall","Minty Spire (QoL Compilation)","Quick Restart","Spire Arcade","StSLib"],"gold_per_floor":[99,117,128,158,168,168,193,218,118,118,136,35,35,35,55,160,160,160,174,189,122,122,142,142,142,162,162,262,262,262,262],"floor_reached":29,"language":"ENG","playtime":1064,"items_purged":["Regret"],"score":298,"play_id":"2acfa78f-724e-4b97-bab8-cf8a2e13c3c3","local_time":"20210225101035","is_ascension_mode":false,"campfire_choices":[{"floor":6.0,"key":"RECALL"}],"circlet_count":0,"master_deck":["sneckomod:Strike","sneckomod:Strike","sneckomod:Strike","sneckomod:Defend","sneckomod:Defend","sneckomod:Defend+1","sneckomod:TailWhip","sneckomod:SnekBite","sneckomod:Unknown","sneckomod:MorePower+1","bronze:HardenedForm","sneckomod:UnknownRareSkill+1","sneckomod:UnknownVulnerable","bronze:DelayedSlice","sneckomod:UnknownBlock","sneckomod:UnknownBoss+1","sneckomod:QuickMove+1","sneckomod:SnakeSap","downfall:Malfunctioning","sneckomod:MorePower+1","sneckomod:UnknownRareAttack+1","sneckomod:UnknownWeak","sneckomod:UnknownRareAttack+1","sneckomod:UnknownRareAttack","bronze:Assembly+1","sneckomod:UnknownRarePower+1","sneckomod:UnknownBlock+1","sneckomod:UnknownDraw","sneckomod:UnknownRareAttack+1","sneckomod:UnknownClassTHE_BRONZE_AUTOMATON+1","sneckomod:SoulDraw","bronze:BronzeOrb+1","sneckomod:Mudshield","Guardian:StasisStrike+1","sneckomod:UnknownRarePower+1","sneckomod:QuickMove+1"],"relics":["sneckomod:SneckoSoul","Pocketwatch","Smiling Mask","Mango","downfall:HeartBlessingRed","bronze:MakeshiftBattery","Toxic Egg 2","sneckomod:LoadedDie","WingedGreaves","Mercury Hourglass"],"acts_visited":["Exordium","TheCity"],"potions_floor_usage":[16,23,28,29,29,29],"damage_taken":[{"damage":3.0,"enemies":"Jaw Worm","floor":2.0,"turns":4.0},{"damage":0.0,"enemies":"2 Louse","floor":3.0,"turns":2.0},{"damage":7.0,"enemies":"Small Slimes","floor":5.0,"turns":3.0},{"damage":27.0,"enemies":"Gremlin Nob","floor":8.0,"turns":4.0},{"damage":0.0,"enemies":"Red Slaver","floor":11.0,"turns":2.0},{"damage":15.0,"enemies":"downfall:FleeingMerchant","floor":12.0,"turns":4.0},{"damage":3.0,"enemies":"downfall:LooterAlt","floor":15.0,"turns":3.0},{"damage":7,"enemies":"WA_ARCHETYPE_RETAIN","floor":16,"turns":5},{"damage":10,"enemies":"Chosen","floor":19,"turns":4},{"damage":5,"enemies":"Spheric Guardian","floor":20,"turns":3},{"damage":10,"enemies":"downfall:FleeingMerchant","floor":21,"turns":4},{"damage":20,"enemies":"Centurion and Healer","floor":23,"turns":2},{"damage":15,"enemies":"Cultist and Chosen","floor":26,"turns":5},{"damage":44,"enemies":"DF_ARCHETYPE_STREAMLINE","floor":28,"turns":6},{"damage":24,"enemies":"Slavers","floor":29,"turns":2}],"seed_played":"-7795244381494311914","potions_obtained":[{"floor":5.0,"key":"hexamod:SoulburnPotion"},{"floor":15.0,"key":"DistilledChaos"},{"floor":16,"key":"BlessingOfTheForge"},{"floor":20,"key":"Regen Potion"},{"floor":23,"key":"Fruit Juice"},{"floor":26,"key":"bronze:BurnAndBuffPotion"},{"floor":28,"key":"sneckomod:MuddlingPotion"}],"is_trial":false,"path_per_floor":["R","M","M","?","M","R","T","E","R","?","M","$","?","?","M","B",null,"R","M","M","$","?","M","T","R","M","R","?","E"],"character_chosen":"THE_SNECKO","items_purchased":["sneckomod:SnakeSap","sneckomod:SoulDraw"],"campfire_rested":0,"item_purchase_floors":[12,21],"current_hp_per_floor":[90,87,87,87,80,80,80,67,67,72,72,57,57,57,54,47,109,109,99,94,84,84,69,69,69,61,61,22,0,0,0],"gold":262,"neow_bonus":"THREE_RARE_CARDS","is_daily":false,"chose_seed":false,"campfire_upgraded":0,"win_rate":0.0,"timestamp":1614269435,"path_taken":["R","M","M","?","M","R","T","E","R","?","M","$","?","?","M","BOSS","R","M","M","$","?","M","T","R","M","R","?","E"],"items_purchased_type":["Card","Card"],"build_version":"2020-12-22","purchased_purges":1,"victory":false,"max_hp_per_floor":[90,90,90,90,90,90,90,104,104,109,109,109,109,109,109,109,109,109,109,109,109,109,109,109,109,109,109,114,114,114,114],"card_choices":[{"not_picked":["sneckomod:Unknown3Cost","sneckomod:SerpentMind"],"picked":"sneckomod:MorePower","floor":0.0},{"not_picked":["sneckomod:UnknownX+1","sneckomod:UnknownCommonAttack+1"],"picked":"sneckomod:UnknownRareSkill+1","floor":2.0},{"not_picked":["sneckomod:Nope","sneckomod:SoulDraw"],"picked":"sneckomod:UnknownCommonAttack","floor":2.0},{"not_picked":["sneckomod:TrashToTreasure","sneckomod:MasterEye","sneckomod:Unknown2Cost"],"picked":"SKIP","floor":3.0},{"not_picked":["sneckomod:UnknownWeak+1","sneckomod:Unknown0Cost+1"],"picked":"sneckomod:UnknownUncommonAttack+1","floor":5.0},{"not_picked":["sneckomod:IronFang","sneckomod:UnknownDraw","sneckomod:WideSting"],"picked":"SKIP","floor":5.0},{"not_picked":["sneckomod:RainOfDice","sneckomod:TrashToTreasure"],"picked":"sneckomod:UnknownVulnerable","floor":8.0},{"not_picked":["sneckomod:Unknown0Cost","sneckomod:QuickMove"],"picked":"sneckomod:UnknownBlock","floor":11.0},{"not_picked":["sneckomod:UnknownCommonAttack+1","sneckomod:UnknownCommonSkill+1"],"picked":"sneckomod:UnknownBoss+1","floor":12.0},{"not_picked":["sneckomod:WideSting","sneckomod:SoulCleanse"],"picked":"sneckomod:QuickMove","floor":12.0},{"not_picked":["sneckomod:UnknownRareSkill+1","sneckomod:UnknownUncommonSkill+1"],"picked":"sneckomod:UnknownRareAttack+1","floor":15.0},{"not_picked":["sneckomod:UnknownDraw","sneckomod:UnknownCommonAttack"],"picked":"sneckomod:UnknownWeak","floor":15.0},{"not_picked":["sneckomod:UnknownBoss+1","sneckomod:UnknownClassGREEN+1"],"picked":"sneckomod:UnknownRareAttack+1","floor":16},{"not_picked":["sneckomod:UnknownUncommonAttack+1","sneckomod:UnknownVulnerable+1"],"picked":"sneckomod:UnknownClassTHE_BRONZE_AUTOMATON+1","floor":16},{"not_picked":["sneckomod:DangerNoodle","sneckomod:Unknown3Cost"],"picked":"sneckomod:UnknownRareAttack","floor":16},{"not_picked":["sneckomod:UnknownCommonSkill+1","sneckomod:UnknownWeak+1"],"picked":"sneckomod:UnknownRareAttack+1","floor":19},{"not_picked":["sneckomod:UnknownUncommonPower+1","sneckomod:UnknownClassTHE_BRONZE_AUTOMATON+1"],"picked":"sneckomod:UnknownRarePower+1","floor":19},{"not_picked":["sneckomod:UnknownClassGUARDIAN+1","sneckomod:Nope+1","sneckomod:DiceCrush"],"picked":"SKIP","floor":19},{"not_picked":["sneckomod:UnknownWeak+1","sneckomod:UnknownExhaust+1"],"picked":"sneckomod:UnknownBlock+1","floor":20},{"not_picked":["sneckomod:QuickBite+1","sneckomod:UnknownRareSkill"],"picked":"sneckomod:UnknownDraw","floor":20},{"not_picked":["sneckomod:UnknownUncommonSkill+1","sneckomod:UnknownDraw+1"],"picked":"sneckomod:UnknownRareAttack+1","floor":21},{"not_picked":["sneckomod:UnknownUncommonSkill+1","sneckomod:UnknownUncommonAttack+1"],"picked":"sneckomod:UnknownClassTHE_BRONZE_AUTOMATON+1","floor":21},{"not_picked":["sneckomod:DiceBlock","sneckomod:Nope","sneckomod:UnknownDraw"],"picked":"SKIP","floor":21},{"not_picked":["sneckomod:IronFang","sneckomod:DiceBlock+1","sneckomod:UnknownUncommonPower+1"],"picked":"SKIP","floor":23},{"not_picked":["sneckomod:Unknown1Cost+1","sneckomod:UnknownCommonAttack+1"],"picked":"sneckomod:Mudshield","floor":26},{"not_picked":["sneckomod:UnknownVulnerable+1","sneckomod:UnknownBlock+1"],"picked":"sneckomod:UnknownRarePower+1","floor":28},{"not_picked":["sneckomod:IronFang+1","sneckomod:Nope+1"],"picked":"sneckomod:QuickMove+1","floor":28}],"player_experience":1236898,"relics_obtained":[{"floor":7.0,"key":"Smiling Mask"},{"floor":8.0,"key":"Mango"},{"floor":24,"key":"sneckomod:LoadedDie"},{"floor":28,"key":"WingedGreaves"},{"floor":28,"key":"Mercury Hourglass"}],"event_choices":[{"damage_healed":0.0,"max_hp_gain":5.0,"max_hp_loss":0.0,"gold_gain":0.0,"event_name":"Big Fish","player_choice":"Donut","floor":10.0,"gold_loss":0.0,"damage_taken":0.0}],"is_beta":false,"boss_relics":[{"not_picked":["Sozu","Runic Pyramid"],"picked":"bronze:MakeshiftBattery"}],"items_purged_floors":[12],"is_endless":false,"potions_floor_spawned":[5,15,16,20,23,26,28],"killed_by":"Slavers","ascension_level":0}}