{"host":"wshey5htrz8rni6u","time":1614259475,"event":{"mods":["2.2 Compatiblity","BaseMod","Block Reminder","Colored Map","Colored Powertips","Current Relic Mod","Curses Come First","Dark Map","Key Reminder","Keyboard Shortcuts","Minty Spire (QoL Compilation)","Potion Indicator Mod","Quick Restart","Random Character Button","Relic Sorter","Relic Stats","StSLib","SuperFastMode","Unceasing Turn Reminder","UnlockEverythingMod","Weighted Paths"],"gold_per_floor":[110,126,126,138,19,52,52,77,77,111,130,130,130,142,142,219,219,229,154,58,128,128,128,156,56,109,136,38,73,85,85,85,162,162,175,193,241,241,251,251,285,285,285,285,321,343,101,127,127,127,127,127,41,69,69],"floor_reached":56,"language":"ENG","playtime":4610,"items_purged":["Strike_G","Writhe"],"score":2332,"play_id":"799e0638-7d32-41d8-924b-d4179fcea9c5","local_time":"20210225052435","is_ascension_mode":true,"campfire_choices":[{"floor":7.0,"key":"REST"},{"floor":15.0,"key":"REST"},{"data":"Concentrate","floor":23.0,"key":"SMITH"},{"data":"Wraith Form v2","floor":32.0,"key":"SMITH"},{"data":"Wraith Form v2","floor":40.0,"key":"SMITH"},{"floor":49.0,"key":"RECALL"},{"data":"After Image","floor":52,"key":"SMITH"}],"circlet_count":0,"master_deck":["AscendersBane","Defend_G","Defend_G+1","Defend_G","Defend_G","Survivor","Neutralize+1","Poisoned Stab","Backflip+1","Bane","Crippling Poison","Bane","Dagger Spray","Endless Agony","Infinite Blades","Infinite Blades","Venomology","Burst+1","Bane+1","Dagger Throw+1","Accuracy","Concentrate+1","PiercingWail","Finisher","PiercingWail","Accuracy","Wraith Form v2+1","Leg Sweep+1","Wraith Form v2+1","Blade Dance","Choke","Backflip","Distraction+1","Cloak And Dagger","Blur","Calculated Gamble","After Image+1","Terror","Malaise","Panacea"],"relics":["Ring of the Snake","Ninja Scroll","Dead Branch","FossilizedHelix","Tiny Chest","Astrolabe","Paper Crane","Snake Skull","White Beast Statue","StrikeDummy","CaptainsWheel","Blue Candle","SacredBark","Girya","Regal Pillow","Ancient Tea Set","CeramicFish","Mummified Hand","Tingsha"],"acts_visited":["Exordium","TheCity","TheBeyond","TheEnding"],"potions_floor_usage":[54,55],"damage_taken":[{"damage":1.0,"enemies":"2 Louse","floor":1.0,"turns":4.0},{"damage":0.0,"enemies":"Cultist","floor":2.0,"turns":4.0},{"damage":0.0,"enemies":"Small Slimes","floor":4.0,"turns":4.0},{"damage":20.0,"enemies":"3 Sentries","floor":6.0,"turns":11.0},{"damage":7.0,"enemies":"Gremlin Nob","floor":8.0,"turns":3.0},{"damage":15.0,"enemies":"Lagavulin","floor":10.0,"turns":4.0},{"damage":6.0,"enemies":"3 Louse","floor":11.0,"turns":2.0},{"damage":0.0,"enemies":"2 Fungi Beasts","floor":14.0,"turns":2.0},{"damage":0.0,"enemies":"Hexaghost","floor":16.0,"turns":7.0},{"damage":0.0,"enemies":"3 Byrds","floor":18.0,"turns":4.0},{"damage":10.0,"enemies":"Slavers","floor":24.0,"turns":6.0},{"damage":4.0,"enemies":"Book of Stabbing","floor":27.0,"turns":6.0},{"damage":0.0,"enemies":"Slavers","floor":29.0,"turns":2.0},{"damage":0.0,"enemies":"Shell Parasite","floor":30.0,"turns":2.0},{"damage":40.0,"enemies":"Collector","floor":33.0,"turns":6.0},{"damage":1.0,"enemies":"3 Shapes","floor":35.0,"turns":11.0},{"damage":0.0,"enemies":"Orb Walker","floor":36.0,"turns":3.0},{"damage":0.0,"enemies":"2 Orb Walkers","floor":37.0,"turns":2.0},{"damage":7.0,"enemies":"Sphere and 2 Shapes","floor":39.0,"turns":10.0},{"damage":22.0,"enemies":"Nemesis","floor":41.0,"turns":7.0},{"damage":13.0,"enemies":"Reptomancer","floor":45.0,"turns":8.0},{"damage":0.0,"enemies":"4 Shapes","floor":46.0,"turns":4.0},{"damage":0.0,"enemies":"Writhing Mass","floor":48.0,"turns":5.0},{"damage":0.0,"enemies":"Donu and Deca","floor":50.0,"turns":8.0},{"damage":0,"enemies":"Shield and Spear","floor":54,"turns":5},{"damage":41,"enemies":"The Heart","floor":55,"turns":11}],"seed_played":"-8866698880722699124","potions_obtained":[{"floor":2.0,"key":"Strength Potion"},{"floor":11.0,"key":"Poison Potion"},{"floor":14.0,"key":"Poison Potion"},{"floor":16.0,"key":"DuplicationPotion"},{"floor":27.0,"key":"Fire Potion"},{"floor":29.0,"key":"FearPotion"},{"floor":30.0,"key":"DuplicationPotion"},{"floor":33.0,"key":"EssenceOfSteel"},{"floor":35.0,"key":"GhostInAJar"},{"floor":37.0,"key":"PowerPotion"},{"floor":39.0,"key":"Strength Potion"},{"floor":41.0,"key":"SpeedPotion"},{"floor":45.0,"key":"FairyPotion"},{"floor":46.0,"key":"Swift Potion"},{"floor":54,"key":"SpeedPotion"}],"is_trial":false,"path_per_floor":["M","M","?","M","$","E","R","E","T","E","M","?","?","M","R","B",null,"M","?","$","T","?","R","E","$","T","E","$","E","M","T","R","B",null,"M","M","?","?","M","R","E","T","T","?","E","M","$","M","R","B",null,"R","$","E","B",null],"character_chosen":"THE_SILENT","items_purchased":["Crippling Poison","Concentrate","PiercingWail","PiercingWail","Accuracy","After Image","Terror","Panacea"],"campfire_rested":2,"item_purchase_floors":[5,20,20,28,28,47,47,53],"current_hp_per_floor":[58,58,58,58,58,38,57,50,50,35,29,51,31,31,50,50,62,62,62,62,62,62,62,52,52,52,48,48,48,48,48,48,8,52,51,51,51,51,44,44,22,22,22,22,9,9,9,9,9,9,52,52,52,52,11],"gold":69,"neow_bonus":"UPGRADE_CARD","is_daily":false,"chose_seed":false,"campfire_upgraded":4,"win_rate":0.0,"timestamp":1614259475,"path_taken":["M","M","?","?","$","E","R","E","T","E","M","?","?","M","R","BOSS","M","?","$","?","?","R","E","$","T","E","?","E","?","?","R","BOSS","M","?","?","?","M","R","E","?","T","?","E","?","$","M","R","BOSS","R","$","E","BOSS"],"items_purchased_type":["Card","Card","Card","Card","Card","Card","Card","Card"],"build_version":"2020-12-13","purchased_purges":2,"victory":true,"max_hp_per_floor":[66,66,66,66,66,66,66,66,66,66,66,66,66,66,66,66,66,66,66,66,66,66,66,66,66,66,66,66,66,66,66,66,66,66,66,66,66,66,66,66,66,66,66,66,66,66,66,66,66,66,66,66,66,66,66],"relic_stats":{"Regal Pillow":0,"counters":[26,141],"Mummified Hand":[65],"Dead Branch":[322],"Astrolabe":["Burst","Bane","Dagger Throw"],"Blue Candle":[2],"CeramicFish":54,"Tiny Chest":3,"Tingsha":[39],"Snake Skull":[72],"obtain_stats":[{"Girya":37,"Regal Pillow":41,"Dead Branch":8,"Astrolabe":17,"Blue Candle":31,"SacredBark":34,"CeramicFish":43,"Tingsha":54,"Snake Skull":22,"Paper Crane":21,"Ancient Tea Set":42,"White Beast Statue":24,"keyreminder:keyreminder":26,"CaptainsWheel":29,"Ninja Scroll":6,"Mummified Hand":45,"Tiny Chest":10,"StrikeDummy":27,"FossilizedHelix":9,"Ring of the Snake":0},{"Girya":18,"Regal Pillow":20,"Dead Branch":5,"Astrolabe":9,"Blue Candle":14,"SacredBark":15,"CeramicFish":20,"Tingsha":25,"Snake Skull":10,"Paper Crane":10,"Ancient Tea Set":20,"White Beast Statue":11,"keyreminder:keyreminder":11,"CaptainsWheel":13,"Ninja Scroll":4,"Mummified Hand":21,"Tiny Chest":6,"StrikeDummy":12,"FossilizedHelix":5,"Ring of the Snake":0},{"Girya":83,"Regal Pillow":100,"Dead Branch":26,"Astrolabe":41,"Blue Candle":61,"SacredBark":67,"CeramicFish":100,"Tingsha":130,"Snake Skull":45,"Paper Crane":45,"Ancient Tea Set":100,"White Beast Statue":51,"keyreminder:keyreminder":51,"CaptainsWheel":59,"Ninja Scroll":23,"Mummified Hand":108,"Tiny Chest":30,"StrikeDummy":57,"FossilizedHelix":26,"Ring of the Snake":0}],"Ring of the Snake":[50]},"card_choices":[{"not_picked":["Quick Slash","Slice"],"picked":"Poisoned Stab","floor":1.0},{"not_picked":["Sucker Punch","Slice"],"picked":"Backflip","floor":2.0},{"not_picked":["Blade Dance","Underhanded Strike"],"picked":"Bane","floor":4.0},{"not_picked":["Reflex","Deadly Poison"],"picked":"Bane","floor":6.0},{"not_picked":["Acrobatics","Deadly Poison"],"picked":"Dagger Spray","floor":8.0},{"not_picked":["Quick Slash","Acrobatics"],"picked":"Endless Agony","floor":10.0},{"not_picked":["Dagger Throw","Cloak And Dagger"],"picked":"Infinite Blades","floor":11.0},{"not_picked":["Bouncing Flask","Poisoned Stab"],"picked":"Infinite Blades","floor":14.0},{"not_picked":["Unload","Grand Finale"],"picked":"Venomology","floor":16.0},{"not_picked":["Cloak And Dagger","Blade Dance"],"picked":"Accuracy","floor":18.0},{"not_picked":["Acrobatics","Prepared","Dagger Throw"],"picked":"SKIP","floor":24.0},{"not_picked":["Noxious Fumes","Prepared"],"picked":"Finisher","floor":27.0},{"not_picked":["Backflip","Deflect+1"],"picked":"Wraith Form v2","floor":29.0},{"not_picked":["Blade Dance","Bane"],"picked":"Leg Sweep+1","floor":30.0},{"not_picked":["Burst","Grand Finale"],"picked":"Wraith Form v2","floor":33.0},{"not_picked":["Prepared","Dagger Throw"],"picked":"Blade Dance","floor":35.0},{"not_picked":["Heel Hook","Riddle With Holes"],"picked":"Choke","floor":36.0},{"not_picked":["Outmaneuver","Sucker Punch"],"picked":"Backflip","floor":37.0},{"not_picked":["Predator+1","Prepared"],"picked":"Distraction+1","floor":39.0},{"not_picked":["Bane","Quick Slash"],"picked":"Cloak And Dagger","floor":41.0},{"not_picked":["Poisoned Stab+1","Blade Dance"],"picked":"Blur","floor":45.0},{"not_picked":["Blur","Dodge and Roll"],"picked":"Calculated Gamble","floor":46.0},{"not_picked":["Calculated Gamble","Blur"],"picked":"Malaise","floor":48.0},{"not_picked":["Dagger Throw","Bane","Bouncing Flask+1"],"picked":"SKIP","floor":54}],"player_experience":208056,"relics_obtained":[{"floor":6.0,"key":"Ninja Scroll"},{"floor":8.0,"key":"Dead Branch"},{"floor":9.0,"key":"FossilizedHelix"},{"floor":10.0,"key":"Tiny Chest"},{"floor":21.0,"key":"Paper Crane"},{"floor":24.0,"key":"White Beast Statue"},{"floor":27.0,"key":"StrikeDummy"},{"floor":29.0,"key":"CaptainsWheel"},{"floor":31.0,"key":"Blue Candle"},{"floor":37.0,"key":"Girya"},{"floor":41.0,"key":"Regal Pillow"},{"floor":42.0,"key":"Ancient Tea Set"},{"floor":43.0,"key":"CeramicFish"},{"floor":45.0,"key":"Mummified Hand"},{"floor":54,"key":"Tingsha"}],"event_choices":[{"cards_removed":["Strike_G"],"damage_healed":0.0,"max_hp_gain":0.0,"max_hp_loss":0.0,"gold_gain":0.0,"event_name":"Purifier","player_choice":"Purged","floor":3.0,"gold_loss":0.0,"damage_taken":0.0},{"damage_healed":22.0,"max_hp_gain":0.0,"max_hp_loss":0.0,"gold_gain":0.0,"event_name":"Big Fish","player_choice":"Banana","floor":12.0,"gold_loss":0.0,"damage_taken":0.0},{"damage_healed":0.0,"max_hp_gain":0.0,"max_hp_loss":0.0,"gold_gain":0.0,"event_name":"Shining Light","player_choice":"Entered Light","floor":13.0,"gold_loss":0.0,"damage_taken":20.0,"cards_upgraded":["Backflip","Defend_G"]},{"cards_removed":["Defend_G"],"damage_healed":0.0,"max_hp_gain":0.0,"max_hp_loss":0.0,"gold_gain":0.0,"event_name":"Beggar","player_choice":"Gave Gold","floor":19.0,"gold_loss":75.0,"damage_taken":0.0},{"damage_healed":0.0,"max_hp_gain":0.0,"max_hp_loss":0.0,"gold_gain":0.0,"event_name":"The Mausoleum","player_choice":"Opened","floor":22.0,"gold_loss":0.0,"damage_taken":0.0,"relics_obtained":["Snake Skull"],"cards_obtained":["Writhe"]},{"damage_healed":0.0,"max_hp_gain":0.0,"max_hp_loss":0.0,"gold_gain":0.0,"event_name":"Mysterious Sphere","player_choice":"Fight","floor":37.0,"gold_loss":0.0,"damage_taken":0.0},{"damage_healed":0.0,"max_hp_gain":0.0,"max_hp_loss":0.0,"gold_gain":0.0,"event_name":"Wheel of Change","player_choice":"Cursed","floor":38.0,"gold_loss":0.0,"damage_taken":0.0,"cards_obtained":["Decay"]},{"cards_removed":["Decay"],"damage_healed":0.0,"max_hp_gain":0.0,"max_hp_loss":0.0,"gold_gain":0.0,"event_name":"Fountain of Cleansing","player_choice":"Removed Curses","floor":44.0,"gold_loss":0.0,"damage_taken":0.0}],"is_beta":false,"boss_relics":[{"not_picked":["Runic Pyramid","Black Star"],"picked":"Astrolabe"},{"not_picked":["Philosopher\u0027s Stone","WristBlade"],"picked":"SacredBark"}],"items_purged_floors":[5,25],"is_endless":false,"potions_floor_spawned":[2,11,14,16,27,29,30,33,35,36,37,39,41,45,46,48,54],"ascension_level":16}}