{"host":"ymmeoa1x24ihslbm","time":1614289946,"event":{"mods":["AchievementEnabler","BaseMod","CatGirl Mod","ChefMod","Colored Map","Colored Powertips","Defuse TimeMaze Blight","Dio Mod","Hermit","Highlight Path","HornydragonMod","Hyrulean Relics","Infinite Spire","Minty Spire (QoL Compilation)","Permanent Neow","Quick Restart","Rare Cards Sparkle","Relic Sorter","Robot Space Explorer","Shapeshifter Mod","Shop Mod","StSLib","The Gatherer","The Marked","TheBandit","TheFirefly","TheSurvivalist","TheSwordswoman","Transform Curses"],"gold_per_floor":[109,123,123,134,150,185,185,185,185],"floor_reached":8,"language":"ENG","playtime":735,"items_purged":[],"score":58,"play_id":"39c889a0-7cf5-4fa6-bc7d-180eac1c6d13","local_time":"20210225225226","is_ascension_mode":false,"campfire_choices":[{"data":"dioMod:SecretPlan","floor":7.0,"key":"SMITH"}],"circlet_count":0,"master_deck":["dioMod:Strike","dioMod:Strike+1","dioMod:Strike","dioMod:Strike","Bite","dioMod:Defend","dioMod:Defend","dioMod:Defend","dioMod:Defend","Mistake","dioMod:DoubleTime","dioMod:Freeze+1","dioMod:SecretPlan+1","dioMod:WRYYY","dioMod:FlyAway"],"relics":["dioMod:VampireBlood","Happy Flower"],"acts_visited":["Exordium"],"potions_floor_usage":[8],"damage_taken":[{"damage":5.0,"enemies":"Cultist","floor":1.0,"turns":4.0},{"damage":19.0,"enemies":"Small Slimes","floor":2.0,"turns":5.0},{"damage":13.0,"enemies":"Jaw Worm","floor":4.0,"turns":6.0},{"damage":35.0,"enemies":"Exordium Thugs","floor":5.0,"turns":12.0},{"damage":38.0,"enemies":"3 Sentries","floor":6.0,"turns":20.0},{"damage":40,"enemies":"Gremlin Nob","floor":8,"turns":5}],"seed_played":"-4820802260069687938","potions_obtained":[{"floor":5.0,"key":"EssenceOfSteel"},{"floor":6.0,"key":"Regen Potion"}],"is_trial":false,"path_per_floor":["M","M","?","M","M","E","R","E"],"character_chosen":"THE_DEFAULT","items_purchased":[],"campfire_rested":0,"item_purchase_floors":[],"current_hp_per_floor":[89,80,62,56,35,16,16,0,0],"gold":185,"neow_bonus":"TWENTY_PERCENT_HP_BONUS","is_daily":false,"chose_seed":false,"campfire_upgraded":1,"win_rate":0.0,"timestamp":1614289946,"path_taken":["M","?","?","M","M","E","R","E"],"items_purchased_type":[],"build_version":"2020-12-22","purchased_purges":0,"victory":false,"max_hp_per_floor":[89,89,89,89,89,89,89,89,89],"card_choices":[{"not_picked":["dioMod:DaggerSpree","dioMod:Hiss"],"picked":"dioMod:DoubleTime","floor":1.0},{"not_picked":["dioMod:WRYYY","dioMod:CautiousMuda"],"picked":"dioMod:Freeze","floor":2.0},{"not_picked":["dioMod:WRYYY","dioMod:ComposedMuda"],"picked":"dioMod:SecretPlan","floor":4.0},{"not_picked":["dioMod:BloodSplash","dioMod:DominatingPresence"],"picked":"dioMod:WRYYY","floor":5.0},{"not_picked":["dioMod:GoodbyeJojo","dioMod:BloodShield"],"picked":"dioMod:FlyAway","floor":6.0}],"player_experience":827329,"relics_obtained":[{"floor":6.0,"key":"Happy Flower"}],"event_choices":[{"damage_healed":0.0,"max_hp_gain":0.0,"max_hp_loss":0.0,"gold_gain":0.0,"event_name":"Shining Light","player_choice":"Entered Light","floor":3.0,"gold_loss":0.0,"damage_taken":18.0,"cards_upgraded":["dioMod:Freeze","dioMod:Strike"]}],"is_beta":false,"boss_relics":[],"items_purged_floors":[],"is_endless":false,"potions_floor_spawned":[5,6],"killed_by":"Gremlin Nob","ascension_level":0}}