{"host":"uexz8m6e0pxi7xat","time":1614238352,"event":{"mods":["BaseMod","Bestiary","Minty Spire (QoL Compilation)","Relic Stats","ojb\u0027s Info Mod"],"gold_per_floor":[112,132,151,201,216,244,259,259,313,338,351,351,364,394,394,468,468,481,431,450,105,115,147,147,160,160,195,37,37,57,72,72,72,72],"floor_reached":33,"language":"ENG","playtime":3471,"items_purged":["Strike_R","Defend_R"],"score":747,"play_id":"0c63243c-dff4-4213-b2c8-45c07bef7803","local_time":"20210225203232","is_ascension_mode":true,"campfire_choices":[{"data":"Carnage","floor":8,"key":"SMITH"},{"data":"Inflame","floor":12,"key":"SMITH"},{"data":"Combust","floor":15,"key":"SMITH"},{"data":"Shockwave","floor":24,"key":"SMITH"},{"data":"Disarm","floor":32,"key":"SMITH"}],"circlet_count":0,"master_deck":["AscendersBane","Defend_R","Defend_R","Defend_R","Bash","Inflame+1","Thunderclap","Pummel","Carnage+1","Flame Barrier","Twin Strike","Shockwave+1","Headbutt","Combust+1","Feed","Shrug It Off","Clothesline","Disarm+1","Battle Trance","Power Through","Bite","Bite","Bite","Bite","Bite"],"relics":["Burning Blood","Orichalcum","Boot","Blue Candle","Dream Catcher","Velvet Choker","HornCleat","The Courier","Bottled Lightning","Dead Branch"],"acts_visited":["Exordium","TheCity"],"potions_floor_usage":[6,14,23,25,29,33,33],"damage_taken":[{"damage":1,"enemies":"2 Louse","floor":1,"turns":5},{"damage":7,"enemies":"Cultist","floor":2,"turns":4},{"damage":2,"enemies":"Jaw Worm","floor":3,"turns":3},{"damage":9,"enemies":"2 Fungi Beasts","floor":5,"turns":4},{"damage":20,"enemies":"Lagavulin","floor":6,"turns":5},{"damage":25,"enemies":"Exordium Thugs","floor":7,"turns":6},{"damage":2,"enemies":"Gremlin Nob","floor":10,"turns":3},{"damage":7,"enemies":"3 Louse","floor":11,"turns":3},{"damage":8,"enemies":"Exordium Wildlife","floor":13,"turns":3},{"damage":3,"enemies":"Lagavulin","floor":14,"turns":5},{"damage":4,"enemies":"Slime Boss","floor":16,"turns":5},{"damage":0,"enemies":"3 Byrds","floor":18,"turns":6},{"damage":16,"enemies":"2 Thieves","floor":20,"turns":4},{"damage":12,"enemies":"Snecko","floor":22,"turns":4},{"damage":17,"enemies":"Book of Stabbing","floor":23,"turns":4},{"damage":19,"enemies":"Shelled Parasite and Fungi","floor":25,"turns":4},{"damage":41,"enemies":"Gremlin Leader","floor":27,"turns":6},{"damage":0,"enemies":"Centurion and Healer","floor":30,"turns":12},{"damage":6,"enemies":"Cultist and Chosen","floor":31,"turns":5},{"damage":109,"enemies":"Collector","floor":33,"turns":9}],"seed_played":"4420967283579409170","potions_obtained":[{"floor":1,"key":"Ancient Potion"},{"floor":5,"key":"FearPotion"},{"floor":13,"key":"Block Potion"},{"floor":14,"key":"LiquidBronze"},{"floor":23,"key":"Block Potion"},{"floor":31,"key":"ElixirPotion"}],"is_trial":false,"path_per_floor":["M","M","M","?","M","E","M","R","T","E","M","R","M","E","R","B",null,"M","?","M","$","M","E","R","M","T","E","$","?","M","M","R","B"],"character_chosen":"IRONCLAD","items_purchased":["HornCleat","Power Through","BloodPotion"],"campfire_rested":0,"item_purchase_floors":[21,28,28],"current_hp_per_floor":[80,79,82,74,71,57,38,38,38,42,41,41,39,42,42,44,73,82,82,72,72,66,55,55,45,45,13,13,31,66,69,69,0,0],"gold":72,"neow_bonus":"TEN_PERCENT_HP_BONUS","is_daily":false,"chose_seed":false,"campfire_upgraded":5,"win_rate":0.0,"timestamp":1614238352,"path_taken":["M","M","M","?","M","E","M","R","T","E","?","R","M","E","R","BOSS","M","?","M","$","?","E","R","M","T","E","$","?","M","M","R","BOSS"],"items_purchased_type":["Relic","Card","Potion"],"build_version":"2020-12-22","purchased_purges":2,"victory":false,"max_hp_per_floor":[82,82,82,82,82,82,82,82,82,82,82,82,82,82,82,82,82,85,85,85,85,85,85,85,88,88,91,91,63,66,69,69,69,69],"relic_stats":{"Dream Catcher":0,"counters":[20,100],"Blue Candle":[0],"Dead Branch":[22],"Orichalcum":[252],"Boot":[79],"obtain_stats":[{"Dream Catcher":14,"HornCleat":21,"Blue Candle":10,"Dead Branch":27,"Velvet Choker":17,"The Courier":23,"Bottled Lightning":26,"Orichalcum":6,"Boot":9,"Burning Blood":0},{"Dream Catcher":10,"HornCleat":13,"Blue Candle":7,"Dead Branch":17,"Velvet Choker":11,"The Courier":15,"Bottled Lightning":16,"Orichalcum":5,"Boot":6,"Burning Blood":0},{"Dream Catcher":41,"HornCleat":56,"Blue Candle":30,"Dead Branch":74,"Velvet Choker":46,"The Courier":64,"Bottled Lightning":68,"Orichalcum":21,"Boot":27,"Burning Blood":0}],"Burning Blood":113},"card_choices":[{"not_picked":["Twin Strike","Clash"],"picked":"Inflame","floor":1},{"not_picked":["Wild Strike","Heavy Blade"],"picked":"Thunderclap","floor":2},{"not_picked":["Warcry","Clash"],"picked":"Pummel","floor":3},{"not_picked":["True Grit","Havoc"],"picked":"Carnage","floor":5},{"not_picked":["Anger","Sever Soul"],"picked":"Flame Barrier","floor":6},{"not_picked":["Heavy Blade","Clash","Ghostly Armor"],"picked":"SKIP","floor":7},{"not_picked":["Rupture","Infernal Blade"],"picked":"Twin Strike","floor":10},{"not_picked":["Heavy Blade","Sword Boomerang"],"picked":"Shockwave","floor":11},{"not_picked":["Body Slam","Searing Blow"],"picked":"Headbutt","floor":13},{"not_picked":["Rupture","Hemokinesis"],"picked":"Combust","floor":14},{"not_picked":["Demon Form","Exhume"],"picked":"Feed","floor":16},{"not_picked":["Perfected Strike","Clash","Armaments"],"picked":"SKIP","floor":18},{"not_picked":["Havoc","Twin Strike"],"picked":"Shrug It Off","floor":20},{"not_picked":["Flex","Body Slam"],"picked":"Clothesline","floor":22},{"not_picked":["Fire Breathing","Thunderclap","Double Tap"],"picked":"SKIP","floor":23},{"not_picked":["Fire Breathing","Thunderclap","Double Tap"],"picked":"SKIP","floor":23},{"not_picked":["Fire Breathing","Thunderclap","Double Tap"],"picked":"SKIP","floor":23},{"not_picked":["Fire Breathing","Thunderclap","Double Tap"],"picked":"SKIP","floor":23},{"not_picked":["Fire Breathing","Thunderclap","Double Tap"],"picked":"SKIP","floor":23},{"not_picked":["Fire Breathing","Thunderclap","Double Tap"],"picked":"SKIP","floor":23},{"not_picked":["Fire Breathing","Thunderclap","Double Tap"],"picked":"SKIP","floor":23},{"not_picked":["Body Slam","Warcry"],"picked":"Disarm","floor":25},{"not_picked":["Shrug It Off","Immolate"],"picked":"Battle Trance","floor":27},{"not_picked":["Twin Strike","Body Slam","Warcry"],"picked":"SKIP","floor":30},{"not_picked":["Searing Blow","Pommel Strike","Blood for Blood"],"picked":"SKIP","floor":31},{"not_picked":["Searing Blow","Pommel Strike","Blood for Blood"],"picked":"SKIP","floor":31},{"not_picked":["Searing Blow","Pommel Strike","Blood for Blood"],"picked":"SKIP","floor":31}],"player_experience":1114187,"relics_obtained":[{"floor":6,"key":"Orichalcum"},{"floor":9,"key":"Boot"},{"floor":10,"key":"Blue Candle"},{"floor":14,"key":"Dream Catcher"},{"floor":23,"key":"The Courier"},{"floor":26,"key":"Bottled Lightning"},{"floor":27,"key":"Dead Branch"}],"event_choices":[{"damage_healed":0,"gold_gain":50,"player_choice":"Touch","damage_taken":8,"max_hp_gain":0,"max_hp_loss":0,"event_name":"FaceTrader","floor":4,"gold_loss":0},{"damage_healed":0,"gold_gain":0,"player_choice":"Bet on Murderer","damage_taken":0,"max_hp_gain":0,"max_hp_loss":0,"event_name":"The Joust","floor":19,"gold_loss":50},{"damage_healed":0,"gold_gain":0,"player_choice":"Became a vampire","damage_taken":0,"max_hp_gain":0,"max_hp_loss":28,"event_name":"Vampires","floor":29,"gold_loss":0,"cards_obtained":["Bite","Bite","Bite","Bite","Bite"]}],"is_beta":false,"boss_relics":[{"not_picked":["Busted Crown","Astrolabe"],"picked":"Velvet Choker"}],"items_purged_floors":[21,28],"is_endless":false,"potions_floor_spawned":[1,5,13,14,23,31],"killed_by":"Collector","ascension_level":20}}