{"host":"x73jdofm2fk9hsud","time":1614225481,"event":{"mods":["BaseMod","Bestiary","Minty Spire (QoL Compilation)","Relic Stats","ojb\u0027s Better Paths Mod","ojb\u0027s Info Mod"],"gold_per_floor":[109,129,141,158,158,158,187,27,51,132,149,168,197,207,207,280,280,290,290,205,175,191,191,6,41,41,67,67,117,134,147,147,224,224,239,239,253,80,92,92,92],"floor_reached":40,"language":"ENG","playtime":1575,"items_purged":["Strike_B"],"score":980,"play_id":"327d8708-a5f5-4068-a629-f5717b10b42f","local_time":"20210224225801","is_ascension_mode":true,"campfire_choices":[{"data":"Tempest","floor":6,"key":"SMITH"},{"data":"Chaos","floor":15,"key":"SMITH"},{"data":"Rainbow","floor":23,"key":"SMITH"},{"data":"Defragment","floor":28,"key":"SMITH"},{"data":"Go for the Eyes","floor":32,"key":"SMITH"}],"circlet_count":0,"master_deck":["AscendersBane","Strike_B","Defend_B","Defend_B","Defend_B","Defend_B","Zap","Dualcast","Leap","Compile Driver","Tempest+1","Self Repair","Undo","Chaos+1","Rainbow+1","Go for the Eyes+1","Chill","Compile Driver","Defragment+1","Redo","Glacier","Cold Snap","Go for the Eyes+1"],"relics":["Busted Crown","Toy Ornithopter","Chemical X","Ancient Tea Set","Pantograph","Bag of Marbles","Runic Pyramid","Juzu Bracelet","Unceasing Top","Pear","Boot","Nuclear Battery","OrangePellets"],"acts_visited":["Exordium","TheCity","TheBeyond"],"potions_floor_usage":[7,13,14,16,25,40],"damage_taken":[{"damage":14,"enemies":"Jaw Worm","floor":1,"turns":5},{"damage":11,"enemies":"Cultist","floor":2,"turns":4},{"damage":3,"enemies":"Small Slimes","floor":3,"turns":3},{"damage":13,"enemies":"Blue Slaver","floor":4,"turns":4},{"damage":0,"enemies":"Gremlin Nob","floor":7,"turns":2},{"damage":20,"enemies":"Exordium Wildlife","floor":11,"turns":4},{"damage":1,"enemies":"Red Slaver","floor":12,"turns":3},{"damage":11,"enemies":"3 Sentries","floor":13,"turns":4},{"damage":5,"enemies":"Gremlin Gang","floor":14,"turns":4},{"damage":7,"enemies":"The Guardian","floor":16,"turns":9},{"damage":17,"enemies":"3 Byrds","floor":18,"turns":6},{"damage":4,"enemies":"2 Thieves","floor":21,"turns":4},{"damage":10,"enemies":"Centurion and Healer","floor":22,"turns":11},{"damage":24,"enemies":"Gremlin Leader","floor":25,"turns":7},{"damage":7,"enemies":"Book of Stabbing","floor":27,"turns":6},{"damage":14,"enemies":"Snake Plant","floor":30,"turns":4},{"damage":0,"enemies":"Chosen and Byrds","floor":31,"turns":5},{"damage":1,"enemies":"Champ","floor":33,"turns":16},{"damage":0,"enemies":"3 Shapes","floor":35,"turns":6},{"damage":16,"enemies":"3 Darklings","floor":37,"turns":5},{"damage":6,"enemies":"Maw","floor":39,"turns":9},{"damage":82,"enemies":"Reptomancer","floor":40,"turns":3}],"seed_played":"7704612821747752373","potions_obtained":[{"floor":2,"key":"SmokeBomb"},{"floor":3,"key":"DuplicationPotion"},{"floor":7,"key":"PowerPotion"},{"floor":12,"key":"Fire Potion"},{"floor":14,"key":"PowerPotion"},{"floor":18,"key":"Explosive Potion"},{"floor":21,"key":"SpeedPotion"},{"floor":30,"key":"Dexterity Potion"}],"is_trial":false,"path_per_floor":["M","M","M","M","?","R","E","$","T","T","M","M","E","M","R","B",null,"M","?","?","M","M","R","$","E","T","E","R","?","M","M","R","B",null,"M","?","M","$","M","E"],"character_chosen":"DEFECT","items_purchased":["Chemical X","Defragment","Redo","OrangePellets"],"campfire_rested":0,"item_purchase_floors":[8,24,24,38],"current_hp_per_floor":[50,39,36,23,46,46,53,53,53,53,40,46,47,54,54,71,71,61,61,61,64,61,61,61,49,59,59,59,59,52,59,59,81,81,81,81,72,72,73,0,0],"gold":92,"neow_bonus":"BOSS_RELIC","is_daily":false,"chose_seed":false,"campfire_upgraded":5,"win_rate":0.0,"timestamp":1614225481,"path_taken":["M","M","M","M","?","R","E","$","T","?","M","M","E","?","R","BOSS","M","?","?","M","M","R","$","E","T","E","R","?","M","M","R","BOSS","M","?","M","$","M","E"],"items_purchased_type":["Relic","Card","Card","Relic"],"build_version":"2020-12-22","purchased_purges":1,"victory":false,"max_hp_per_floor":[71,71,71,71,71,71,71,71,71,71,71,71,71,71,71,71,71,71,71,71,71,71,71,71,71,81,81,81,81,81,81,81,81,81,81,81,81,81,81,81,81],"relic_stats":{"OrangePellets":[2],"Busted Crown":42,"counters":[22,124],"Pantograph":39,"Juzu Bracelet":0,"Chemical X":[18],"Boot":[17],"obtain_stats":[{"Pear":26,"Juzu Bracelet":20,"Ancient Tea Set":9,"Boot":27,"Nuclear Battery":34,"OrangePellets":38,"Busted Crown":0,"Pantograph":10,"Bag of Marbles":13,"Chemical X":8,"Cracked Core":0,"Toy Ornithopter":7,"Unceasing Top":25,"Runic Pyramid":17},{"Pear":14,"Juzu Bracelet":11,"Ancient Tea Set":5,"Boot":15,"Nuclear Battery":18,"OrangePellets":20,"Busted Crown":0,"Pantograph":5,"Bag of Marbles":8,"Chemical X":5,"Cracked Core":0,"Toy Ornithopter":5,"Unceasing Top":14,"Runic Pyramid":10},{"Pear":70,"Juzu Bracelet":48,"Ancient Tea Set":18,"Boot":76,"Nuclear Battery":101,"OrangePellets":112,"Busted Crown":0,"Pantograph":18,"Bag of Marbles":29,"Chemical X":18,"Cracked Core":0,"Toy Ornithopter":18,"Unceasing Top":70,"Runic Pyramid":42}],"Toy Ornithopter":20,"Unceasing Top":[0]},"card_choices":[{"not_picked":[],"picked":"Leap","floor":1},{"not_picked":[],"picked":"Compile Driver","floor":2},{"not_picked":[],"picked":"Tempest","floor":3},{"not_picked":[],"picked":"Self Repair","floor":4},{"not_picked":["Storm"],"picked":"SKIP","floor":7},{"not_picked":[],"picked":"Undo","floor":11},{"not_picked":[],"picked":"Chaos","floor":12},{"not_picked":["Go for the Eyes"],"picked":"SKIP","floor":13},{"not_picked":["Reprogram"],"picked":"SKIP","floor":14},{"not_picked":[],"picked":"Rainbow","floor":16},{"not_picked":[],"picked":"Go for the Eyes","floor":18},{"not_picked":["Beam Cell"],"picked":"SKIP","floor":21},{"not_picked":["Rebound"],"picked":"SKIP","floor":22},{"not_picked":["Reboot"],"picked":"SKIP","floor":25},{"not_picked":["Sweeping Beam"],"picked":"SKIP","floor":27},{"not_picked":["Go for the Eyes"],"picked":"SKIP","floor":30},{"not_picked":[],"picked":"Glacier","floor":31},{"not_picked":[],"picked":"Cold Snap","floor":35},{"not_picked":["Conserve Battery"],"picked":"SKIP","floor":37},{"not_picked":[],"picked":"Go for the Eyes+1","floor":39}],"player_experience":5423148,"relics_obtained":[{"floor":7,"key":"Toy Ornithopter"},{"floor":9,"key":"Ancient Tea Set"},{"floor":10,"key":"Pantograph"},{"floor":13,"key":"Bag of Marbles"},{"floor":25,"key":"Unceasing Top"},{"floor":26,"key":"Pear"},{"floor":27,"key":"Boot"}],"event_choices":[{"damage_healed":23,"gold_gain":0,"player_choice":"Banana","damage_taken":0,"max_hp_gain":0,"max_hp_loss":0,"event_name":"Big Fish","floor":5,"gold_loss":0},{"damage_healed":0,"gold_gain":0,"cards_transformed":["Strike_B","Strike_B"],"player_choice":"Became Test Subject","damage_taken":0,"max_hp_gain":0,"max_hp_loss":0,"event_name":"Drug Dealer","floor":19,"gold_loss":0,"cards_obtained":["Chill","Compile Driver"]},{"damage_healed":0,"gold_gain":0,"player_choice":"Obtained Relic","damage_taken":0,"relics_obtained":["Juzu Bracelet"],"max_hp_gain":0,"max_hp_loss":0,"event_name":"Addict","floor":20,"gold_loss":85},{"damage_healed":0,"gold_gain":50,"player_choice":"Stole From Cult","damage_taken":0,"max_hp_gain":0,"max_hp_loss":0,"event_name":"Nest","floor":29,"gold_loss":0},{"damage_healed":0,"gold_gain":0,"player_choice":"Ignored","damage_taken":0,"max_hp_gain":0,"max_hp_loss":0,"event_name":"Mysterious Sphere","floor":36,"gold_loss":0}],"is_beta":false,"boss_relics":[{"not_picked":["SacredBark","Pandora\u0027s Box"],"picked":"Runic Pyramid"},{"not_picked":["Snecko Eye","Velvet Choker"],"picked":"Nuclear Battery"}],"items_purged_floors":[24],"is_endless":false,"potions_floor_spawned":[2,3,7,12,14,18,21,30,33,39],"killed_by":"Reptomancer","ascension_level":20}}