{"host":"1poy056mauca3bbh","time":1614213262,"event":{"mods":["Ascension Unlocker","BaseMod","Bestiary","Block Reminder","Colored Map","Colored Powertips","Curses Come First","Highlight Path","Minty Spire (QoL Compilation)","Permanent Neow","Quick Restart","Rare Cards Sparkle","Relic Stats","Smile Girya","StSLib","UnlockEverythingMod"],"gold_per_floor":[117,117,117,117,128,128,43,70,70,70,87,87,104,118,118,118,118],"floor_reached":16,"language":"ENG","playtime":602,"items_purged":[],"score":200,"play_id":"1cb45c69-2573-45b9-b9af-e147974a1b08","local_time":"20210224193422","is_ascension_mode":true,"campfire_choices":[{"data":"Caltrops","floor":6.0,"key":"SMITH"},{"floor":12,"key":"REST"},{"floor":15,"key":"REST"}],"circlet_count":0,"master_deck":["AscendersBane","Strike_G","Strike_G","Strike_G","Strike_G","Defend_G","Defend_G","Defend_G","Defend_G","Survivor","Neutralize","Dagger Spray","Flying Knee","Masterful Stab","Caltrops+1","Backflip","Underhanded Strike","Outmaneuver","Outmaneuver","Finisher","Acrobatics"],"relics":["Ring of the Snake","Oddly Smooth Stone","White Beast Statue","Tiny Chest","Pantograph"],"acts_visited":["Exordium"],"potions_floor_usage":[16,16],"damage_taken":[{"damage":0.0,"enemies":"2 Louse","floor":1.0,"turns":3.0},{"damage":0.0,"enemies":"Cultist","floor":5.0,"turns":3.0},{"damage":29.0,"enemies":"3 Sentries","floor":8.0,"turns":8.0},{"damage":0,"enemies":"Small Slimes","floor":11,"turns":3},{"damage":2,"enemies":"Exordium Thugs","floor":13,"turns":4},{"damage":3,"enemies":"Blue Slaver","floor":14,"turns":3},{"damage":69,"enemies":"The Guardian","floor":16,"turns":15}],"seed_played":"-6880287518270107213","potions_obtained":[{"floor":8.0,"key":"FearPotion"},{"floor":11,"key":"DistilledChaos"}],"is_trial":false,"path_per_floor":["M","?","?","?","M","R","$","E","T","?","M","R","M","M","R","B"],"character_chosen":"THE_SILENT","items_purchased":["Backflip","Underhanded Strike"],"campfire_rested":2,"item_purchase_floors":[7,7],"current_hp_per_floor":[59,59,59,59,59,59,59,30,30,25,25,44,42,39,58,0,0],"gold":118,"neow_bonus":"RANDOM_COMMON_RELIC","is_daily":false,"chose_seed":false,"campfire_upgraded":1,"win_rate":0.0,"timestamp":1614213262,"path_taken":["M","?","?","?","?","R","$","E","T","?","M","R","M","M","R","BOSS"],"items_purchased_type":["Card","Card"],"build_version":"2020-12-22","purchased_purges":0,"victory":false,"max_hp_per_floor":[66,66,66,66,66,66,66,66,66,66,66,66,66,66,66,66,66],"relic_stats":{"counters":[7,39],"Pantograph":8,"Tiny Chest":0,"obtain_stats":[{"Pantograph":10,"Oddly Smooth Stone":0,"Tiny Chest":9,"White Beast Statue":8,"Ring of the Snake":0},{"Pantograph":3,"Oddly Smooth Stone":0,"Tiny Chest":3,"White Beast Statue":3,"Ring of the Snake":0},{"Pantograph":14,"Oddly Smooth Stone":0,"Tiny Chest":14,"White Beast Statue":14,"Ring of the Snake":0}],"Ring of the Snake":[14]},"card_choices":[{"not_picked":["Bane","Outmaneuver"],"picked":"Dagger Spray","floor":1.0},{"not_picked":["Expertise","Slice"],"picked":"Caltrops","floor":5.0},{"not_picked":["Flechettes","Bullet Time"],"picked":"Outmaneuver","floor":8.0},{"not_picked":["Flying Knee","Masterful Stab"],"picked":"Outmaneuver","floor":11},{"not_picked":["Dodge and Roll","Quick Slash"],"picked":"Finisher","floor":13},{"not_picked":["Prepared","Well Laid Plans"],"picked":"Acrobatics","floor":14}],"player_experience":178584,"relics_obtained":[{"floor":8.0,"key":"White Beast Statue"},{"floor":9.0,"key":"Tiny Chest"}],"event_choices":[{"damage_healed":0.0,"max_hp_gain":0.0,"max_hp_loss":0.0,"gold_gain":0.0,"cards_transformed":["Strike_G"],"event_name":"Living Wall","player_choice":"Change","floor":2.0,"gold_loss":0.0,"damage_taken":0.0,"cards_obtained":["Flying Knee"]},{"damage_healed":0.0,"max_hp_gain":0.0,"max_hp_loss":0.0,"gold_gain":0.0,"event_name":"Shining Light","player_choice":"Ignored","floor":3.0,"gold_loss":0.0,"damage_taken":0.0},{"damage_healed":0.0,"max_hp_gain":0.0,"max_hp_loss":0.0,"gold_gain":0.0,"cards_transformed":["Defend_G"],"event_name":"Transmorgrifier","player_choice":"Transformed","floor":4.0,"gold_loss":0.0,"damage_taken":0.0,"cards_obtained":["Masterful Stab"]},{"damage_healed":0.0,"max_hp_gain":0.0,"max_hp_loss":0.0,"gold_gain":0.0,"event_name":"Scrap Ooze","player_choice":"Success","floor":10.0,"gold_loss":0.0,"damage_taken":5.0,"relics_obtained":["Pantograph"]}],"is_beta":false,"boss_relics":[],"items_purged_floors":[],"is_endless":false,"potions_floor_spawned":[8,11,13,14],"killed_by":"The Guardian","ascension_level":20}}