{"host":"2qv44oxt58ptq59r","time":1614283277,"event":{"mods":["AchievementEnabler","BaseMod","Colored Powertips","Highlight Path","Minty Spire (QoL Compilation)","Permanent Neow","StSLib"],"gold_per_floor":[111,122,122,47,66,66,80,80,105,135,135,135,169,189,189,288,288,301,320,320,320,320,320,338,338,365,10,10,10,20,33,33,33,33],"floor_reached":33,"language":"ENG","playtime":4335,"items_purged":["Strike_G","Strike_G"],"score":369,"play_id":"f0e87ca2-1645-4be7-8af3-777c11225712","local_time":"20210225200117","is_ascension_mode":true,"campfire_choices":[{"data":"Noxious Fumes","floor":6.0,"key":"SMITH"},{"data":"Neutralize","floor":8.0,"key":"SMITH"},{"floor":12.0,"key":"REST"},{"data":"Dagger Spray","floor":15.0,"key":"SMITH"},{"floor":23.0,"key":"REST"},{"floor":25.0,"key":"REST"},{"floor":32.0,"key":"REST"}],"circlet_count":0,"master_deck":["Strike_G","Strike_G","Strike_G","Defend_G","Defend_G","Defend_G","Defend_G","Defend_G","Survivor","Neutralize+1","PiercingWail","Deadly Poison","Noxious Fumes+1","Deadly Poison","Cloak And Dagger","Dash","Dagger Spray+1","Envenom","Noxious Fumes","Caltrops+1","RitualDagger","Terror","Corpse Explosion","Cloak And Dagger+1","Deadly Poison"],"relics":["Ring of the Snake","Snake Skull","Smiling Mask","FaceOfCleric","The Specimen","WristBlade","Orichalcum","TwistedFunnel"],"acts_visited":["Exordium","TheCity"],"potions_floor_usage":[33],"damage_taken":[{"damage":0.0,"enemies":"Small Slimes","floor":1.0,"turns":4.0},{"damage":0.0,"enemies":"Jaw Worm","floor":2.0,"turns":6.0},{"damage":0.0,"enemies":"Cultist","floor":5.0,"turns":4.0},{"damage":1.0,"enemies":"2 Fungi Beasts","floor":7.0,"turns":4.0},{"damage":31.0,"enemies":"3 Sentries","floor":10.0,"turns":7.0},{"damage":18.0,"enemies":"Gremlin Nob","floor":13.0,"turns":4.0},{"damage":0.0,"enemies":"3 Louse","floor":14.0,"turns":3.0},{"damage":30.0,"enemies":"Slime Boss","floor":16.0,"turns":7.0},{"damage":18.0,"enemies":"Shell Parasite","floor":18.0,"turns":6.0},{"damage":9.0,"enemies":"Spheric Guardian","floor":19.0,"turns":5.0},{"damage":14.0,"enemies":"Centurion and Healer","floor":24.0,"turns":7.0},{"damage":12.0,"enemies":"Chosen and Byrds","floor":30.0,"turns":5.0},{"damage":12.0,"enemies":"Snake Plant","floor":31.0,"turns":4.0},{"damage":109,"enemies":"Champ","floor":33,"turns":8}],"seed_played":"6693266617823823760","potions_obtained":[{"floor":7.0,"key":"SteroidPotion"},{"floor":10.0,"key":"Poison Potion"},{"floor":14.0,"key":"Regen Potion"},{"floor":16.0,"key":"LiquidBronze"},{"floor":18.0,"key":"Weak Potion"},{"floor":30.0,"key":"FearPotion"}],"is_trial":false,"path_per_floor":["M","M","?","$","M","R","M","R","T","E","?","R","E","M","R","B",null,"M","M","?","?","?","R","M","R","T","$","T","$","M","M","R","B"],"character_chosen":"THE_SILENT","items_purchased":["TwistedFunnel","Corpse Explosion"],"campfire_rested":4,"item_purchase_floors":[27,27],"current_hp_per_floor":[70,70,75,75,75,75,74,74,74,43,43,67,50,51,51,22,69,52,44,44,27,21,48,50,77,77,77,77,77,66,55,83,0,0],"gold":33,"neow_bonus":"TEN_PERCENT_HP_BONUS","is_daily":false,"chose_seed":false,"campfire_upgraded":3,"win_rate":0.0,"timestamp":1614283277,"path_taken":["M","M","?","$","M","R","M","R","T","E","?","R","E","M","R","BOSS","M","M","?","?","?","R","M","R","T","?","?","$","M","M","R","BOSS"],"items_purchased_type":["Relic","Card"],"build_version":"2020-12-22","purchased_purges":2,"victory":false,"max_hp_per_floor":[77,77,82,82,82,82,82,82,82,82,82,82,83,84,84,85,85,86,87,87,92,92,92,93,93,93,93,93,93,94,95,95,95,95],"card_choices":[{"not_picked":["Slice","Expertise"],"picked":"PiercingWail","floor":1.0},{"not_picked":["Bane","Slice"],"picked":"Deadly Poison","floor":2.0},{"not_picked":["Dodge and Roll","Backflip"],"picked":"Noxious Fumes","floor":5.0},{"not_picked":["Underhanded Strike","Flying Knee"],"picked":"Deadly Poison","floor":7.0},{"not_picked":["Backstab","Calculated Gamble"],"picked":"Cloak And Dagger","floor":10.0},{"not_picked":["Blur","Dodge and Roll"],"picked":"Dash","floor":13.0},{"not_picked":["Slice","Underhanded Strike"],"picked":"Dagger Spray","floor":14.0},{"not_picked":["Adrenaline","Venomology"],"picked":"Envenom","floor":16.0},{"not_picked":["Backflip+1","Flying Knee"],"picked":"Noxious Fumes","floor":18.0},{"not_picked":["Flechettes","Acrobatics"],"picked":"Caltrops+1","floor":19.0},{"not_picked":["Endless Agony+1","Eviscerate"],"picked":"Terror","floor":24.0},{"not_picked":["Flying Knee","Predator"],"picked":"Cloak And Dagger+1","floor":30.0},{"not_picked":["Dagger Throw","Poisoned Stab"],"picked":"Deadly Poison","floor":31.0}],"player_experience":5844796,"relics_obtained":[{"floor":9.0,"key":"Snake Skull"},{"floor":10.0,"key":"Smiling Mask"},{"floor":13.0,"key":"The Specimen"},{"floor":26.0,"key":"Orichalcum"}],"event_choices":[{"damage_healed":0.0,"max_hp_gain":5.0,"max_hp_loss":0.0,"gold_gain":0.0,"event_name":"Big Fish","player_choice":"Donut","floor":3.0,"gold_loss":0.0,"damage_taken":0.0},{"damage_healed":0.0,"max_hp_gain":0.0,"max_hp_loss":0.0,"gold_gain":0.0,"event_name":"FaceTrader","player_choice":"Trade","floor":11.0,"gold_loss":0.0,"damage_taken":0.0,"relics_obtained":["FaceOfCleric"]},{"damage_healed":0.0,"max_hp_gain":0.0,"max_hp_loss":0.0,"gold_gain":0.0,"event_name":"Beggar","player_choice":"Ignored","floor":20.0,"gold_loss":0.0,"damage_taken":0.0},{"damage_healed":0.0,"max_hp_gain":5.0,"max_hp_loss":0.0,"gold_gain":0.0,"event_name":"Forgotten Altar","player_choice":"Shed Blood","floor":21.0,"gold_loss":0.0,"damage_taken":22.0},{"damage_healed":0.0,"max_hp_gain":0.0,"max_hp_loss":0.0,"gold_gain":0.0,"event_name":"Nest","player_choice":"Joined the Cult","floor":22.0,"gold_loss":0.0,"damage_taken":6.0,"cards_obtained":["RitualDagger"]}],"is_beta":false,"boss_relics":[{"not_picked":["Runic Dome","SacredBark"],"picked":"WristBlade"}],"items_purged_floors":[4,27],"is_endless":false,"potions_floor_spawned":[7,10,14,16,18,30],"killed_by":"Champ","ascension_level":7}}