{"host":"j4b88pk2ewfl8ntk","time":1614280879,"event":{"mods":["2.2 Compatiblity","BaseMod","Bestiary","Colored Map","Colored Powertips","Curses Come First","Highlight Path","Keyboard Shortcuts","Minty Spire (QoL Compilation)","Relic Stats","StSLib","SuperFastMode"],"gold_per_floor":[117,1,12,24,34,63,63,90,139,139,195,195,226,33,33,112,112,123,143,93,107,126,126,51,63,86,105,105,19,19,34,34,109,109,123,123,123],"floor_reached":36,"language":"ENG","playtime":1700,"items_purged":["Strike_G"],"score":768,"play_id":"4ae33662-989d-415c-bca5-4f175daf8928","local_time":"20210225232119","is_ascension_mode":true,"campfire_choices":[{"floor":7.0,"key":"REST"},{"floor":10.0,"key":"REST"},{"floor":12.0,"key":"REST"},{"floor":15.0,"key":"REST"},{"floor":23.0,"key":"REST"},{"floor":30.0,"key":"REST"},{"floor":32.0,"key":"REST"}],"circlet_count":0,"master_deck":["AscendersBane","Strike_G","Strike_G","Defend_G","Defend_G","Defend_G","Defend_G","Survivor","Neutralize","Dash","Crippling Poison","Distraction","Skewer","Leg Sweep","Flying Knee","Quick Slash","Footwork","Poisoned Stab","After Image","Dodge and Roll","Doppelganger","Underhanded Strike+1","Caltrops+1","Infinite Blades+1","Backflip","Adrenaline","PiercingWail+1","Leg Sweep+1"],"relics":["Philosopher\u0027s Stone","Centennial Puzzle","HornCleat","Nunchaku","Tiny Chest","Tough Bandages","Oddly Smooth Stone","Astrolabe","Vajra","Bottled Lightning","Dead Branch","HoveringKite"],"acts_visited":["Exordium","TheCity","TheBeyond"],"potions_floor_usage":[36],"damage_taken":[{"damage":2.0,"enemies":"2 Louse","floor":1.0,"turns":3.0},{"damage":0.0,"enemies":"Small Slimes","floor":3.0,"turns":3.0},{"damage":0.0,"enemies":"Cultist","floor":4.0,"turns":3.0},{"damage":15.0,"enemies":"Exordium Wildlife","floor":5.0,"turns":7.0},{"damage":24.0,"enemies":"Lagavulin","floor":6.0,"turns":6.0},{"damage":12.0,"enemies":"Gremlin Nob","floor":8.0,"turns":4.0},{"damage":25.0,"enemies":"Gremlin Nob","floor":11.0,"turns":4.0},{"damage":1.0,"enemies":"3 Sentries","floor":13.0,"turns":5.0},{"damage":40.0,"enemies":"Slime Boss","floor":16.0,"turns":14.0},{"damage":2.0,"enemies":"Chosen","floor":18.0,"turns":4.0},{"damage":25.0,"enemies":"2 Thieves","floor":19.0,"turns":4.0},{"damage":14.0,"enemies":"Snecko","floor":21.0,"turns":5.0},{"damage":10.0,"enemies":"Centurion and Healer","floor":22.0,"turns":7.0},{"damage":18.0,"enemies":"3 Cultists","floor":25.0,"turns":5.0},{"damage":1.0,"enemies":"Chosen and Byrds","floor":27.0,"turns":7.0},{"damage":2.0,"enemies":"Snake Plant","floor":31.0,"turns":3.0},{"damage":23.0,"enemies":"Collector","floor":33.0,"turns":10.0},{"damage":3,"enemies":"3 Shapes","floor":35,"turns":5},{"damage":58,"enemies":"2 Orb Walkers","floor":36,"turns":5}],"seed_played":"-5328020261140585241","potions_obtained":[{"floor":1.0,"key":"Dexterity Potion"},{"floor":6.0,"key":"FearPotion"},{"floor":11.0,"key":"DistilledChaos"},{"floor":13.0,"key":"Explosive Potion"},{"floor":21.0,"key":"PowerPotion"},{"floor":27.0,"key":"LiquidMemories"},{"floor":33.0,"key":"EssenceOfSteel"}],"is_trial":false,"path_per_floor":["M","$","M","M","M","E","R","E","T","R","?","R","E","$","R","B",null,"M","M","?","M","M","R","$","M","T","M","T","?","R","M","R","B",null,"M","?"],"character_chosen":"THE_SILENT","items_purchased":["Crippling Poison","Distraction","Oddly Smooth Stone","Dodge and Roll"],"campfire_rested":7,"item_purchase_floors":[2,2,14,14],"current_hp_per_floor":[57,57,57,57,42,18,37,25,25,44,19,38,37,37,56,16,54,52,27,27,13,3,22,22,4,4,3,3,3,22,20,39,16,54,51,0,0],"gold":123,"neow_bonus":"BOSS_RELIC","is_daily":false,"chose_seed":false,"campfire_upgraded":0,"win_rate":0.0,"timestamp":1614280879,"path_taken":["M","$","M","M","M","E","R","E","T","R","?","R","E","$","R","BOSS","M","M","?","M","M","R","?","M","T","?","?","?","R","?","R","BOSS","M","?"],"items_purchased_type":["Card","Card","Relic","Card"],"build_version":"2020-12-22","purchased_purges":1,"victory":false,"max_hp_per_floor":[66,66,66,66,66,66,66,66,66,66,66,66,66,66,66,66,66,66,66,66,66,66,66,66,66,66,66,66,66,66,66,66,66,66,66,66,66],"relic_stats":{"Centennial Puzzle":[42],"Nunchaku":[18],"Tough Bandages":[111],"counters":[19,104],"Astrolabe":["Underhanded Strike","Caltrops","Infinite Blades"],"Dead Branch":[49],"HoveringKite":[2],"Tiny Chest":1,"obtain_stats":[{"Astrolabe":17,"Dead Branch":29,"Oddly Smooth Stone":14,"Vajra":26,"HoveringKite":34,"Centennial Puzzle":6,"Nunchaku":9,"Tough Bandages":13,"HornCleat":8,"Philosopher\u0027s Stone":0,"Tiny Chest":11,"Bottled Lightning":28,"Ring of the Snake":0},{"Astrolabe":9,"Dead Branch":15,"Oddly Smooth Stone":8,"Vajra":14,"HoveringKite":17,"Centennial Puzzle":5,"Nunchaku":6,"Tough Bandages":8,"HornCleat":6,"Philosopher\u0027s Stone":0,"Tiny Chest":7,"Bottled Lightning":15,"Ring of the Snake":0},{"Astrolabe":49,"Dead Branch":81,"Oddly Smooth Stone":35,"Vajra":74,"HoveringKite":94,"Centennial Puzzle":22,"Nunchaku":26,"Tough Bandages":35,"HornCleat":26,"Philosopher\u0027s Stone":0,"Tiny Chest":30,"Bottled Lightning":81,"Ring of the Snake":0}]},"card_choices":[{"not_picked":["Calculated Gamble","Cloak And Dagger"],"picked":"Dash","floor":1.0},{"not_picked":["Expertise","Prepared"],"picked":"Skewer","floor":3.0},{"not_picked":["Deadly Poison","Prepared"],"picked":"Leg Sweep","floor":4.0},{"not_picked":["Bouncing Flask","Dodge and Roll"],"picked":"Flying Knee","floor":5.0},{"not_picked":["Dagger Spray","Concentrate"],"picked":"Quick Slash","floor":6.0},{"not_picked":["Dagger Throw","Underhanded Strike"],"picked":"Footwork","floor":8.0},{"not_picked":["Deadly Poison","Dodge and Roll"],"picked":"Poisoned Stab","floor":11.0},{"not_picked":["Dash","Flying Knee"],"picked":"After Image","floor":13.0},{"not_picked":["Phantasmal Killer","After Image"],"picked":"Doppelganger","floor":16.0},{"not_picked":["PiercingWail","Dagger Spray"],"picked":"Backflip","floor":18.0},{"not_picked":["Caltrops","Masterful Stab","Sucker Punch"],"picked":"SKIP","floor":19.0},{"not_picked":["Deflect","Prepared"],"picked":"Adrenaline","floor":21.0},{"not_picked":["Dagger Throw","Poisoned Stab","Flying Knee"],"picked":"SKIP","floor":22.0},{"not_picked":["Well Laid Plans","Concentrate","Expertise"],"picked":"SKIP","floor":25.0},{"not_picked":["All Out Attack","Dagger Throw"],"picked":"PiercingWail+1","floor":27.0},{"not_picked":["Well Laid Plans","Infinite Blades","Bouncing Flask"],"picked":"SKIP","floor":31.0},{"not_picked":["Poisoned Stab","Flying Knee"],"picked":"Leg Sweep+1","floor":35}],"player_experience":1255405,"relics_obtained":[{"floor":6.0,"key":"Centennial Puzzle"},{"floor":8.0,"key":"HornCleat"},{"floor":9.0,"key":"Nunchaku"},{"floor":11.0,"key":"Tiny Chest"},{"floor":13.0,"key":"Tough Bandages"},{"floor":26.0,"key":"Vajra"},{"floor":28.0,"key":"Bottled Lightning"}],"event_choices":[{"damage_healed":0.0,"max_hp_gain":0.0,"max_hp_loss":0.0,"gold_gain":0.0,"event_name":"Dead Adventurer","player_choice":"Searched \u00271\u0027 times","floor":11.0,"gold_loss":0.0,"damage_taken":0.0},{"damage_healed":0.0,"max_hp_gain":0.0,"max_hp_loss":0.0,"gold_gain":0.0,"event_name":"The Joust","player_choice":"Bet on Murderer","floor":20.0,"gold_loss":50.0,"damage_taken":0.0},{"damage_healed":0.0,"max_hp_gain":0.0,"max_hp_loss":0.0,"gold_gain":0.0,"event_name":"WeMeetAgain","player_choice":"Paid Gold","floor":29.0,"gold_loss":86.0,"damage_taken":0.0,"relics_obtained":["Dead Branch"]},{"damage_healed":0,"gold_gain":0,"player_choice":"Fight","damage_taken":0,"max_hp_gain":0,"max_hp_loss":0,"event_name":"Mysterious Sphere","floor":36,"gold_loss":0}],"is_beta":false,"boss_relics":[{"not_picked":["Runic Dome","Black Star"],"picked":"Astrolabe"},{"not_picked":["Sozu","Calling Bell"],"picked":"HoveringKite"}],"items_purged_floors":[24],"is_endless":false,"potions_floor_spawned":[1,6,11,13,21,27,33],"killed_by":"2 Orb Walkers","ascension_level":20}}