{"host":"81h68oe4mr04pk3r","time":1614230947,"event":{"mods":["Act Like it!","Aspiration","BaseMod","BetterRewards","Colored Map","Colored Powertips","Conspire","Gensokyo","Hallownest","Hermit","Hubris","Jorbs\u0027s Wanderer Trilogy","Koishi","Marisa（霧雨　魔理沙）","Minty Spire (QoL Compilation)","Quick Restart","Reimu（博??梦）","Remilia（蕾米莉?）","StSLib","The Bug Knight"],"gold_per_floor":[111,111,124,139,159,184,184,204,285,0,18,118,118,118,118,118,118],"floor_reached":16,"language":"ENG","playtime":857,"items_purged":[],"score":102,"play_id":"cd08e14c-de75-4c42-8b4f-98b5a7234f83","local_time":"20210224212907","is_ascension_mode":false,"campfire_choices":[{"floor":7,"key":"REST"},{"floor":13,"key":"REST"},{"data":"hermit:Showdown","floor":15,"key":"SMITH"}],"circlet_count":0,"master_deck":["hermit:Strike_Hermit","hermit:Strike_Hermit","hermit:Strike_Hermit","hermit:Defend_Hermit+1","hermit:Defend_Hermit+1","hermit:Snapshot","hermit:Virtue","Setup","Dagger Throw","Bullet Time","hermit:Enervate","hermit:Glare","hermit:TrackingShot","hermit:Showdown+1","Gensokyo:TarnishedGold","hermit:ItchyTrigger+1","hermit:Desperado","Corpse Explosion","Well Laid Plans","Reflex"],"relics":["hermit:Momento","aspiration:Nostalgia","FlyPower:ReiMu","War Paint","Gremlin Horn","Sling","Nunchaku"],"acts_visited":["Gensokyo:Gensokyo"],"potions_floor_usage":[6,8],"damage_taken":[{"damage":0.0,"enemies":"Gensokyo:3_Fairies","floor":1.0,"turns":4.0},{"damage":0.0,"enemies":"Gensokyo:Python","floor":3.0,"turns":3.0},{"damage":6.0,"enemies":"Gensokyo:2_Kodama","floor":4.0,"turns":3.0},{"damage":13.0,"enemies":"Gensokyo:5_Fairies","floor":5.0,"turns":6.0},{"damage":19,"enemies":"Gensokyo:Aya","floor":6,"turns":7},{"damage":6,"enemies":"Gensokyo:2_Rabbits","floor":8,"turns":6},{"damage":10,"enemies":"Gensokyo:Kitsune","floor":11,"turns":4},{"damage":70,"enemies":"Gensokyo:Reimu","floor":16,"turns":8}],"seed_played":"2258304520152639744","potions_obtained":[{"floor":1.0,"key":"Block Potion"},{"floor":5,"key":"FearPotion"},{"floor":6,"key":"Block Potion"}],"is_trial":false,"path_per_floor":["M","?","M","M","M","E","R","M","T","COS","M","?","R","?","R","B"],"character_chosen":"HERMIT","items_purchased":[],"campfire_rested":2,"item_purchase_floors":[],"current_hp_per_floor":[75,75,75,69,56,37,59,53,53,53,43,43,65,65,65,0,0],"gold":118,"neow_bonus":"NOSTALGIA","is_daily":false,"chose_seed":false,"campfire_upgraded":1,"win_rate":0.0,"timestamp":1614230947,"path_taken":["M","?","M","M","M","E","R","M","T","COS","M","?","R","?","R","BOSS"],"items_purchased_type":[],"build_version":"2020-12-22","purchased_purges":0,"victory":false,"max_hp_per_floor":[75,75,75,75,75,75,75,75,75,75,75,75,75,75,75,75,75],"card_choices":[{"not_picked":["hermit:WideOpen","hermit:LowProfile"],"picked":"hermit:Virtue","floor":1.0},{"not_picked":["hermit:CalledShot","hermit:HoleUp"],"picked":"hermit:Enervate","floor":3.0},{"not_picked":["hermit:GoldenBullet","hermit:BodyArmor"],"picked":"hermit:Glare","floor":4.0},{"not_picked":["hermit:LoneWolf","hermit:CalledShot"],"picked":"hermit:TrackingShot","floor":5},{"not_picked":["hermit:HighCaliber","hermit:HoleUp"],"picked":"hermit:HighNoon","floor":6},{"not_picked":["hermit:ItchyTrigger","hermit:Glare"],"picked":"hermit:Showdown","floor":8},{"not_picked":["hermit:Scavenge+1","hermit:BodyArmor+1"],"picked":"hermit:ItchyTrigger+1","floor":11},{"not_picked":["hermit:Misfire","hermit:Glare"],"picked":"hermit:Desperado","floor":11}],"player_experience":209985,"relics_obtained":[{"floor":6,"key":"War Paint"},{"floor":9,"key":"Gremlin Horn"}],"event_choices":[],"is_beta":false,"boss_relics":[],"items_purged_floors":[],"is_endless":false,"potions_floor_spawned":[1,5,6],"killed_by":"Gensokyo:Reimu","ascension_level":0}}