{"host":"7w9k7wbji6yxkaex","time":1614213432,"event":{"mods":["100% Spire Juice","Act Like it!","BaseMod","DeckTracker","Downfall","Gremlin Mod","Hubris","Lobotomy","Minty Spire (QoL Compilation)","Potionbrewer","Quick Restart","Slay the Relics Exporter","StSLib","The Hierophant","The Marked","The Showman","The Warrior","TheHero"],"gold_per_floor":[99,99,99,35,51,51,105,105,130,200,100,85,85,385,400,505,505,305,321,321,321,309,95,95,109,109,127,37,37,37,25,43,43,43,43],"floor_reached":33,"language":"ENG","playtime":2781,"items_purged":["downfall:Malfunctioning"],"score":295,"play_id":"1054bfdd-0fac-4d0c-8fe1-04ee7dc82fdc","local_time":"20210224183712","is_ascension_mode":false,"campfire_choices":[{"data":"sneckomod:Unknown0Cost","floor":6,"key":"SMITH"},{"data":"sneckomod:UnknownUncommonSkill","floor":8,"key":"SMITH"},{"floor":11,"key":"RECALL"},{"data":"sneckomod:WideSting","floor":18,"key":"SMITH"},{"data":"sneckomod:DiceBoulder","floor":26,"key":"SMITH"},{"floor":30,"key":"REST"}],"circlet_count":0,"master_deck":["sneckomod:Strike","sneckomod:Strike","sneckomod:Strike","sneckomod:Defend+1","sneckomod:Defend+1","sneckomod:Defend","sneckomod:TailWhip","sneckomod:SnekBite+1","sneckomod:Unknown","hierophant:Levitation","sneckomod:Unknown0Cost+1","sneckomod:UnknownUncommonSkill+1","sneckomod:DiceCrush","sneckomod:RainOfDice","sneckomod:IronFang","sneckomod:WideSting+1","sneckomod:RainOfDice","sneckomod:UnknownRarePower","sneckomod:UnknownBoss","sneckomod:UnknownCommonAttack","sneckomod:UnknownClassGREEN+1","RitualDagger+1","sneckomod:ImprovisedGuard","sneckomod:Unknown1Cost+1","sneckomod:DiceBoulder+1","sneckomod:Nope","sneckomod:UnknownWeak","sneckomod:UnendingSupply+1","sneckomod:RainOfDice","sneckomod:DiceCrush","sneckomod:MasterEye","sneckomod:DiceBoulder","sneckomod:QuickMove"],"relics":["sneckomod:SneckoSoul","Nunchaku","downfall:HeartBlessingBlue","Old Coin","hubris:ScarierMask","downfall:HeartBlessingRed","downfall:HeartBlessingGreen","Gremlin Horn","potionbrewer:Keyblade"],"acts_visited":["Exordium","TheCity"],"potions_floor_usage":[14,23,27,29,32,33,33],"damage_taken":[{"damage":7.0,"enemies":"2 Louse","floor":2.0,"turns":3.0},{"damage":2.0,"enemies":"downfall:FleeingMerchant","floor":4.0,"turns":4.0},{"damage":0.0,"enemies":"Jaw Worm","floor":5.0,"turns":3.0},{"damage":10,"enemies":"Small Slimes","floor":9,"turns":3},{"damage":8,"enemies":"downfall:FleeingMerchant","floor":12,"turns":4},{"damage":21,"enemies":"Gremlin Nob","floor":14,"turns":6},{"damage":1,"enemies":"2 Fungi Beasts","floor":15,"turns":3},{"damage":55,"enemies":"DF_ARCHETYPE_STREAMLINE","floor":16,"turns":11},{"damage":12,"enemies":"3 Byrds","floor":19,"turns":3},{"damage":0,"enemies":"Chosen","floor":20,"turns":1},{"damage":9,"enemies":"Snake Plant","floor":22,"turns":5},{"damage":12,"enemies":"downfall:FleeingMerchant","floor":23,"turns":4},{"damage":5,"enemies":"Snecko","floor":25,"turns":4},{"damage":12,"enemies":"Shelled Parasite and Fungi","floor":27,"turns":4},{"damage":21,"enemies":"downfall:FleeingMerchant","floor":28,"turns":4},{"damage":0,"enemies":"Centurion and Healer","floor":29,"turns":1},{"damage":0,"enemies":"downfall:FleeingMerchant","floor":31,"turns":1},{"damage":27,"enemies":"Snake Plant","floor":32,"turns":5},{"damage":67,"enemies":"IC_MUSHROOM_ARCHETYPE","floor":33,"turns":4}],"seed_played":"8987226764566330859","potions_obtained":[{"floor":9,"key":"SpeedPotion"},{"floor":16,"key":"SmokeBomb"},{"floor":21,"key":"CultistPotion"},{"floor":22,"key":"potionbrewer:AcidPotion"},{"floor":25,"key":"potionbrewer:InfectionPotion"},{"floor":32,"key":"potionbrewer:MidasPotion"}],"is_trial":false,"path_per_floor":["R","M","?","$","M","R","T","R","M","T","R","$","?","E","M","B",null,"R","M","M","?","M","$","T","M","R","M","$","M","R","$","M","B"],"character_chosen":"THE_SNECKO","items_purchased":["sneckomod:DiceCrush","sneckomod:DiceBoulder","sneckomod:Nope","sneckomod:UnknownWeak","potionbrewer:Keyblade","sneckomod:MasterEye","sneckomod:DiceBoulder","Regen Potion"],"campfire_rested":1,"item_purchase_floors":[4,23,23,23,31,31,31,31],"current_hp_per_floor":[99,92,92,90,90,90,90,90,80,80,90,82,82,61,60,5,109,109,97,97,97,88,76,76,71,71,59,38,38,70,70,65,0,0,0],"gold":43,"neow_bonus":"TEN_PERCENT_HP_BONUS","is_daily":false,"chose_seed":false,"campfire_upgraded":4,"win_rate":0.0,"timestamp":1614213432,"path_taken":["R","M","?","$","M","R","T","R","M","?","R","$","?","E","M","BOSS","R","M","M","?","M","$","T","M","R","M","$","M","R","$","M","BOSS"],"items_purchased_type":["Card","Card","Card","Card","Relic","Card","Card","Potion"],"build_version":"2020-12-22","purchased_purges":1,"victory":false,"max_hp_per_floor":[99,99,99,99,99,99,99,99,99,99,109,109,109,109,109,109,109,109,109,109,109,109,109,109,109,109,109,109,109,109,109,109,109,109,109],"card_choices":[{"not_picked":["sneckomod:DefensiveFlair","sneckomod:UnknownDraw"],"picked":"sneckomod:Unknown0Cost","floor":2.0},{"not_picked":["sneckomod:SoulRoll","sneckomod:MasterEye"],"picked":"sneckomod:UnknownUncommonSkill","floor":4.0},{"not_picked":["sneckomod:SerpentIdol","sneckomod:Unknown1Cost"],"picked":"sneckomod:RainOfDice","floor":5.0},{"not_picked":["sneckomod:SoulRoll","sneckomod:QuickMove"],"picked":"sneckomod:IronFang","floor":9},{"not_picked":["sneckomod:RainOfDice","sneckomod:Unknown2Cost"],"picked":"sneckomod:WideSting","floor":12},{"not_picked":["sneckomod:UnknownDraw","sneckomod:MasterEye"],"picked":"sneckomod:RainOfDice","floor":14},{"not_picked":["sneckomod:IronFang","sneckomod:SoulRoll"],"picked":"sneckomod:UnknownRarePower","floor":15},{"not_picked":["sneckomod:UnknownRareSkill","sneckomod:Mudshield"],"picked":"sneckomod:UnknownBoss","floor":16},{"not_picked":["sneckomod:DiceBlock","sneckomod:UnknownDraw"],"picked":"sneckomod:UnknownCommonAttack","floor":19},{"not_picked":["sneckomod:QuickMove","sneckomod:UnknownClassHIEROPHANT_GOLD_COLOR+1"],"picked":"sneckomod:UnknownClassGREEN+1","floor":20},{"not_picked":["sneckomod:MasterEye","sneckomod:UnknownClassGREEN"],"picked":"sneckomod:ImprovisedGuard","floor":22},{"not_picked":["sneckomod:UnknownClassTHE_CHAMP_GRAY","sneckomod:UnknownClassHIEROPHANT_GOLD_COLOR"],"picked":"sneckomod:Unknown1Cost+1","floor":23},{"not_picked":["sneckomod:DefensiveFlair","sneckomod:DiceBlock+1"],"picked":"sneckomod:UnendingSupply+1","floor":25},{"not_picked":["sneckomod:SlitherStrike","sneckomod:DiceBlock"],"picked":"sneckomod:RainOfDice","floor":27},{"not_picked":["sneckomod:DiceBlock","sneckomod:UnknownCommonAttack"],"picked":"sneckomod:DiceCrush","floor":28},{"not_picked":["sneckomod:QuickMove","sneckomod:Mudshield","sneckomod:Unknown2Cost"],"picked":"SKIP","floor":31},{"not_picked":["sneckomod:WideSting","sneckomod:SerpentIdol"],"picked":"sneckomod:QuickMove","floor":32}],"player_experience":290966,"relics_obtained":[{"floor":7,"key":"Nunchaku"},{"floor":14,"key":"Old Coin"},{"floor":24,"key":"Gremlin Horn"}],"event_choices":[],"is_beta":false,"boss_relics":[{"not_picked":["hubris:VirtuousBlindfold","potionbrewer:BhaskarasWheel"],"picked":"hubris:ScarierMask"}],"items_purged_floors":[28],"is_endless":false,"potions_floor_spawned":[9,16,22,25,32],"killed_by":"IC_MUSHROOM_ARCHETYPE","ascension_level":0}}