{"host":"s88k97ee8ljqz1kp","time":1614229453,"event":{"mods":["Act Like it!","BaseMod","Beaked The Cultist","BshForSts","Communication Mod","Friendly Minions","GifTheSpireLib","Minty Spire (QoL Compilation)","Relic Stats","Replay The Spire","StSLib","SuperFastMode","The Jungle","yUi"],"gold_per_floor":[118,135,135,152,152,192,117,157,157,157,157,198,55,70,70,195,195,214,214,214,129,29,29,70,85,110,110,63,83,103,143,143,273,273,286,286,307,307,332,370,370,388,388,428,206,220,220,238,238,238,238,238,157,188,188],"floor_reached":56,"language":"ENG","playtime":3454,"items_purged":["beaked:Strike_Y","beaked:Strike_Y"],"score":1436,"play_id":"6627fbb8-78ad-4df5-90a5-62f6cadca83b","local_time":"20210225000413","is_ascension_mode":true,"campfire_choices":[{"data":"beaked:BloodForTheGods","floor":10.0,"key":"SMITH"},{"floor":15.0,"key":"REST"},{"data":"GremboGang","floor":23.0,"key":"SMITH"},{"floor":27.0,"key":"REST"},{"data":"1","floor":32.0,"key":"LIFT"},{"data":"beaked:Tweet","floor":41.0,"key":"SMITH"},{"floor":47.0,"key":"RECALL"},{"data":"2","floor":49.0,"key":"LIFT"},{"data":"3","floor":52.0,"key":"LIFT"}],"circlet_count":0,"master_deck":["beaked:Strike_Y","beaked:Strike_Y","beaked:Strike_Y","beaked:Strike_Y","beaked:Defend_Y+1","beaked:Defend_Y","beaked:Defend_Y","beaked:Defend_Y","beaked:Ceremony","beaked:Ceremony","beaked:Ceremony","beaked:Windmill+1","beaked:Foresight","beaked:Cower","beaked:BloodForTheGods+1","beaked:KnowThyFoe+1","GremboGang+1","beaked:Tweet+1","beaked:WarriorEssence+1","beaked:Brace+1","beaked:BraceForImpact","ReplayTheSpireMod:Restless Dread","beaked:Roost","beaked:RitualOfBody+1","beaked:MachineSpirit+1"],"relics":["beaked:MendingPlumage","Golden Idol","Golden Egg","Replay:WaspNest","Singing Bowl","beaked:RitualPlumage","Snecko Eye","Replay:Byrd Feeder","Girya","Anchor","Blue Candle","Coffee Dripper","Ring of Searing","ReplayTheSpireMod:Ring of Exchange","Iron Hammer","Centennial Puzzle","Replay:Rubber Ducky","Happy Flower"],"acts_visited":["Exordium","TheCity","TheBeyond","TheEnding"],"potions_floor_usage":[],"damage_taken":[{"damage":5.0,"enemies":"Small Slimes","floor":1.0,"turns":5.0},{"damage":6.0,"enemies":"2 Louse","floor":2.0,"turns":4.0},{"damage":8.0,"enemies":"Jaw Worm","floor":4.0,"turns":4.0},{"damage":30.0,"enemies":"Replay:BlueRogue","floor":6.0,"turns":6.0},{"damage":35.0,"enemies":"3 Sentries","floor":8.0,"turns":9.0},{"damage":32.0,"enemies":"Gremlin Nob","floor":12.0,"turns":5.0},{"damage":15.0,"enemies":"2 Fungi Beasts","floor":14.0,"turns":5.0},{"damage":85.0,"enemies":"Slime Boss","floor":16.0,"turns":9.0},{"damage":70.0,"enemies":"Spheric Guardian","floor":18.0,"turns":4.0},{"damage":82.0,"enemies":"Slavers","floor":24.0,"turns":5.0},{"damage":12.0,"enemies":"Chosen","floor":25.0,"turns":5.0},{"damage":29.0,"enemies":"Snake Plant","floor":29.0,"turns":4.0},{"damage":44.0,"enemies":"Snecko","floor":30.0,"turns":6.0},{"damage":11.0,"enemies":"Replay:Snechameleon","floor":31.0,"turns":7.0},{"damage":23.0,"enemies":"Automaton","floor":33.0,"turns":8.0},{"damage":0.0,"enemies":"Orb Walker","floor":35.0,"turns":5.0},{"damage":17.0,"enemies":"3 Darklings","floor":37.0,"turns":5.0},{"damage":47.0,"enemies":"Sphere and 2 Shapes","floor":39.0,"turns":5.0},{"damage":8.0,"enemies":"Giant Head","floor":40.0,"turns":6.0},{"damage":52.0,"enemies":"4 Shapes","floor":42.0,"turns":7.0},{"damage":83.0,"enemies":"beaked:SuperParasite","floor":44.0,"turns":8.0},{"damage":1.0,"enemies":"Transient","floor":46.0,"turns":5.0},{"damage":36.0,"enemies":"Jaw Worm Horde","floor":48.0,"turns":6.0},{"damage":55.0,"enemies":"Time Eater","floor":50.0,"turns":6.0},{"damage":62.0,"enemies":"Shield and Spear","floor":54.0,"turns":7.0},{"damage":138,"enemies":"The Heart","floor":55,"turns":9}],"seed_played":"5986584793903317390","potions_obtained":[{"floor":4.0,"key":"LifebloodPotion"},{"floor":8.0,"key":"Energy Potion"},{"floor":12.0,"key":"Regen Potion"},{"floor":24.0,"key":"Weak Potion"},{"floor":25.0,"key":"SneckoOil"},{"floor":31.0,"key":"BlessingOfTheForge"},{"floor":35.0,"key":"Death Potion"},{"floor":39.0,"key":"DuplicationPotion"},{"floor":46.0,"key":"Regen Potion"}],"is_trial":false,"path_per_floor":["M","M","?","M","?","E","$","E","T","R","?","E","$","M","R","B",null,"M","?","?","?","$","R","E","M","T","R","$","M","M","E","R","B",null,"M","?","M","?","M","E","R","M","T","E","$","M","R","M","R","B",null,"R","$","E","B",null],"character_chosen":"BEAKED_THE_CULTIST","items_purchased":["beaked:RitualPlumage","beaked:WarriorEssence","Replay:Rubber Ducky","beaked:RitualOfBody","beaked:MachineSpirit"],"campfire_rested":2,"item_purchase_floors":[13,28,45,45,53],"current_hp_per_floor":[55,55,55,55,42,31,31,19,19,19,24,9,9,22,41,39,64,57,57,45,45,45,45,14,20,20,41,41,56,61,79,79,62,81,81,77,74,74,47,79,79,80,80,30,30,58,58,68,68,56,87,87,87,48,26],"gold":188,"neow_bonus":"TEN_PERCENT_HP_BONUS","is_daily":false,"chose_seed":false,"campfire_upgraded":3,"win_rate":0.0,"timestamp":1614229453,"path_taken":["M","M","?","M","?","E","$","E","T","R","?","E","$","M","R","BOSS","M","?","?","?","?","R","E","M","T","R","$","M","M","E","R","BOSS","M","?","M","?","?","E","R","M","T","E","$","M","R","M","R","BOSS","R","$","E","BOSS"],"items_purchased_type":["Relic","Card","Relic","Card","Card"],"build_version":"2020-12-22","purchased_purges":2,"victory":true,"max_hp_per_floor":[55,55,55,55,55,55,55,55,55,55,60,62,62,64,64,64,64,66,66,71,71,71,71,71,73,73,73,73,75,77,79,79,81,81,81,77,77,77,79,79,79,81,81,83,83,85,85,87,87,87,87,87,87,89,89],"relic_stats":{"Centennial Puzzle":[15],"Singing Bowl":28,"Happy Flower":[3],"counters":[26,154],"Golden Idol":204,"Blue Candle":[11],"Snecko Eye":[196,205,166,159],"obtain_stats":[{"Gremlin Food":12,"Golden Egg":6,"Girya":24,"ReplayTheSpireMod:Ring of Exchange":38,"Replay:Byrd Feeder":21,"Singing Bowl":9,"Happy Flower":54,"Golden Idol":5,"Blue Candle":31,"Replay:WaspNest":8,"Ring of Searing":38,"Replay:Rubber Ducky":45,"beaked:RitualPlumage":13,"Anchor":26,"Centennial Puzzle":44,"Snecko Eye":17,"Iron Hammer":40,"Coffee Dripper":34,"beaked:MendingPlumage":0},{"Gremlin Food":6,"Golden Egg":4,"Girya":10,"ReplayTheSpireMod:Ring of Exchange":17,"Replay:Byrd Feeder":9,"Singing Bowl":5,"Happy Flower":25,"Golden Idol":3,"Blue Candle":14,"Replay:WaspNest":5,"Ring of Searing":17,"Replay:Rubber Ducky":21,"beaked:RitualPlumage":6,"Anchor":11,"Centennial Puzzle":21,"Snecko Eye":8,"Iron Hammer":19,"Coffee Dripper":15,"beaked:MendingPlumage":0},{"Gremlin Food":33,"Golden Egg":19,"Girya":56,"ReplayTheSpireMod:Ring of Exchange":95,"Replay:Byrd Feeder":51,"Singing Bowl":28,"Happy Flower":145,"Golden Idol":13,"Blue Candle":77,"Replay:WaspNest":28,"Ring of Searing":95,"Replay:Rubber Ducky":121,"beaked:RitualPlumage":33,"Anchor":61,"Centennial Puzzle":121,"Snecko Eye":47,"Iron Hammer":106,"Coffee Dripper":85,"beaked:MendingPlumage":0}]},"card_choices":[{"not_picked":["beaked:SurvivalInstinct","beaked:BarbedWire","beaked:TuckingFeathers"],"picked":"SKIP","floor":1.0},{"not_picked":["beaked:Evade","beaked:VigorBurst"],"picked":"beaked:Windmill","floor":2.0},{"not_picked":["beaked:VigorBurst","beaked:BarbedWire"],"picked":"beaked:Foresight","floor":4.0},{"not_picked":["beaked:Resilience","beaked:Evade"],"picked":"beaked:Cower","floor":6.0},{"not_picked":["beaked:Poke","beaked:CursingBlood"],"picked":"beaked:BloodForTheGods","floor":8.0},{"not_picked":["beaked:MachineSpirit","beaked:VigorBurst","beaked:SacrificialDive"],"picked":"Singing Bowl","floor":12.0},{"not_picked":["beaked:DigDeep","beaked:HuntressEssence","beaked:SurvivalInstinct"],"picked":"Singing Bowl","floor":14.0},{"not_picked":["beaked:ShadowFade","beaked:SacrificialScars"],"picked":"beaked:KnowThyFoe","floor":16.0},{"not_picked":["beaked:BloodForTheGods+1","beaked:SacrificialAttack","beaked:DigDeep"],"picked":"Singing Bowl","floor":18.0},{"not_picked":["beaked:DigDeep","beaked:VigorBurst+1"],"picked":"beaked:Tweet","floor":24.0},{"not_picked":["beaked:WarriorEssence","beaked:SurvivalInstinct+1","beaked:Evade"],"picked":"Singing Bowl","floor":25.0},{"not_picked":["beaked:Mantra","beaked:Tradeoff","beaked:Windmill"],"picked":"Singing Bowl","floor":29.0},{"not_picked":["beaked:DesperateSwing","beaked:Insight","beaked:MaddeningMurmurs+1"],"picked":"Singing Bowl","floor":30.0},{"not_picked":["beaked:WildInstinct","beaked:TuckingFeathers","ReplayTheSpireMod:Prepare the Ceremony"],"picked":"Singing Bowl","floor":31.0},{"not_picked":["beaked:WildInstinct","beaked:Sacrifice","ReplayTheSpireMod:Owlgaze"],"picked":"Singing Bowl","floor":33.0},{"not_picked":["beaked:CursingBlood+1","beaked:Tradeoff"],"picked":"beaked:Brace+1","floor":35.0},{"not_picked":["ReplayTheSpireMod:Wings of Steel","beaked:DigDeeper+1"],"picked":"beaked:BraceForImpact","floor":37.0},{"not_picked":["beaked:Overpower+1","beaked:CursingBlood","beaked:DigDeeper"],"picked":"Singing Bowl","floor":39.0},{"not_picked":["beaked:SurvivalInstinct","beaked:BloodForTheGods"],"picked":"beaked:Roost","floor":40.0},{"not_picked":["beaked:MimicHuntress","beaked:FeelMyPain+1","beaked:Negation"],"picked":"Singing Bowl","floor":42.0},{"not_picked":["beaked:CursingBlood+1","beaked:FeelMyPain","beaked:DarkPact"],"picked":"Singing Bowl","floor":44.0},{"not_picked":["beaked:DesperateSwing+1","beaked:DigDeep","beaked:Windmill+1"],"picked":"Singing Bowl","floor":46.0},{"not_picked":["beaked:BraceForImpact","beaked:Struggle","beaked:Mantra"],"picked":"Singing Bowl","floor":48.0},{"not_picked":["beaked:Tweet+1","beaked:HuntressEssence+1","beaked:BloodForTheGods+1"],"picked":"Singing Bowl","floor":54.0}],"player_experience":208491,"relics_obtained":[{"floor":6.0,"key":"Golden Egg"},{"floor":8.0,"key":"Replay:WaspNest"},{"floor":9.0,"key":"Singing Bowl"},{"floor":12.0,"key":"Gremlin Food"},{"floor":24.0,"key":"Girya"},{"floor":26.0,"key":"Anchor"},{"floor":31.0,"key":"Blue Candle"},{"floor":38.0,"key":"Ring of Searing"},{"floor":38.0,"key":"ReplayTheSpireMod:Ring of Exchange"},{"floor":40.0,"key":"Iron Hammer"},{"floor":44.0,"key":"Centennial Puzzle"},{"floor":54.0,"key":"Happy Flower"}],"event_choices":[{"damage_healed":0.0,"max_hp_gain":0.0,"max_hp_loss":0.0,"gold_gain":0.0,"event_name":"Living Wall","player_choice":"Grow","floor":3.0,"gold_loss":0.0,"damage_taken":0.0,"cards_upgraded":["beaked:Windmill"]},{"damage_healed":0.0,"max_hp_gain":0.0,"max_hp_loss":0.0,"gold_gain":0.0,"event_name":"Golden Idol","player_choice":"Take Damage","floor":5.0,"gold_loss":0.0,"damage_taken":13.0,"relics_obtained":["Golden Idol"]},{"damage_healed":0.0,"max_hp_gain":5.0,"max_hp_loss":0.0,"gold_gain":0.0,"event_name":"Big Fish","player_choice":"Donut","floor":11.0,"gold_loss":0.0,"damage_taken":0.0},{"damage_healed":0.0,"max_hp_gain":5.0,"max_hp_loss":0.0,"gold_gain":0.0,"event_name":"Forgotten Altar","player_choice":"Shed Blood","floor":20.0,"gold_loss":0.0,"damage_taken":17.0},{"damage_healed":0.0,"max_hp_gain":0.0,"max_hp_loss":0.0,"gold_gain":0.0,"event_name":"Addict","player_choice":"Obtained Relic","floor":21.0,"gold_loss":85.0,"damage_taken":0.0,"relics_obtained":["Replay:Byrd Feeder"]},{"damage_healed":0.0,"max_hp_gain":0.0,"max_hp_loss":4.0,"gold_gain":0.0,"event_name":"Winding Halls","player_choice":"Max HP","floor":36.0,"gold_loss":0.0,"damage_taken":0.0}],"is_beta":false,"boss_relics":[{"not_picked":["Replay:Ancient Bell","beaked:FlawlessSticks"],"picked":"Snecko Eye"},{"not_picked":["Runic Pyramid","Tiny House"],"picked":"Coffee Dripper"}],"items_purged_floors":[7,22],"is_endless":false,"potions_floor_spawned":[4,8,12,24,25,31,35,39,46],"ascension_level":1}}