{"host":"jxmsv4d84jcvxth5","time":1614297533,"event":{"mods":["AchievementEnabler","BaseMod","Colored Map","Minty Spire (QoL Compilation)","Relic Stats","StSLib"],"gold_per_floor":[117,192,206,206,220,220,255,255,255,265,292,292,303,335,335,409,409,421,421,336,354,354,389,389,414,486,497,508,508,541,557,557,557,557],"floor_reached":33,"language":"ENG","playtime":1901,"items_purged":[],"score":650,"play_id":"09a867bd-f73c-4a55-9e92-eac683132f6c","local_time":"20210225185853","is_ascension_mode":true,"campfire_choices":[{"data":"Bash","floor":6.0,"key":"SMITH"},{"data":"Spot Weakness","floor":8.0,"key":"SMITH"},{"data":"Hemokinesis","floor":12.0,"key":"SMITH"},{"data":"Shockwave","floor":15.0,"key":"SMITH"},{"data":"Power Through","floor":24.0,"key":"SMITH"},{"data":"Disarm","floor":29.0,"key":"SMITH"},{"floor":32,"key":"REST"}],"circlet_count":0,"master_deck":["AscendersBane","Strike_R+1","Strike_R+1","Strike_R","Strike_R","Strike_R","Defend_R","Defend_R","Defend_R","Defend_R","Bash+1","Anger","Hemokinesis+1","Spot Weakness+1","Sword Boomerang+1","Shockwave+1","Iron Wave+1","Offering","True Grit+1","RitualDagger+1","Power Through+1","Disarm+1","Injury","Flame Barrier","Burning Pact"],"relics":["Burning Blood","Whetstone","Self Forming Clay","Molten Egg 2","Dead Branch","White Beast Statue","Cursed Key","Singing Bowl","Meat on the Bone","Blood Vial","Mercury Hourglass","Mummified Hand"],"acts_visited":["Exordium","TheCity"],"potions_floor_usage":[33],"damage_taken":[{"damage":4.0,"enemies":"Small Slimes","floor":1.0,"turns":4.0},{"damage":9.0,"enemies":"2 Louse","floor":3.0,"turns":4.0},{"damage":0.0,"enemies":"Jaw Worm","floor":5.0,"turns":3.0},{"damage":10.0,"enemies":"Gremlin Nob","floor":7.0,"turns":3.0},{"damage":13.0,"enemies":"Blue Slaver","floor":10.0,"turns":3.0},{"damage":21.0,"enemies":"3 Sentries","floor":11.0,"turns":7.0},{"damage":3.0,"enemies":"Exordium Wildlife","floor":13.0,"turns":2.0},{"damage":13.0,"enemies":"Gremlin Nob","floor":14.0,"turns":3.0},{"damage":10.0,"enemies":"Hexaghost","floor":16.0,"turns":7.0},{"damage":8.0,"enemies":"2 Thieves","floor":18.0,"turns":3.0},{"damage":14.0,"enemies":"Chosen","floor":21.0,"turns":5.0},{"damage":22.0,"enemies":"Book of Stabbing","floor":23.0,"turns":4.0},{"damage":30.0,"enemies":"Gremlin Leader","floor":25.0,"turns":6.0},{"damage":10.0,"enemies":"Snake Plant","floor":27.0,"turns":5.0},{"damage":9.0,"enemies":"Cultist and Chosen","floor":28.0,"turns":4.0},{"damage":30.0,"enemies":"Book of Stabbing","floor":30.0,"turns":5.0},{"damage":31,"enemies":"Shelled Parasite and Fungi","floor":31,"turns":5},{"damage":71,"enemies":"Automaton","floor":33,"turns":6}],"seed_played":"-7402289603141629208","potions_obtained":[{"floor":3.0,"key":"Weak Potion"},{"floor":11.0,"key":"BlessingOfTheForge"},{"floor":13.0,"key":"SpeedPotion"},{"floor":14.0,"key":"BloodPotion"},{"floor":16.0,"key":"AttackPotion"},{"floor":18.0,"key":"SpeedPotion"},{"floor":21.0,"key":"LiquidBronze"},{"floor":23.0,"key":"Fruit Juice"},{"floor":25.0,"key":"EntropicBrew"},{"floor":27.0,"key":"AttackPotion"},{"floor":28.0,"key":"ColorlessPotion"},{"floor":30.0,"key":"LiquidBronze"}],"is_trial":false,"path_per_floor":["M","?","M","?","M","R","E","R","T","M","E","R","M","E","R","B",null,"M","?","?","M","T","E","R","E","T","M","M","R","E","M","R","B"],"character_chosen":"IRONCLAD","items_purchased":[],"campfire_rested":1,"item_purchase_floors":[],"current_hp_per_floor":[70,59,56,61,67,67,63,63,63,56,41,41,44,37,37,49,72,70,64,64,58,58,42,47,35,35,47,60,60,50,39,66,0,0],"gold":557,"neow_bonus":"RANDOM_COMMON_RELIC","is_daily":false,"chose_seed":false,"campfire_upgraded":6,"win_rate":0.0,"timestamp":1614297533,"path_taken":["M","?","M","?","M","R","E","R","T","M","E","R","M","E","R","BOSS","M","?","?","M","?","E","R","E","T","M","?","R","E","M","R","BOSS"],"items_purchased_type":[],"build_version":"2020-12-22","purchased_purges":0,"victory":false,"max_hp_per_floor":[75,75,75,80,80,80,80,80,80,80,80,80,80,80,80,80,80,80,80,80,82,82,82,87,87,87,89,91,91,91,91,91,91,91],"relic_stats":{"Blood Vial":10,"Singing Bowl":6,"counters":[18,79],"Self Forming Clay":[147],"Mummified Hand":[0],"Dead Branch":[54],"Whetstone":["Strike_R","Strike_R"],"Cursed Key":1,"obtain_stats":[{"Blood Vial":25,"Singing Bowl":20,"Self Forming Clay":7,"Mummified Hand":30,"Dead Branch":11,"Molten Egg 2":9,"Whetstone":0,"Cursed Key":17,"Burning Blood":0,"White Beast Statue":14,"Meat on the Bone":23,"Mercury Hourglass":26},{"Blood Vial":13,"Singing Bowl":10,"Self Forming Clay":4,"Mummified Hand":16,"Dead Branch":6,"Molten Egg 2":4,"Whetstone":0,"Cursed Key":9,"Burning Blood":0,"White Beast Statue":8,"Meat on the Bone":12,"Mercury Hourglass":13},{"Blood Vial":54,"Singing Bowl":39,"Self Forming Clay":14,"Mummified Hand":68,"Dead Branch":24,"Molten Egg 2":14,"Whetstone":0,"Cursed Key":36,"Burning Blood":0,"White Beast Statue":29,"Meat on the Bone":48,"Mercury Hourglass":54}],"Burning Blood":102,"Meat on the Bone":60,"Mercury Hourglass":[81]},"card_choices":[{"not_picked":["Cleave","Headbutt"],"picked":"Anger","floor":1.0},{"not_picked":["Flex","True Grit"],"picked":"Hemokinesis","floor":3.0},{"not_picked":["Rampage","Evolve","Heavy Blade"],"picked":"SKIP","floor":5.0},{"not_picked":["Twin Strike","Second Wind"],"picked":"Spot Weakness","floor":7.0},{"not_picked":["Burning Pact","Infernal Blade"],"picked":"Sword Boomerang+1","floor":10.0},{"not_picked":["Body Slam+1","Inflame"],"picked":"Shockwave","floor":11.0},{"not_picked":["Heavy Blade+1","Flex","Carnage+1"],"picked":"SKIP","floor":13.0},{"not_picked":["Carnage+1","Warcry"],"picked":"Iron Wave+1","floor":14.0},{"not_picked":["Barricade","Bludgeon+1"],"picked":"Offering","floor":16.0},{"not_picked":["Dark Embrace","Body Slam+1"],"picked":"True Grit+1","floor":18.0},{"not_picked":["Bloodletting","Shockwave","Cleave+1"],"picked":"Singing Bowl","floor":21.0},{"not_picked":["Iron Wave+1","True Grit"],"picked":"Power Through","floor":23.0},{"not_picked":["Warcry","Blood for Blood+1"],"picked":"Disarm","floor":25.0},{"not_picked":["Twin Strike+1","Ghostly Armor","Reckless Charge+1"],"picked":"Singing Bowl","floor":27.0},{"not_picked":["Havoc","Clash+1","Blood for Blood+1"],"picked":"Singing Bowl","floor":28.0},{"not_picked":["Dual Wield","Spot Weakness+1"],"picked":"Flame Barrier","floor":30.0},{"not_picked":["Spot Weakness","Anger+1"],"picked":"Burning Pact","floor":31}],"player_experience":1596622,"relics_obtained":[{"floor":7.0,"key":"Self Forming Clay"},{"floor":9.0,"key":"Molten Egg 2"},{"floor":11.0,"key":"Dead Branch"},{"floor":14.0,"key":"White Beast Statue"},{"floor":23.0,"key":"Meat on the Bone"},{"floor":25.0,"key":"Blood Vial"},{"floor":26.0,"key":"Mercury Hourglass"},{"floor":30.0,"key":"Mummified Hand"}],"event_choices":[{"damage_healed":0.0,"max_hp_gain":0.0,"max_hp_loss":0.0,"gold_gain":75.0,"event_name":"World of Goop","player_choice":"Gather Gold","floor":2.0,"gold_loss":0.0,"damage_taken":11.0},{"damage_healed":0.0,"max_hp_gain":5.0,"max_hp_loss":0.0,"gold_gain":0.0,"event_name":"Big Fish","player_choice":"Donut","floor":4.0,"gold_loss":0.0,"damage_taken":0.0},{"damage_healed":0.0,"max_hp_gain":0.0,"max_hp_loss":0.0,"gold_gain":0.0,"event_name":"Nest","player_choice":"Joined the Cult","floor":19.0,"gold_loss":0.0,"damage_taken":6.0,"cards_obtained":["RitualDagger"]},{"damage_healed":0.0,"max_hp_gain":0.0,"max_hp_loss":0.0,"gold_gain":0.0,"event_name":"Addict","player_choice":"Obtained Relic","floor":20.0,"gold_loss":85.0,"damage_taken":0.0,"relics_obtained":["Singing Bowl"]}],"is_beta":false,"boss_relics":[{"not_picked":["Mark of Pain","Coffee Dripper"],"picked":"Cursed Key"}],"items_purged_floors":[],"is_endless":false,"potions_floor_spawned":[3,11,13,14,16,18,21,23,25,27,28,30,31],"killed_by":"Automaton","ascension_level":20}}