{"host":"xqy2zcdkw56uhhws","time":1614244025,"event":{"mods":["Ascension Reborn","BaseMod","GungeonMod","Hermit","KOR Keyword Fix","Koishi","Minty Spire (QoL Compilation)","Replay The Spire","StSLib","The Bug Knight","The Cursed","The Dragon Tamer","The Hierophant","The Runesmith"],"gold_per_floor":[112,112,127,139,139,139,189,205,228,228,228,228,255,268,268,366,366,383,395,395,158,158,158,158,158],"floor_reached":24,"language":"KOR","playtime":3522,"items_purged":["DemoMod:Strike_Huntress"],"score":196,"play_id":"faa07005-7cb8-46c4-ae7f-2377fa37d25b","local_time":"20210225180705","is_ascension_mode":true,"campfire_choices":[{"floor":6.0,"key":"REST"},{"floor":12.0,"key":"REST"},{"floor":15.0,"key":"REST"},{"data":"DemoMod:DoubleVision","floor":23.0,"key":"SMITH"}],"circlet_count":0,"master_deck":["DemoMod:Strike_Huntress","DemoMod:Defend_Huntress","DemoMod:Defend_Huntress","DemoMod:Defend_Huntress","DemoMod:Defend_Huntress","DemoMod:Roll","DemoMod:ManualReload","DemoMod:RustySidearm","DemoMod:CrossBow","DemoMod:SAA","DemoMod:ProbeStrike","DemoMod:GunstockTap","DemoMod:MegaHand","DemoMod:DirectionalPad","Amnesia","DemoMod:TableSutra+1","DemoMod:PotionOfGunFriendShip","DemoMod:DoubleVision+1","DemoMod:PotionOfGunFriendShip","DemoMod:MachoBrace","DemoMod:JK47","Good Instincts","DemoMod:PotionOfGunFriendShip"],"relics":["DemoMod:Dog","Frozen Egg 2","Lantern","Ring of Panic","ReplayTheSpireMod:TigerMarble","Black Star","Toy Ornithopter"],"acts_visited":["Exordium","TheCity"],"potions_floor_usage":[],"damage_taken":[{"damage":0.0,"enemies":"Small Slimes","floor":1.0,"turns":6.0},{"damage":9.0,"enemies":"Jaw Worm","floor":3.0,"turns":4.0},{"damage":0.0,"enemies":"Cultist","floor":4.0,"turns":2.0},{"damage":9.0,"enemies":"Exordium Wildlife","floor":7.0,"turns":4.0},{"damage":2.0,"enemies":"2 Fungi Beasts","floor":8.0,"turns":5.0},{"damage":40.0,"enemies":"HollowMod:MossKnight","floor":13.0,"turns":11.0},{"damage":0.0,"enemies":"Exordium Thugs","floor":14.0,"turns":3.0},{"damage":21.0,"enemies":"Slime Boss","floor":16.0,"turns":5.0},{"damage":22.0,"enemies":"Shell Parasite","floor":18.0,"turns":7.0},{"damage":9.0,"enemies":"Chosen","floor":19.0,"turns":3.0},{"damage":0,"enemies":"Gremlin Leader","floor":24,"turns":2}],"seed_played":"8858382064187574908","potions_obtained":[{"floor":3.0,"key":"Strength Potion"},{"floor":5.0,"key":"DemoMod:BlankPotion"},{"floor":5.0,"key":"PowerPotion"}],"is_trial":false,"path_per_floor":["M","?","M","M","?","R","M","M","T","?","?","R","E","M","R","B",null,"M","M","?","$","?","R","E"],"character_chosen":"HUNTRESS","items_purchased":["DemoMod:JK47","Good Instincts","DemoMod:PotionOfGunFriendShip"],"campfire_rested":3,"item_purchase_floors":[21,21,21],"current_hp_per_floor":[77,44,35,35,35,58,49,47,47,47,47,70,30,30,53,32,77,55,46,46,46,71,71,71,71],"gold":158,"neow_bonus":"TEN_PERCENT_HP_BONUS","is_daily":false,"chose_seed":false,"campfire_upgraded":1,"win_rate":0.0,"timestamp":1614244025,"path_taken":["M","?","M","M","?","R","M","?","T","?","?","R","E","?","R","BOSS","M","M","?","$","?","R","E"],"items_purchased_type":["Card","Card","Card"],"build_version":"2020-12-22","purchased_purges":1,"victory":false,"max_hp_per_floor":[77,77,77,77,77,77,77,77,77,77,77,77,77,77,77,77,77,77,77,77,77,77,77,77,77],"card_choices":[{"not_picked":["DemoMod:Unmoved","DemoMod:FastSwitch"],"picked":"DemoMod:SAA","floor":1.0},{"not_picked":["DemoMod:AC15","DemoMod:BoxingGlove"],"picked":"DemoMod:ProbeStrike","floor":3.0},{"not_picked":["DemoMod:SniperShot","DemoMod:BattleInHaste"],"picked":"DemoMod:GunstockTap","floor":4.0},{"not_picked":["DemoMod:SkilledReload+1","DemoMod:GunslingerForm+1"],"picked":"DemoMod:MegaHand","floor":7.0},{"not_picked":["DemoMod:SAA","DemoMod:StickyCrossBow"],"picked":"DemoMod:DirectionalPad","floor":8.0},{"not_picked":["DemoMod:PotionOfGunFriendShip","DemoMod:Ejector"],"picked":"DemoMod:TableSutra+1","floor":13.0},{"not_picked":["DemoMod:PracticeMakesPerfect","DemoMod:ChanceBullets+1"],"picked":"DemoMod:PotionOfGunFriendShip","floor":14.0},{"not_picked":["DemoMod:GunslingerForm+1","DemoMod:BlackHoleGun"],"picked":"DemoMod:DoubleVision","floor":16.0},{"not_picked":["DemoMod:HuntsMan","DemoMod:Unmoved"],"picked":"DemoMod:PotionOfGunFriendShip","floor":18.0},{"not_picked":["DemoMod:FeignSurrender","DemoMod:SAA"],"picked":"DemoMod:MachoBrace","floor":19.0}],"player_experience":19617,"relics_obtained":[{"floor":9.0,"key":"Lantern"},{"floor":11.0,"key":"Ring of Panic"},{"floor":13.0,"key":"ReplayTheSpireMod:TigerMarble"}],"event_choices":[{"damage_healed":0.0,"max_hp_gain":0.0,"max_hp_loss":0.0,"gold_gain":0.0,"event_name":"Scrap Ooze","player_choice":"Success","floor":2.0,"gold_loss":0.0,"damage_taken":33.0,"relics_obtained":["Frozen Egg 2"]},{"damage_healed":0.0,"max_hp_gain":0.0,"max_hp_loss":0.0,"gold_gain":0.0,"event_name":"Lab","player_choice":"Got Potions","floor":5.0,"gold_loss":0.0,"damage_taken":0.0},{"cards_removed":["DemoMod:Strike_Huntress"],"damage_healed":0.0,"max_hp_gain":0.0,"max_hp_loss":0.0,"gold_gain":0.0,"event_name":"Living Wall","player_choice":"Forget","floor":10.0,"gold_loss":0.0,"damage_taken":0.0},{"damage_healed":0.0,"max_hp_gain":0.0,"max_hp_loss":0.0,"gold_gain":0.0,"event_name":"The Mausoleum","player_choice":"Opened","floor":20.0,"gold_loss":0.0,"damage_taken":0.0,"relics_obtained":["Toy Ornithopter"]},{"damage_healed":25.0,"max_hp_gain":0.0,"max_hp_loss":0.0,"gold_gain":0.0,"event_name":"The Library","player_choice":"Heal","floor":22.0,"gold_loss":0.0,"damage_taken":0.0}],"is_beta":false,"boss_relics":[{"not_picked":["Philosopher\u0027s Stone","ReplayTheSpireMod:DimensionalGlitch"],"picked":"Black Star"}],"items_purged_floors":[21],"is_endless":false,"potions_floor_spawned":[3,7,8,19],"killed_by":"Gremlin Leader","ascension_level":0}}