{"host":"b8coxh3nmoxcbj3m","time":1614229103,"event":{"mods":["AchievementEnabler","BaseMod","Colored Map","Minty Spire (QoL Compilation)","StSLib","SuperFastMode"],"gold_per_floor":[11,11,24,38,38,38,51,51,78,78,3,27,27,47,47,47,47],"floor_reached":16,"language":"ZHS","playtime":456,"items_purged":["Defend_P"],"score":90,"play_id":"91247376-882d-4d59-ac6a-08eb61cb6b27","local_time":"20210225125823","is_ascension_mode":false,"campfire_choices":[{"data":"Eruption","floor":6,"key":"SMITH"},{"data":"Devotion","floor":8,"key":"SMITH"},{"data":"FlyingSleeves","floor":10,"key":"SMITH"},{"floor":15,"key":"REST"}],"circlet_count":0,"master_deck":["Strike_P+1","Strike_P","Strike_P","Strike_P+1","Defend_P","Eruption+1","Vigilance","Devotion+1","Vengeance","FlyingSleeves+1"],"relics":["PureWater","Potion Belt","Oddly Smooth Stone"],"acts_visited":["Exordium"],"potions_floor_usage":[7],"damage_taken":[{"damage":0,"enemies":"Small Slimes","floor":1,"turns":2},{"damage":0,"enemies":"2 Louse","floor":3,"turns":2},{"damage":4,"enemies":"Cultist","floor":4,"turns":3},{"damage":12,"enemies":"Lots of Slimes","floor":7,"turns":4},{"damage":13,"enemies":"Exordium Thugs","floor":14,"turns":3},{"damage":50,"enemies":"The Guardian","floor":16,"turns":6}],"seed_played":"-8344701433342816352","potions_obtained":[{"floor":3,"key":"Block Potion"},{"floor":4,"key":"Energy Potion"},{"floor":14,"key":"Dexterity Potion"}],"is_trial":false,"path_per_floor":["M","?","M","M","?","R","M","R","T","R","$","T","?","M","R","B"],"character_chosen":"WATCHER","items_purchased":[],"campfire_rested":1,"item_purchase_floors":[],"current_hp_per_floor":[72,72,72,68,68,68,56,56,56,56,56,56,42,29,50,0,0],"gold":47,"neow_bonus":"THREE_RARE_CARDS","is_daily":false,"chose_seed":false,"campfire_upgraded":3,"win_rate":0.0,"timestamp":1614229103,"path_taken":["M","?","M","M","?","R","?","R","T","R","?","?","?","M","R","BOSS"],"items_purchased_type":[],"build_version":"2020-12-22","purchased_purges":1,"victory":false,"max_hp_per_floor":[72,72,72,72,72,72,72,72,72,72,72,72,72,72,72,72,72],"card_choices":[{"not_picked":["Scrawl","DevaForm"],"picked":"Devotion","floor":0},{"not_picked":["SashWhip","Halt","Nirvana"],"picked":"SKIP","floor":1},{"not_picked":["Halt","Crescendo"],"picked":"Vengeance","floor":3},{"not_picked":["Swivel","Crescendo"],"picked":"FlyingSleeves","floor":4},{"not_picked":["ThirdEye","Sanctity","JustLucky"],"picked":"SKIP","floor":7},{"not_picked":["Fasting2","Swivel","CrushJoints"],"picked":"SKIP","floor":14}],"player_experience":40723,"relics_obtained":[{"floor":9,"key":"Potion Belt"},{"floor":12,"key":"Oddly Smooth Stone"}],"event_choices":[{"cards_removed":["Defend_P"],"damage_healed":0,"gold_gain":0,"player_choice":"Forget","damage_taken":0,"max_hp_gain":0,"max_hp_loss":0,"event_name":"Living Wall","floor":2,"gold_loss":0},{"cards_removed":["Defend_P"],"damage_healed":0,"gold_gain":0,"player_choice":"Purged","damage_taken":0,"max_hp_gain":0,"max_hp_loss":0,"event_name":"Purifier","floor":5,"gold_loss":0},{"damage_healed":0,"gold_gain":0,"player_choice":"Entered Light","damage_taken":14,"max_hp_gain":0,"max_hp_loss":0,"event_name":"Shining Light","floor":13,"gold_loss":0,"cards_upgraded":["Strike_P","Strike_P"]}],"is_beta":false,"boss_relics":[],"items_purged_floors":[11],"is_endless":false,"potions_floor_spawned":[3,4,14],"killed_by":"The Guardian","ascension_level":0}}