{"host":"kzk3jxgl97km4m18","time":1614226605,"event":{"mods":["BaseMod","Colored Map","Minty Spire (QoL Compilation)"],"gold_per_floor":[113,131,146,23,23,58,58,88,88,121,138,148,167,202,202,202,202],"floor_reached":16,"language":"ENG","playtime":1823,"items_purged":["Strike_B"],"score":139,"play_id":"38ce43f2-306e-467e-8e0a-1adb5eb02675","local_time":"20210224231645","is_ascension_mode":true,"campfire_choices":[{"data":"Zap","floor":7,"key":"SMITH"},{"floor":15,"key":"REST"}],"circlet_count":0,"master_deck":["Strike_B","Strike_B","Strike_B","Defend_B","Defend_B","Defend_B","Defend_B","Zap+1","Dualcast","Electrodynamics","Gash","Gash","Ball Lightning","Conserve Battery","Self Repair","Chill","Steam Power","Redo","Hologram","Hologram"],"relics":["Cracked Core","Nunchaku","Mango","Blood Vial","Bottled Tornado","Vajra","Pen Nib"],"acts_visited":["Exordium"],"potions_floor_usage":[10,11,12,14],"damage_taken":[{"damage":0,"enemies":"Cultist","floor":1,"turns":3},{"damage":6,"enemies":"Jaw Worm","floor":2,"turns":3},{"damage":0,"enemies":"Small Slimes","floor":3,"turns":3},{"damage":26,"enemies":"Lagavulin","floor":6,"turns":5},{"damage":48,"enemies":"Gremlin Nob","floor":8,"turns":5},{"damage":4,"enemies":"3 Sentries","floor":10,"turns":2},{"damage":7,"enemies":"Blue Slaver","floor":11,"turns":3},{"damage":1,"enemies":"Lots of Slimes","floor":12,"turns":2},{"damage":0,"enemies":"3 Louse","floor":13,"turns":1},{"damage":18,"enemies":"Lagavulin","floor":14,"turns":5},{"damage":47,"enemies":"Hexaghost","floor":16,"turns":9}],"seed_played":"1751884271823000560","potions_obtained":[{"floor":2,"key":"Energy Potion"},{"floor":3,"key":"CultistPotion"},{"floor":6,"key":"SkillPotion"},{"floor":11,"key":"Block Potion"},{"floor":13,"key":"LiquidMemories"}],"is_trial":false,"path_per_floor":["M","M","M","$","?","E","R","E","T","E","M","M","M","E","R","B"],"character_chosen":"DEFECT","items_purchased":["Conserve Battery"],"campfire_rested":1,"item_purchase_floors":[4],"current_hp_per_floor":[75,69,69,69,69,57,57,16,16,14,16,24,26,17,43,0,0],"gold":202,"neow_bonus":"ONE_RANDOM_RARE_CARD","is_daily":false,"chose_seed":false,"campfire_upgraded":1,"win_rate":0.0,"timestamp":1614226605,"path_taken":["M","M","?","$","?","E","R","E","T","E","M","M","?","E","R","BOSS"],"items_purchased_type":["Card"],"build_version":"2020-12-22","purchased_purges":1,"victory":false,"max_hp_per_floor":[75,75,75,75,75,89,89,89,89,89,89,89,89,89,89,89,89],"card_choices":[{"not_picked":["Beam Cell","Recycle"],"picked":"Gash","floor":1},{"not_picked":["Stack","Chill"],"picked":"Gash","floor":2},{"not_picked":["Loop","Consume"],"picked":"Ball Lightning","floor":3},{"not_picked":["Coolheaded","Auto Shields"],"picked":"Self Repair","floor":6},{"not_picked":["Sweeping Beam","Steam Power"],"picked":"Chill","floor":8},{"not_picked":["Beam Cell","Double Energy"],"picked":"Steam Power","floor":10},{"not_picked":["Steam","Streamline"],"picked":"Redo","floor":11},{"not_picked":["Compile Driver","Ball Lightning"],"picked":"Hologram","floor":12},{"not_picked":["Go for the Eyes","Beam Cell","Fusion"],"picked":"SKIP","floor":13},{"not_picked":["FTL","Hyperbeam"],"picked":"Hologram","floor":14}],"player_experience":169935,"relics_obtained":[{"floor":6,"key":"Mango"},{"floor":8,"key":"Blood Vial"},{"floor":9,"key":"Bottled Tornado"},{"floor":10,"key":"Vajra"},{"floor":14,"key":"Pen Nib"}],"event_choices":[{"damage_healed":0,"gold_gain":0,"player_choice":"Gave Potion","damage_taken":0,"relics_obtained":["Nunchaku"],"max_hp_gain":0,"max_hp_loss":0,"event_name":"WeMeetAgain","floor":5,"gold_loss":0}],"is_beta":false,"boss_relics":[],"items_purged_floors":[4],"is_endless":false,"potions_floor_spawned":[2,3,6,11,13],"killed_by":"Hexaghost","ascension_level":1}}