{"host":"1bmpebsu0h6jmm2g","time":1614263258,"event":{"mods":["BaseMod","BetterRewards","Colored Map","DeckTracker","Highlight Path","Keyboard Shortcuts","Minty Spire (QoL Compilation)","Permanent Neow","Quick Restart","Relic Stats","Slay the Relics Exporter","Spicy Shops","StSLib","SuperFastMode","The Poker Player"],"gold_per_floor":[119,194,94,109,121,121,106,106,153,153,2,102,112,127,127,230,230,247,257,257,172,184,184,218,218,245,245,43,78,78,94,94,195,195,214,214,64,79,99,133,133,160,160,160,171,171,171,171,171],"floor_reached":47,"language":"KOR","playtime":1702,"items_purged":["PokerPlayerMod:Diamond1","PokerPlayerMod:Club1","PokerPlayerMod:BadJoker","PokerPlayerMod:Diamond3"],"score":787,"play_id":"20d00a42-2d38-4730-98f2-7ea844ef663c","local_time":"20210225232738","is_ascension_mode":true,"metric_token":990,"campfire_choices":[{"data":"Apotheosis","floor":6.0,"key":"SMITH"},{"data":"PokerPlayerMod:CardPrinter","floor":8.0,"key":"SMITH"},{"data":"PokerPlayerMod:CardPrinter+1","floor":10.0,"key":"SMITH"},{"data":"PokerPlayerMod:CardPrinter+2","floor":15.0,"key":"SMITH"},{"data":"PokerPlayerMod:CardPrinter+3","floor":23.0,"key":"SMITH"},{"data":"PokerPlayerMod:CardPrinter+4","floor":25.0,"key":"SMITH"},{"data":"PokerPlayerMod:CardPrinter+5","floor":27.0,"key":"SMITH"},{"data":"PokerPlayerMod:FillThePot","floor":30.0,"key":"SMITH"},{"data":"PokerPlayerMod:CardPrinter+6","floor":32.0,"key":"SMITH"},{"data":"PokerPlayerMod:TrumpStrike","floor":41.0,"key":"SMITH"}],"circlet_count":0,"master_deck":["PokerPlayerMod:Diamond4","PokerPlayerMod:Diamond5","PokerPlayerMod:Spade4","PokerPlayerMod:Heart2","PokerPlayerMod:TrumpStrike+1","PokerPlayerMod:Mulligan","Apotheosis+1","PokerPlayerMod:CardPrinter+7","PokerPlayerMod:FillThePot+1","PokerPlayerMod:Heart6","PokerPlayerMod:Heart8","PokerPlayerMod:Diamond8","PokerPlayerMod:CardBurn","PokerPlayerMod:Heart10+","PokerPlayerMod:DiamondStrike"],"relics":["PokerPlayerMod:DeckCase","Strawberry","PokerPlayerMod:PendantOfEscape","Runic Dome","Bronze Scales","PokerPlayerMod:JackpotMachine","Dream Catcher","Mango","Empty Cage","Ancient Tea Set","Anchor"],"acts_visited":["Exordium","TheCity","TheBeyond"],"potions_floor_usage":[],"damage_taken":[{"damage":6.0,"enemies":"Jaw Worm","floor":1.0,"turns":2.0},{"damage":7.0,"enemies":"Cultist","floor":4.0,"turns":4.0},{"damage":0.0,"enemies":"2 Louse","floor":5.0,"turns":2.0},{"damage":14.0,"enemies":"Exordium Thugs","floor":7.0,"turns":4.0},{"damage":15.0,"enemies":"2 Fungi Beasts","floor":13.0,"turns":3.0},{"damage":14.0,"enemies":"Looter","floor":14.0,"turns":4.0},{"damage":9.0,"enemies":"The Guardian","floor":16.0,"turns":8.0},{"damage":22.0,"enemies":"Shell Parasite","floor":18.0,"turns":5.0},{"damage":23.0,"enemies":"2 Thieves","floor":19.0,"turns":4.0},{"damage":28.0,"enemies":"Centurion and Healer","floor":22.0,"turns":5.0},{"damage":35.0,"enemies":"Slavers","floor":24.0,"turns":3.0},{"damage":27.0,"enemies":"Gremlin Leader","floor":29.0,"turns":5.0},{"damage":21.0,"enemies":"Snecko","floor":31.0,"turns":5.0},{"damage":60.0,"enemies":"Champ","floor":33.0,"turns":7.0},{"damage":26.0,"enemies":"3 Darklings","floor":35.0,"turns":5.0},{"damage":23.0,"enemies":"Orb Walker","floor":38.0,"turns":3.0},{"damage":37.0,"enemies":"3 Darklings","floor":39.0,"turns":4.0},{"damage":27.0,"enemies":"Reptomancer","floor":40.0,"turns":8.0},{"damage":47.0,"enemies":"Nemesis","floor":42.0,"turns":6.0},{"damage":30,"enemies":"Maw","floor":45,"turns":7},{"damage":61,"enemies":"Giant Head","floor":47,"turns":6}],"seed_played":"3657300034827312825","potions_obtained":[{"floor":4.0,"key":"Explosive Potion"},{"floor":5.0,"key":"FearPotion"},{"floor":7.0,"key":"Ancient Potion"},{"floor":18.0,"key":"Explosive Potion"},{"floor":19.0,"key":"GamblersBrew"},{"floor":29.0,"key":"GamblersBrew"},{"floor":39.0,"key":"DuplicationPotion"}],"is_trial":false,"path_per_floor":["M","?","$","M","M","R","M","R","T","R","$","?","M","M","R","B",null,"M","M","?","?","M","R","E","R","T","R","$","E","R","M","R","B",null,"M","?","$","M","M","E","R","E","T","?","M","$","E"],"character_chosen":"THE_POKER_PLAYER","items_purchased":["Apotheosis","PokerPlayerMod:PendantOfEscape","PokerPlayerMod:CardBurn"],"campfire_rested":0,"item_purchase_floors":[0,11,28],"current_hp_per_floor":[40,29,29,29,36,36,25,25,32,32,32,32,37,33,33,40,59,37,29,29,29,29,29,33,33,33,33,33,44,44,46,46,9,73,66,66,66,61,39,46,46,26,26,26,30,30,0,0,0],"gold":171,"neow_bonus":"","is_daily":false,"chose_seed":false,"campfire_upgraded":10,"win_rate":0.0,"timestamp":1614263258,"path_taken":["M","?","$","M","M","R","M","R","T","R","$","?","M","?","R","BOSS","M","M","?","?","M","R","E","R","T","R","$","E","R","M","R","BOSS","M","?","$","M","?","E","R","E","T","?","M","$","E"],"items_purchased_type":["Card","Relic","Card"],"build_version":"2020-12-22","purchased_purges":4,"victory":false,"max_hp_per_floor":[52,52,52,52,52,52,52,52,59,59,59,59,59,59,59,59,59,59,59,59,59,59,59,59,59,59,59,59,73,73,73,73,73,73,73,73,73,73,73,73,73,73,73,73,73,73,73,73,73],"relic_stats":{"Dream Catcher":0,"counters":[39,158],"Bronze Scales":[156],"obtain_stats":[{"PokerPlayerMod:PendantOfEscape":11,"Eternal Feather":11,"Mango":29,"Incense Burner":6,"Bottled Tornado":23,"MawBank":27,"Empty Cage":34,"Ancient Tea Set":40,"PokerPlayerMod:BrokenClock":9,"PokerPlayerMod:FairLicense":23,"Sozu":34,"Runic Dome":17,"PokerPlayerMod:DeckCase":0,"Dream Catcher":26,"Anchor":42,"Strawberry":9,"Bronze Scales":21,"PokerPlayerMod:JackpotMachine":24,"Black Star":17,"PokerPlayerMod:ClubPass":27,"StrikeDummy":19,"PokerPlayerMod:Splitter":26},{"PokerPlayerMod:PendantOfEscape":22,"Eternal Feather":5,"Mango":30,"Incense Burner":3,"Bottled Tornado":10,"MawBank":12,"Empty Cage":32,"Ancient Tea Set":36,"PokerPlayerMod:BrokenClock":4,"PokerPlayerMod:FairLicense":10,"Sozu":15,"Runic Dome":25,"PokerPlayerMod:DeckCase":0,"Dream Catcher":29,"Anchor":37,"Strawberry":22,"Bronze Scales":27,"PokerPlayerMod:JackpotMachine":29,"Black Star":7,"PokerPlayerMod:ClubPass":12,"StrikeDummy":8,"PokerPlayerMod:Splitter":11},{"PokerPlayerMod:PendantOfEscape":70,"Eternal Feather":15,"Mango":107,"Incense Burner":11,"Bottled Tornado":34,"MawBank":42,"Empty Cage":119,"Ancient Tea Set":139,"PokerPlayerMod:BrokenClock":12,"PokerPlayerMod:FairLicense":34,"Sozu":52,"Runic Dome":85,"PokerPlayerMod:DeckCase":0,"Dream Catcher":102,"Anchor":145,"Strawberry":70,"Bronze Scales":94,"PokerPlayerMod:JackpotMachine":102,"Black Star":24,"PokerPlayerMod:ClubPass":42,"StrikeDummy":27,"PokerPlayerMod:Splitter":38}]},"card_choices":[{"not_picked":["PokerPlayerMod:Diamond3","PokerPlayerMod:SpadeStrike"],"picked":"PokerPlayerMod:CardPrinter","floor":1.0},{"not_picked":["PokerPlayerMod:Club3","PokerPlayerMod:Spade4","PokerPlayerMod:Club4"],"picked":"SKIP","floor":4.0},{"not_picked":["PokerPlayerMod:Extraction","PokerPlayerMod:Diamond2"],"picked":"PokerPlayerMod:FillThePot","floor":5.0},{"not_picked":["PokerPlayerMod:ClubStrike","PokerPlayerMod:CloakAndDiamond"],"picked":"PokerPlayerMod:Heart6","floor":7.0},{"not_picked":["PokerPlayerMod:JackOfSpades","PokerPlayerMod:Overdeal","PokerPlayerMod:Trickery"],"picked":"SKIP","floor":13.0},{"not_picked":["PokerPlayerMod:Diamond8","PokerPlayerMod:Diamond3","PokerPlayerMod:Spade4"],"picked":"SKIP","floor":14.0},{"not_picked":["PokerPlayerMod:Configure","PokerPlayerMod:Raise","PokerPlayerMod:SpadeStrike"],"picked":"SKIP","floor":18.0},{"not_picked":["PokerPlayerMod:Diamond1","PokerPlayerMod:ClubDance","PokerPlayerMod:FillThePot"],"picked":"SKIP","floor":19.0},{"not_picked":["PokerPlayerMod:HeartStrike","PokerPlayerMod:CardPrinter+1","PokerPlayerMod:Spade2"],"picked":"SKIP","floor":22.0},{"not_picked":["PokerPlayerMod:Fold","PokerPlayerMod:Club6","PokerPlayerMod:DamnStraight"],"picked":"SKIP","floor":24.0},{"not_picked":["PokerPlayerMod:Spade1","PokerPlayerMod:Diamond1","PokerPlayerMod:Spade4"],"picked":"SKIP","floor":29.0},{"not_picked":["PokerPlayerMod:Spade4","PokerPlayerMod:Club2","PokerPlayerMod:MagicTrick+1"],"picked":"SKIP","floor":31.0},{"not_picked":["PokerPlayerMod:Heart7","PokerPlayerMod:Diamond8"],"picked":"PokerPlayerMod:Heart10+","floor":33.0},{"not_picked":["PokerPlayerMod:Spade4","PokerPlayerMod:CardBurn+1","PokerPlayerMod:Diamond9"],"picked":"SKIP","floor":35.0},{"not_picked":["PokerPlayerMod:Manipulation+1","PokerPlayerMod:Diamond1","PokerPlayerMod:CloakAndDiamond"],"picked":"SKIP","floor":38.0},{"not_picked":["PokerPlayerMod:Fold","PokerPlayerMod:ClubStrike+1","PokerPlayerMod:MagicTrick+1"],"picked":"SKIP","floor":39.0},{"not_picked":["PokerPlayerMod:Spade2","PokerPlayerMod:Extraction","PokerPlayerMod:Diamond1"],"picked":"SKIP","floor":40.0},{"not_picked":["PokerPlayerMod:Club5","PokerPlayerMod:HotShotCut","PokerPlayerMod:CloakAndDiamond"],"picked":"SKIP","floor":42.0},{"not_picked":["PokerPlayerMod:Harden","PokerPlayerMod:CardBurn+1","PokerPlayerMod:Manipulation+1"],"picked":"SKIP","floor":45}],"player_experience":569390,"relics_obtained":[{"floor":9.0,"key":"Strawberry"},{"floor":24.0,"key":"PokerPlayerMod:JackpotMachine"},{"floor":26.0,"key":"Dream Catcher"},{"floor":29.0,"key":"Mango"},{"floor":40.0,"key":"Ancient Tea Set"},{"floor":42.0,"key":"Anchor"}],"event_choices":[{"damage_healed":0.0,"max_hp_gain":0.0,"max_hp_loss":0.0,"gold_gain":75.0,"event_name":"World of Goop","player_choice":"Gather Gold","floor":2.0,"gold_loss":0.0,"damage_taken":11.0},{"damage_healed":0.0,"max_hp_gain":0.0,"max_hp_loss":0.0,"gold_gain":100.0,"event_name":"Wheel of Change","player_choice":"Gold","floor":12.0,"gold_loss":0.0,"damage_taken":0.0},{"damage_healed":0.0,"max_hp_gain":0.0,"max_hp_loss":0.0,"gold_gain":0.0,"cards_transformed":["PokerPlayerMod:Spade1","PokerPlayerMod:Club2"],"event_name":"Drug Dealer","player_choice":"Became Test Subject","floor":20.0,"gold_loss":0.0,"damage_taken":0.0,"cards_obtained":["PokerPlayerMod:Heart8","PokerPlayerMod:Diamond8"]},{"damage_healed":0.0,"max_hp_gain":0.0,"max_hp_loss":0.0,"gold_gain":0.0,"event_name":"Addict","player_choice":"Obtained Relic","floor":21.0,"gold_loss":85.0,"damage_taken":0.0,"relics_obtained":["Bronze Scales"]},{"damage_healed":0.0,"max_hp_gain":0.0,"max_hp_loss":0.0,"gold_gain":0.0,"cards_transformed":["PokerPlayerMod:Spade3"],"event_name":"Transmorgrifier","player_choice":"Transformed","floor":36.0,"gold_loss":0.0,"damage_taken":0.0,"cards_obtained":["PokerPlayerMod:DiamondStrike"]},{"damage_healed":0,"gold_gain":0,"player_choice":"Memory 1","damage_taken":0,"max_hp_gain":0,"max_hp_loss":0,"event_name":"SensoryStone","floor":44,"gold_loss":0}],"is_beta":false,"boss_relics":[{"not_picked":["Black Star","Philosopher\u0027s Stone"],"picked":"Runic Dome"},{"not_picked":["SlaversCollar","Velvet Choker"],"picked":"Empty Cage"}],"items_purged_floors":[0,3,28,37],"is_endless":false,"potions_floor_spawned":[4,5,7,18,19,29,31,39,40,42],"killed_by":"Giant Head","ascension_level":3}}