{"host":"n2sr453jcjz6vvl4","time":1614222437,"event":{"mods":["BaseMod","Colored Map","Minty Spire (QoL Compilation)","Permanent Neow","Relic Stats","StSLib"],"gold_per_floor":[210,227,227,23,23,23,52,52,76,26,54,54,82,82,82,184,184,200,125,21,21,21,33,45,82,146,69,69,96,96,96],"floor_reached":30,"language":"ENG","playtime":4375,"items_purged":["Strike_R","Shame"],"score":331,"play_id":"3d4b75d1-7fbc-4b78-b0d4-fb20e93007ea","local_time":"20210224230717","is_ascension_mode":true,"campfire_choices":[{"data":"Anger","floor":6,"key":"SMITH"},{"data":"Bash","floor":8,"key":"SMITH"},{"floor":15,"key":"REST"},{"data":"Corruption","floor":23,"key":"SMITH"},{"data":"Dark Embrace","floor":28,"key":"SMITH"}],"circlet_count":0,"master_deck":["Strike_R+1","Strike_R+1","Defend_R","Defend_R","Defend_R","Defend_R","Bash+1","Anger+1","Carnage","Cleave","Headbutt","Battle Trance","Rampage","Corruption+1","Rage","Shrug It Off","Necronomicurse","Iron Wave","Dark Embrace+1"],"relics":["Burning Blood","Shuriken","Lantern","Nunchaku","Toy Ornithopter","Dream Catcher","Smiling Mask","Philosopher\u0027s Stone","Necronomicon","MawBank","Potion Belt","MealTicket","Blood Vial"],"acts_visited":["Exordium","TheCity"],"potions_floor_usage":[16],"damage_taken":[{"damage":1,"enemies":"Cultist","floor":1,"turns":3},{"damage":12,"enemies":"Jaw Worm","floor":2,"turns":2},{"damage":8,"enemies":"Gremlin Nob","floor":7,"turns":3},{"damage":20,"enemies":"3 Sentries","floor":11,"turns":5},{"damage":35,"enemies":"Lagavulin","floor":13,"turns":4},{"damage":57,"enemies":"The Guardian","floor":16,"turns":9},{"damage":15,"enemies":"Shell Parasite","floor":18,"turns":4},{"damage":28,"enemies":"Book of Stabbing","floor":25,"turns":4},{"damage":27,"enemies":"Slavers","floor":29,"turns":5},{"damage":31,"enemies":"3 Byrds","floor":30,"turns":2}],"seed_played":"-3108323010728533080","potions_obtained":[{"floor":2,"key":"Dexterity Potion"},{"floor":11,"key":"ElixirPotion"}],"is_trial":false,"path_per_floor":["M","M","T","$","?","R","E","R","T","?","E","$","E","?","R","B",null,"M","?","$","?","?","R","$","E","T","$","R","E","M"],"character_chosen":"IRONCLAD","items_purchased":["Lantern","Cleave","Shrug It Off","Dark Embrace"],"campfire_rested":1,"item_purchase_floors":[4,4,20,27],"current_hp_per_floor":[80,74,74,74,58,58,56,56,56,56,42,42,13,39,63,17,80,71,71,71,55,55,55,55,33,33,48,48,27,0,0],"gold":96,"neow_bonus":"HUNDRED_GOLD","is_daily":false,"chose_seed":false,"campfire_upgraded":4,"win_rate":0.0,"timestamp":1614222437,"path_taken":["M","M","?","$","?","R","E","R","T","?","E","$","E","?","R","BOSS","M","?","$","?","?","R","$","E","T","$","R","E","M"],"items_purchased_type":["Relic","Card","Card","Card"],"build_version":"2020-12-22","purchased_purges":2,"victory":false,"max_hp_per_floor":[80,80,80,80,80,80,80,80,80,80,80,80,80,80,80,80,80,80,80,80,80,80,80,80,80,80,80,80,80,80,80],"relic_stats":{"Blood Vial":2,"Nunchaku":[8],"Dream Catcher":1,"counters":[10,41],"Shuriken":[17],"MealTicket":15,"Necronomicon":[4],"Smiling Mask":75,"MawBank":60,"obtain_stats":[{"Potion Belt":25,"Lantern":4,"Smiling Mask":13,"MawBank":22,"Burning Blood":0,"Blood Vial":29,"Nunchaku":7,"Dream Catcher":11,"Shuriken":3,"Philosopher\u0027s Stone":17,"MealTicket":26,"Necronomicon":21,"Toy Ornithopter":9},{"Potion Belt":8,"Lantern":2,"Smiling Mask":5,"MawBank":7,"Burning Blood":0,"Blood Vial":9,"Nunchaku":3,"Dream Catcher":4,"Shuriken":2,"Philosopher\u0027s Stone":6,"MealTicket":8,"Necronomicon":7,"Toy Ornithopter":3},{"Potion Belt":34,"Lantern":5,"Smiling Mask":17,"MawBank":30,"Burning Blood":0,"Blood Vial":39,"Nunchaku":8,"Dream Catcher":13,"Shuriken":5,"Philosopher\u0027s Stone":26,"MealTicket":34,"Necronomicon":30,"Toy Ornithopter":8}],"Burning Blood":49,"Toy Ornithopter":5},"card_choices":[{"not_picked":["Havoc","Dual Wield"],"picked":"Anger","floor":1},{"not_picked":["Warcry","Disarm"],"picked":"Carnage","floor":2},{"not_picked":["Offering","Body Slam","Cleave"],"picked":"SKIP","floor":7},{"not_picked":["Shockwave","Hemokinesis"],"picked":"Headbutt","floor":11},{"not_picked":["Havoc","Entrench"],"picked":"Battle Trance","floor":13},{"not_picked":["Sword Boomerang","Flex"],"picked":"Rampage","floor":15},{"not_picked":["Brutality","Impervious"],"picked":"Corruption","floor":16},{"not_picked":["Body Slam","Wild Strike"],"picked":"Rage","floor":18},{"not_picked":["True Grit","Rage"],"picked":"Iron Wave","floor":25},{"not_picked":["Rupture+1","Clash","Blood for Blood"],"picked":"SKIP","floor":29}],"player_experience":245353,"relics_obtained":[{"floor":3,"key":"Shuriken"},{"floor":7,"key":"Nunchaku"},{"floor":9,"key":"Toy Ornithopter"},{"floor":11,"key":"Dream Catcher"},{"floor":13,"key":"Smiling Mask"},{"floor":21,"key":"Necronomicon"},{"floor":25,"key":"Potion Belt"},{"floor":26,"key":"MealTicket"},{"floor":29,"key":"Blood Vial"}],"event_choices":[{"damage_healed":0,"gold_gain":0,"player_choice":"Entered Light","damage_taken":16,"max_hp_gain":0,"max_hp_loss":0,"event_name":"Shining Light","floor":5,"gold_loss":0,"cards_upgraded":["Strike_R","Strike_R"]},{"cards_removed":["Strike_R"],"damage_healed":0,"gold_gain":0,"player_choice":"Card Removal","damage_taken":0,"max_hp_gain":0,"max_hp_loss":0,"event_name":"The Cleric","floor":10,"gold_loss":50},{"damage_healed":26,"gold_gain":0,"player_choice":"Banana","damage_taken":0,"max_hp_gain":0,"max_hp_loss":0,"event_name":"Big Fish","floor":14,"gold_loss":0},{"cards_removed":["Strike_R"],"damage_healed":0,"gold_gain":0,"player_choice":"Gave Gold","damage_taken":0,"max_hp_gain":0,"max_hp_loss":0,"event_name":"Beggar","floor":19,"gold_loss":75},{"damage_healed":0,"gold_gain":0,"player_choice":"Obtained Book","damage_taken":16,"max_hp_gain":0,"max_hp_loss":0,"event_name":"Cursed Tome","floor":21,"gold_loss":0},{"damage_healed":0,"gold_gain":0,"player_choice":"Stole Relic","damage_taken":0,"relics_obtained":["MawBank"],"max_hp_gain":0,"max_hp_loss":0,"event_name":"Addict","floor":22,"gold_loss":0,"cards_obtained":["Shame"]}],"is_beta":false,"boss_relics":[{"not_picked":["Runic Dome","Coffee Dripper"],"picked":"Philosopher\u0027s Stone"}],"items_purged_floors":[20,27],"is_endless":false,"potions_floor_spawned":[2,11],"killed_by":"3 Byrds","ascension_level":4}}