{"host":"otq8dfq4j7e4v22n","time":1614262523,"event":{"mods":["BaseMod","Bestiary","Better Third Choice","Curses Come First","Marisa????????","Minty Spire (QoL Compilation)","Permanent Neow","Relic Stats","StSLib","Transform Curses"],"gold_per_floor":[112,128,128,147,25,51,63,63,145,159,159,171,184,216,216,313,313,326,150,168,183,0,0,0,31,31,31,57,67,94,111,111,210,210,223,234,109,159,179,206,206,219,269,319,337,337,137,165,165,165,165,165,15,49,49,49],"floor_reached":55,"language":"ENG","playtime":5572,"items_purged":["Strike_MRS","Strike_MRS","OneTimeOff","Strike_MRS"],"score":919,"play_id":"f04af5b3-5f18-462c-9511-cd4d2144bed0","local_time":"20210225081522","is_ascension_mode":true,"campfire_choices":[{"floor":8.0,"key":"REST"},{"floor":11.0,"key":"REST"},{"floor":15.0,"key":"REST"},{"floor":23.0,"key":"REST"},{"floor":27.0,"key":"REST"},{"floor":32.0,"key":"REST"},{"data":"MillisecondPulsars","floor":41.0,"key":"SMITH"},{"floor":49.0,"key":"RECALL"},{"data":"Thinking Ahead","floor":52.0,"key":"SMITH"}],"circlet_count":0,"master_deck":["Defend_MRS+1","Defend_MRS+1","Defend_MRS+1","Defend_MRS+1","MasterSpark+1","UpSweep+1","BlazingStar+1","GrandCross+1","ShootTheMoon+1","6A+1","MillisecondPulsars+1","GasGiant+1","MilkyWay+1","EventHorizon+1","WitchLeyline+1","FairyDestructionRay+1","GrandCross+1","Acceleration+1","MaximisePower+1","OrrerysSun+1","ShootingEcho+1","DragonMeteor+1","AsteroidBelt+1","BlazingStar+1","MagicAbsorber+1","Thinking Ahead+1","Acceleration+1","MilkyWay+1","ShootingEcho+1"],"relics":["MiniHakkero","Ice Cream","Omamori","SlaversCollar","Sundial","HandmadeGrimoire","Happy Flower","Pen Nib","ExperimentalFamiliar","Lizard Tail","Gambling Chip","Dream Catcher","CatCart","Oddly Smooth Stone","Kunai","Bloody Idol","Strawberry","Mark of the Bloom"],"acts_visited":["Exordium","TheCity","TheBeyond","TheEnding"],"potions_floor_usage":[],"damage_taken":[{"damage":0.0,"enemies":"Cultist","floor":1.0,"turns":2.0},{"damage":0.0,"enemies":"2 Louse","floor":2.0,"turns":2.0},{"damage":7.0,"enemies":"Jaw Worm","floor":4.0,"turns":2.0},{"damage":23.0,"enemies":"Lagavulin","floor":6.0,"turns":7.0},{"damage":6.0,"enemies":"Looter","floor":7.0,"turns":2.0},{"damage":6.0,"enemies":"2 Fungi Beasts","floor":10.0,"turns":3.0},{"damage":3.0,"enemies":"Exordium Thugs","floor":12.0,"turns":5.0},{"damage":7.0,"enemies":"Looter","floor":13.0,"turns":3.0},{"damage":25.0,"enemies":"3 Sentries","floor":14.0,"turns":7.0},{"damage":32.0,"enemies":"The Guardian","floor":16.0,"turns":9.0},{"damage":33.0,"enemies":"3 Byrds","floor":18.0,"turns":7.0},{"damage":0.0,"enemies":"Shell Parasite","floor":20.0,"turns":3.0},{"damage":40.0,"enemies":"Snake Plant","floor":21.0,"turns":6.0},{"damage":69.0,"enemies":"Book of Stabbing","floor":25.0,"turns":7.0},{"damage":0.0,"enemies":"Gremlin Leader","floor":28.0,"turns":5.0},{"damage":2.0,"enemies":"Chosen and Byrds","floor":29.0,"turns":4.0},{"damage":13.0,"enemies":"Book of Stabbing","floor":30.0,"turns":3.0},{"damage":11.0,"enemies":"Centurion and Healer","floor":31.0,"turns":6.0},{"damage":16.0,"enemies":"Collector","floor":33.0,"turns":4.0},{"damage":3.0,"enemies":"Orb Walker","floor":35.0,"turns":2.0},{"damage":6.0,"enemies":"3 Shapes","floor":36.0,"turns":3.0},{"damage":28.0,"enemies":"Mind Bloom Boss Battle","floor":38.0,"turns":5.0},{"damage":18.0,"enemies":"Spire Growth","floor":39.0,"turns":3.0},{"damage":33.0,"enemies":"Nemesis","floor":40.0,"turns":5.0},{"damage":26.0,"enemies":"Maw","floor":42.0,"turns":5.0},{"damage":5.0,"enemies":"Orin","floor":44.0,"turns":8.0},{"damage":23.0,"enemies":"4 Shapes","floor":45.0,"turns":3.0},{"damage":33.0,"enemies":"Reptomancer","floor":48.0,"turns":5.0},{"damage":16.0,"enemies":"Donu and Deca","floor":50.0,"turns":6.0},{"damage":6.0,"enemies":"Shield and Spear","floor":54.0,"turns":3.0},{"damage":81,"enemies":"The Heart","floor":55,"turns":6}],"seed_played":"-1944854357601325485","potions_obtained":[{"floor":4.0,"key":"SkillPotion"},{"floor":6.0,"key":"CultistPotion"},{"floor":12.0,"key":"BottledSpark"},{"floor":13.0,"key":"Block Potion"},{"floor":21.0,"key":"Explosive Potion"},{"floor":25.0,"key":"DuplicationPotion"},{"floor":28.0,"key":"Strength Potion"},{"floor":30.0,"key":"CultistPotion"},{"floor":31.0,"key":"EssenceOfSteel"},{"floor":33.0,"key":"StarNLove"},{"floor":39.0,"key":"SteroidPotion"},{"floor":42.0,"key":"Energy Potion"},{"floor":48.0,"key":"AttackPotion"},{"floor":54,"key":"Explosive Potion"}],"is_trial":false,"path_per_floor":["M","M","?","M","$","E","M","R","T","M","R","M","M","E","R","B",null,"M","$","M","M","?","R","?","E","T","R","E","M","E","M","R","B",null,"M","M","$","?","M","E","R","M","T","?","M","?","$","E","R","B",null,"R","$","E","B"],"character_chosen":"MARISA","items_purchased":["6A","EventHorizon","Acceleration","PowerPotion","Explosive Potion","Fire Potion"],"campfire_rested":6,"item_purchase_floors":[5,19,47,53,53,53],"current_hp_per_floor":[54,54,54,47,47,24,18,40,40,34,56,53,46,21,43,11,75,42,42,42,2,2,24,24,29,29,51,51,49,36,25,47,31,75,72,66,66,38,20,37,37,11,11,6,56,56,56,23,23,7,75,75,75,81,0,0],"gold":49,"neow_bonus":"THREE_RARE_CARDS","is_daily":false,"chose_seed":false,"campfire_upgraded":2,"win_rate":0.0,"timestamp":1614262522,"path_taken":["M","M","?","M","?","E","M","R","T","?","R","M","M","E","R","BOSS","M","$","M","M","?","R","?","E","T","R","E","M","E","M","R","BOSS","M","M","$","?","M","E","R","M","T","?","M","?","$","E","R","BOSS","R","$","E","BOSS"],"items_purchased_type":["Card","Card","Card","Potion","Potion","Potion"],"build_version":"2020-12-22","purchased_purges":4,"victory":false,"max_hp_per_floor":[75,75,75,75,75,75,75,75,75,75,75,75,75,75,75,75,75,75,75,75,75,75,75,75,75,75,75,75,75,75,75,75,75,75,75,75,75,75,75,75,75,75,75,75,75,75,75,75,75,75,75,75,75,82,82,82],"relic_stats":{"Lizard Tail":37,"Dream Catcher":0,"Mark of the Bloom":0,"Happy Flower":[23],"counters":[31,141],"Sundial":[6],"Gambling Chip":[13],"Bloody Idol":5,"Pen Nib":[23],"Kunai":[8],"obtain_stats":[{"Ice Cream":6,"Mark of the Bloom":54,"Happy Flower":28,"Golden Idol":53,"Blue Candle":40,"Oddly Smooth Stone":48,"Pen Nib":30,"Omamori":14,"SlaversCollar":17,"Lizard Tail":38,"Dream Catcher":43,"ExperimentalFamiliar":34,"Sundial":25,"Gambling Chip":40,"Bloody Idol":53,"Strawberry":54,"HandmadeGrimoire":26,"MiniHakkero":0,"Kunai":53,"CatCart":44},{"Ice Cream":4,"Mark of the Bloom":30,"Happy Flower":15,"Golden Idol":29,"Blue Candle":24,"Oddly Smooth Stone":28,"Pen Nib":17,"Omamori":9,"SlaversCollar":10,"Lizard Tail":22,"Dream Catcher":25,"ExperimentalFamiliar":19,"Sundial":14,"Gambling Chip":24,"Bloody Idol":29,"Strawberry":30,"HandmadeGrimoire":14,"MiniHakkero":0,"Kunai":29,"CatCart":26},{"Ice Cream":13,"Mark of the Bloom":135,"Happy Flower":70,"Golden Idol":132,"Blue Candle":101,"Oddly Smooth Stone":126,"Pen Nib":77,"Omamori":33,"SlaversCollar":42,"Lizard Tail":97,"Dream Catcher":110,"ExperimentalFamiliar":87,"Sundial":65,"Gambling Chip":105,"Bloody Idol":132,"Strawberry":135,"HandmadeGrimoire":65,"MiniHakkero":0,"Kunai":132,"CatCart":118}]},"card_choices":[{"not_picked":["CollectingQuirk","SatelliteIllusion"],"picked":"BlazingStar","floor":0.0},{"not_picked":["PowerUp","WitchOfGreed","StarlightTyphoon"],"picked":"SKIP","floor":1.0},{"not_picked":["AlicesGift","Occultation"],"picked":"GrandCross","floor":2.0},{"not_picked":["WitchLeyline","PowerUp"],"picked":"ShootTheMoon","floor":4.0},{"not_picked":["AlicesGift","MysteriousBeam","GalacticHalo"],"picked":"SKIP","floor":6.0},{"not_picked":["OortCloud","DarkSpark"],"picked":"OneTimeOff","floor":7.0},{"not_picked":["ChargeUpSpray","PowerUp","GalacticHalo"],"picked":"SKIP","floor":10.0},{"not_picked":["WitchLeyline","ShootingEcho"],"picked":"MillisecondPulsars","floor":12.0},{"not_picked":["GalacticHalo","LuminesStrike","WitchOfGreed"],"picked":"SKIP","floor":13.0},{"not_picked":["FairyDestructionRay","GravityBeat"],"picked":"GasGiant","floor":14.0},{"not_picked":["PowerUp","GalacticHalo"],"picked":"MilkyWay","floor":18.0},{"not_picked":["PropBag+1","Singularity"],"picked":"WitchLeyline","floor":20.0},{"not_picked":["IllusionStar","LuminesStrike"],"picked":"FairyDestructionRay","floor":21.0},{"not_picked":["StarBarrage","MachineGunSpark+1","MagicChant"],"picked":"SKIP","floor":25.0},{"not_picked":["NonDirectionalLaser","DC+1"],"picked":"GrandCross","floor":28.0},{"not_picked":["TreasureHunter","NonDirectionalLaser+1","GravityBeat"],"picked":"SKIP","floor":29.0},{"not_picked":["LuminesStrike+1","6A"],"picked":"Acceleration+1","floor":30.0},{"not_picked":["WitchLeyline","NonDirectionalLaser","SprinkleStarSeal"],"picked":"SKIP","floor":31.0},{"not_picked":["BlazingStar","MillisecondPulsars"],"picked":"MaximisePower","floor":33.0},{"not_picked":["UnstableBomb+1","SporeBomb"],"picked":"OrrerysSun","floor":35.0},{"not_picked":["LuminesStrike+1","ChargeUpSpray+1","SprinkleStarSeal"],"picked":"SKIP","floor":36.0},{"not_picked":["MilkyWay","UnstableBomb"],"picked":"ShootingEcho+1","floor":38.0},{"not_picked":["GalacticHalo","6A+1"],"picked":"DragonMeteor+1","floor":39.0},{"not_picked":["Occultation+1","EnergyRecoil"],"picked":"AsteroidBelt","floor":40.0},{"not_picked":["DarkSpark","GalacticHalo+1","LuminesStrike"],"picked":"SKIP","floor":42.0},{"not_picked":["EnergyFlow+1","NonDirectionalLaser+1"],"picked":"BlazingStar","floor":44.0},{"not_picked":["Occultation+1","6A"],"picked":"MagicAbsorber","floor":45.0},{"not_picked":["Metamorphosis","Discovery"],"picked":"Thinking Ahead","floor":46.0},{"not_picked":["TreasureHunter","StarlightTyphoon+1"],"picked":"MilkyWay","floor":48.0},{"not_picked":["MysteriousBeam","WitchLeyline"],"picked":"ShootingEcho+1","floor":54}],"player_experience":150181,"relics_obtained":[{"floor":6.0,"key":"Ice Cream"},{"floor":14.0,"key":"Omamori"},{"floor":25.0,"key":"Sundial"},{"floor":26.0,"key":"HandmadeGrimoire"},{"floor":28.0,"key":"Happy Flower"},{"floor":30.0,"key":"Pen Nib"},{"floor":38.0,"key":"Lizard Tail"},{"floor":40.0,"key":"Gambling Chip"},{"floor":43.0,"key":"Dream Catcher"},{"floor":44.0,"key":"CatCart"},{"floor":48.0,"key":"Oddly Smooth Stone"},{"floor":54,"key":"Strawberry"}],"event_choices":[{"damage_healed":0.0,"max_hp_gain":0.0,"max_hp_loss":0.0,"gold_gain":0.0,"event_name":"The Woman in Blue","player_choice":"Bought 0 Potions","floor":3.0,"gold_loss":0.0,"damage_taken":0.0},{"damage_healed":0.0,"max_hp_gain":0.0,"max_hp_loss":0.0,"gold_gain":0.0,"event_name":"Masked Bandits","player_choice":"Paid Fearfully","floor":22.0,"gold_loss":183.0,"damage_taken":0.0},{"damage_healed":0.0,"max_hp_gain":0.0,"max_hp_loss":0.0,"gold_gain":0.0,"event_name":"MindBloom","player_choice":"Fight","floor":38.0,"gold_loss":0.0,"damage_taken":0.0},{"damage_healed":0.0,"max_hp_gain":0.0,"max_hp_loss":0.0,"gold_gain":0.0,"event_name":"OrinTheCat","player_choice":"Fight","floor":44.0,"gold_loss":0.0,"damage_taken":0.0},{"damage_healed":0.0,"max_hp_gain":0.0,"max_hp_loss":0.0,"gold_gain":0.0,"event_name":"SensoryStone","player_choice":"Memory 1","floor":46.0,"gold_loss":0.0,"damage_taken":0.0},{"damage_healed":0.0,"max_hp_gain":0.0,"max_hp_loss":0.0,"gold_gain":0.0,"event_name":"WeMeetAgain","player_choice":"Gave Potion","floor":53.0,"gold_loss":0.0,"damage_taken":0.0,"relics_obtained":["Kunai"]},{"cards_removed":[],"damage_healed":0.0,"max_hp_gain":0.0,"max_hp_loss":0.0,"gold_gain":0.0,"event_name":"Fountain of Cleansing","player_choice":"Removed Curses","floor":53.0,"gold_loss":0.0,"damage_taken":0.0},{"damage_healed":0.0,"max_hp_gain":0.0,"max_hp_loss":0.0,"gold_gain":0.0,"event_name":"Forgotten Altar","player_choice":"Gave Idol","floor":53.0,"relics_lost":["Golden Idol"],"gold_loss":0.0,"damage_taken":0.0,"relics_obtained":["Bloody Idol"]},{"damage_healed":0.0,"max_hp_gain":0.0,"max_hp_loss":0.0,"gold_gain":0.0,"event_name":"Accursed Blacksmith","player_choice":"Forge","floor":53.0,"gold_loss":0.0,"damage_taken":0.0,"cards_upgraded":["EventHorizon"]},{"cards_removed":["Strike_MRS"],"damage_healed":0,"gold_gain":0,"player_choice":"Purged","damage_taken":0,"max_hp_gain":0,"max_hp_loss":0,"event_name":"Purifier","floor":54,"gold_loss":0},{"damage_healed":0,"gold_gain":0,"player_choice":"Upgrade","damage_taken":0,"relics_obtained":["Mark of the Bloom"],"max_hp_gain":0,"max_hp_loss":0,"event_name":"MindBloom","floor":54,"gold_loss":0,"cards_upgraded":["Defend_MRS","Defend_MRS","Defend_MRS","Defend_MRS","MasterSpark","UpSweep","BlazingStar","GrandCross","ShootTheMoon","6A","GasGiant","MilkyWay","WitchLeyline","FairyDestructionRay","GrandCross","MaximisePower","OrrerysSun","AsteroidBelt","BlazingStar","MagicAbsorber","Acceleration","MilkyWay"]}],"is_beta":false,"boss_relics":[{"not_picked":["Tiny House","Busted Crown"],"picked":"SlaversCollar"},{"not_picked":["Sozu","Philosopher\u0027s Stone"],"picked":"ExperimentalFamiliar"}],"items_purged_floors":[5,19,37,47],"is_endless":false,"potions_floor_spawned":[4,6,12,13,21,25,28,30,31,33,39,42,48,54],"killed_by":"The Heart","ascension_level":3}}