{"host":"njruw0b0uprlitpx","time":1614270541,"event":{"mods":["2.2 Compatiblity","Bartender","BaseMod","Better Altar","Better Match","Better Note","Better Sensory Stone","Better Skull","Better Third Choice","BetterRewards","Block Reminder","Colored Map","Colored Powertips","Curses Come First","Energized Spire","Jedi Mod","Keyboard Shortcuts","Minty Spire (QoL Compilation)","Quick Restart","Rare Cards Sparkle","Relic Stats","Replay The Spire","SacredBarkPlus","Spicy Shops","StSLib","SuperFastMode","The Blackbeard","The Mystic"],"gold_per_floor":[114,129,129,129,129,167,186,186,186,186,205,205,224,37,37,162,162,181,181],"floor_reached":18,"language":"ENG","playtime":1358,"items_purged":[],"score":262,"play_id":"d7d09bc1-90b6-4e99-a6b5-60f8a6fbd70a","local_time":"20210225102901","daily_mods":["Insanity","Time Dilation","Night Terrors"],"is_ascension_mode":false,"campfire_choices":[{"data":"Rope_A_Dope","floor":8,"key":"SMITH"},{"data":"Power_Up_Punch","floor":10,"key":"SMITH"},{"data":"Spirits_Within","floor":12,"key":"SMITH"},{"data":"Bitters","floor":15,"key":"SMITH"}],"circlet_count":0,"master_deck":["Scoop","Free_Pour","Scoop","Stick_and_Move","Bitters","Pony_Shot","Scoop","Perfect_Balance","Raptor_Form+1","Dart","Bitters","ThreeSidedStar","Rising_Crane","Free_Pour","Bouncer","Meteodrive","Cross","Snap_Punch","Power_Up_Punch+1","Ripple","Bitters","Greased_Lightning","Stick_and_Move","Rising_Crane","Sucker_Punch","Insight_B","With_A_Twist","With_A_Twist","Cross","Feint","ThreeSidedStar","Feint","Ripple","Sucker_Punch","Step_Of_The_Wind","Wall_of_Ice","Step_Of_The_Wind","Elbow_Slash","Perfect_Balance","Meteodrive","Bloodbath_Bartender","Cross","Press_Forward","Scoop","Dancing_Jab","Wall_of_Ice","Scowl","Rope_A_Dope+1","Elbow_Slash","With_A_Twist","Free_Pour","Injury","Hook","Ball_Of_Ice","Spirits_Within+1","Ball_Of_Ice","Bitters+1","Beat_Rush"],"relics":["Sneakers","Golden Idol","Pantograph","Lizard Tail","Sundial","Replay:Rubber Ducky","energizedSpire:OgreHead"],"acts_visited":["Exordium","TheCity"],"potions_floor_usage":[16],"damage_taken":[{"damage":0,"enemies":"2 Louse","floor":1,"turns":1},{"damage":0,"enemies":"Small Slimes","floor":2,"turns":1},{"damage":4,"enemies":"3 Sentries","floor":6,"turns":6},{"damage":0,"enemies":"Jaw Worm","floor":7,"turns":2},{"damage":12,"enemies":"Large Slime","floor":11,"turns":3},{"damage":8,"enemies":"2 Fungi Beasts","floor":13,"turns":2},{"damage":1,"enemies":"Slime Boss","floor":16,"turns":4},{"damage":0,"enemies":"3 Byrds","floor":18,"turns":3}],"seed_played":"3523290589944034342","potions_obtained":[{"floor":2,"key":"DuplicationPotion"},{"floor":11,"key":"AttackPotion"}],"is_trial":false,"path_per_floor":["M","M","?","?","T","E","M","R","T","R","M","R","M","$","R","B",null,"M"],"character_chosen":"BARTENDER","items_purchased":["Replay:Rubber Ducky","Bitters"],"campfire_rested":0,"item_purchase_floors":[14,14],"current_hp_per_floor":[70,70,70,70,70,66,66,66,66,66,54,54,46,46,46,69,70,70,70],"gold":181,"neow_bonus":"","is_daily":true,"chose_seed":false,"campfire_upgraded":4,"win_rate":0.0,"timestamp":1614270541,"path_taken":["M","M","?","?","?","E","?","R","T","R","M","R","M","$","R","BOSS","M"],"items_purchased_type":["Relic","Card"],"build_version":"2020-12-22","purchased_purges":0,"victory":false,"max_hp_per_floor":[70,70,70,70,70,70,70,70,70,70,70,70,70,70,70,70,70,70,70],"relic_stats":{"Lizard Tail":0,"counters":[8,22],"Golden Idol":49,"Sundial":[0],"Pantograph":24,"obtain_stats":[{"Lizard Tail":6,"Sneakers":0,"Golden Idol":4,"Sundial":9,"Pantograph":5,"energizedSpire:OgreHead":17,"Replay:Rubber Ducky":14},{"Lizard Tail":3,"Sneakers":0,"Golden Idol":2,"Sundial":4,"Pantograph":2,"energizedSpire:OgreHead":7,"Replay:Rubber Ducky":6},{"Lizard Tail":8,"Sneakers":0,"Golden Idol":2,"Sundial":10,"Pantograph":2,"energizedSpire:OgreHead":19,"Replay:Rubber Ducky":15}]},"card_choices":[{"not_picked":["Elbow_Slash","Feint","Foot_Thrust"],"picked":"SKIP","floor":1},{"not_picked":["Bitters","Snap_Punch"],"picked":"Free_Pour","floor":2},{"not_picked":["Pony_Shot","Scoop"],"picked":"Hook","floor":6},{"not_picked":["Cross","Step_Of_The_Wind"],"picked":"Ball_Of_Ice","floor":7},{"not_picked":["Ripple","Well_Drinks"],"picked":"Spirits_Within","floor":11},{"not_picked":["Sucker_Punch","Scoop"],"picked":"Ball_Of_Ice","floor":13},{"not_picked":["Top_Shelf","Butterfly_Float"],"picked":"Beat_Rush","floor":16}],"player_experience":1393897,"relics_obtained":[{"floor":5,"key":"Pantograph"},{"floor":6,"key":"Lizard Tail"},{"floor":9,"key":"Sundial"}],"event_choices":[{"damage_healed":0,"gold_gain":0,"player_choice":"Grow","damage_taken":0,"max_hp_gain":0,"max_hp_loss":0,"event_name":"Living Wall","floor":3,"gold_loss":0,"cards_upgraded":["Raptor_Form"]},{"damage_healed":0,"gold_gain":0,"player_choice":"Take Wound","damage_taken":0,"relics_obtained":["Golden Idol"],"max_hp_gain":0,"max_hp_loss":0,"event_name":"Golden Idol","floor":4,"gold_loss":0,"cards_obtained":["Injury"]}],"is_beta":false,"boss_relics":[{"not_picked":["Runic Pyramid","Replay:Drink Me"],"picked":"energizedSpire:OgreHead"}],"items_purged_floors":[],"is_endless":false,"potions_floor_spawned":[2,11],"killed_by":"3 Byrds","ascension_level":0}}