{"host":"13o02hya6v6rzuva","time":1614248759,"event":{"mods":["BaseMod","Minty Spire (QoL Compilation)","Relic Stats"],"gold_per_floor":[116,128,128,138,155,155,184,197,197,197,72,72,72,85,85,186,186,198,212,66,66,66,66,82,82,108,108,108],"floor_reached":27,"language":"ENG","playtime":688,"items_purged":[],"score":341,"play_id":"31aa0baa-d683-485b-8c14-7c2e843314c5","local_time":"20210225112559","is_ascension_mode":true,"campfire_choices":[{"data":"Defragment","floor":6,"key":"SMITH"},{"floor":10,"key":"REST"},{"data":"Zap","floor":13,"key":"SMITH"},{"data":"White Noise","floor":15,"key":"SMITH"},{"floor":23,"key":"REST"}],"circlet_count":0,"master_deck":["AscendersBane","Strike_B","Strike_B","Strike_B","Strike_B","Defend_B","Defend_B","Defend_B","Defend_B","Zap+1","Dualcast","Ball Lightning","Loop","Defragment+1","Cold Snap","Hyperbeam","Defragment+1","Coolheaded","White Noise+1","Echo Form","Defragment+1","Glacier","Static Discharge"],"relics":["Cracked Core","NeowsBlessing","InkBottle","Emotion Chip","Fusion Hammer","Runic Capacitor","DataDisk"],"acts_visited":["Exordium","TheCity"],"potions_floor_usage":[7,18,27],"damage_taken":[{"damage":0,"enemies":"Small Slimes","floor":1,"turns":1},{"damage":0,"enemies":"Cultist","floor":2,"turns":1},{"damage":0,"enemies":"Jaw Worm","floor":4,"turns":1},{"damage":16,"enemies":"Blue Slaver","floor":5,"turns":3},{"damage":22,"enemies":"3 Sentries","floor":7,"turns":4},{"damage":3,"enemies":"Large Slime","floor":8,"turns":5},{"damage":6,"enemies":"Looter","floor":14,"turns":2},{"damage":14,"enemies":"The Guardian","floor":16,"turns":8},{"damage":22,"enemies":"2 Thieves","floor":18,"turns":3},{"damage":0,"enemies":"Spheric Guardian","floor":19,"turns":3},{"damage":28,"enemies":"Centurion and Healer","floor":24,"turns":7},{"damage":38,"enemies":"Snake Plant","floor":27,"turns":2}],"seed_played":"-3776564251836972988","potions_obtained":[{"floor":2,"key":"LiquidBronze"},{"floor":5,"key":"ColorlessPotion"},{"floor":8,"key":"Block Potion"},{"floor":19,"key":"SteroidPotion"}],"is_trial":false,"path_per_floor":["M","M","?","M","M","R","E","M","T","R","$","?","R","M","R","B",null,"M","M","$","$","?","R","M","$","T","M"],"character_chosen":"DEFECT","items_purchased":["Defragment","Coolheaded","Runic Capacitor"],"campfire_rested":2,"item_purchase_floors":[11,11,20],"current_hp_per_floor":[68,68,68,68,52,52,30,27,27,49,49,49,49,43,43,29,64,42,42,42,42,42,64,36,36,36,0,0],"gold":108,"neow_bonus":"THREE_ENEMY_KILL","is_daily":false,"chose_seed":false,"campfire_upgraded":3,"win_rate":0.0,"timestamp":1614248759,"path_taken":["M","M","?","M","M","R","E","?","T","R","$","?","R","M","R","BOSS","M","M","?","$","?","R","M","$","T","M"],"items_purchased_type":["Card","Card","Relic"],"build_version":"2020-12-22","purchased_purges":0,"victory":false,"max_hp_per_floor":[75,75,75,75,75,75,75,75,75,75,75,75,75,75,75,75,75,75,75,75,75,75,75,75,75,75,75,75],"relic_stats":{"Emotion Chip":[18,13,5,0,0],"counters":[12,40],"obtain_stats":[{"Emotion Chip":9,"DataDisk":26,"NeowsBlessing":0,"Fusion Hammer":17,"Runic Capacitor":20,"Cracked Core":0,"InkBottle":7},{"Emotion Chip":6,"DataDisk":11,"NeowsBlessing":0,"Fusion Hammer":8,"Runic Capacitor":10,"Cracked Core":0,"InkBottle":5},{"Emotion Chip":15,"DataDisk":38,"NeowsBlessing":0,"Fusion Hammer":25,"Runic Capacitor":31,"Cracked Core":0,"InkBottle":10}],"InkBottle":[11]},"card_choices":[{"not_picked":["Go for the Eyes","Stack"],"picked":"Ball Lightning","floor":1},{"not_picked":["Redo","Compile Driver"],"picked":"Loop","floor":2},{"not_picked":["Rip and Tear","Redo"],"picked":"Defragment","floor":4},{"not_picked":["Compile Driver","Aggregate"],"picked":"Cold Snap","floor":5},{"not_picked":["Rebound","Scrape","Barrage"],"picked":"SKIP","floor":7},{"not_picked":["Heatsinks","Leap"],"picked":"Hyperbeam","floor":8},{"not_picked":["Consume","Lockon"],"picked":"White Noise","floor":14},{"not_picked":["Fission","All For One"],"picked":"Echo Form","floor":16},{"not_picked":["Gash+1","Leap"],"picked":"Defragment+1","floor":18},{"not_picked":["Hologram","Sunder"],"picked":"Glacier","floor":19},{"not_picked":["Streamline","Leap"],"picked":"Static Discharge","floor":24}],"player_experience":1270881,"relics_obtained":[{"floor":7,"key":"InkBottle"},{"floor":9,"key":"Emotion Chip"},{"floor":26,"key":"DataDisk"}],"event_choices":[{"damage_healed":0,"gold_gain":0,"player_choice":"Bought 0 Potions","damage_taken":0,"max_hp_gain":0,"max_hp_loss":0,"event_name":"The Woman in Blue","floor":3,"gold_loss":0},{"damage_healed":0,"gold_gain":0,"player_choice":"Upgraded","damage_taken":0,"max_hp_gain":0,"max_hp_loss":0,"event_name":"Upgrade Shrine","floor":12,"gold_loss":0,"cards_upgraded":["Defragment"]},{"damage_healed":0,"gold_gain":0,"player_choice":"Ignored","damage_taken":0,"max_hp_gain":0,"max_hp_loss":0,"event_name":"Vampires","floor":22,"gold_loss":0}],"is_beta":false,"boss_relics":[{"not_picked":["Nuclear Battery","Ectoplasm"],"picked":"Fusion Hammer"}],"items_purged_floors":[],"is_endless":false,"potions_floor_spawned":[2,5,8,19,24],"killed_by":"Snake Plant","ascension_level":12}}