{"host":"uceopoba4zvqsgiy","time":1614217632,"event":{"mods":["2.2 Compatiblity","Act Like it!","BaseMod","Better Skull","Better Third Choice","Elementarium","Evolution","GifTheSpireLib","Hermit","Humility","Infinite Spire","Jorbs\u0027s Wanderer Trilogy","Marked Mod","Minty Spire (QoL Compilation)","Potionbrewer","Reliquary","Replay The Spire","Robot Space Explorer","Shade Mod","Spicy Shops","StS++","StSLib","Stuff the Spire","The Blue Laboratory","The Caster","The Cursed","The Dragon Tamer","The Dragonkin","The Hierophant","The Judge","The Jungle","TheSurvivalist","Wandering Minibosses"],"gold_per_floor":[111,111,130,142,142,172,172,206,206,206,206],"floor_reached":10,"language":"ENG","playtime":371,"items_purged":[],"score":120,"play_id":"8efffb10-a752-4e36-baf5-a6945724c2f9","local_time":"20210225121712","is_ascension_mode":true,"campfire_choices":[{"floor":7,"key":"REST"}],"circlet_count":0,"master_deck":["WordoMod:Unchained","WordoMod:Unchained","WordoMod:Unchained","WordoMod:Unchained","WordoMod:ShackleGuard","WordoMod:DefendCard","WordoMod:DefendCard","WordoMod:DefendCard","WordoMod:Accursed","WordoMod:IllWill","WordoMod:Cremate","WordoMod:Plague","Clumsy","WordoMod:MonkeysPaw","WordoMod:ProjectilePurge"],"relics":["WordoMod:Obsidian","WordoMod:Effigy","EVO:Axolotl","NeowsBlessing","Potion Belt","StuffTheSpire:Expresso","Mirror"],"acts_visited":["Exordium"],"potions_floor_usage":[6],"damage_taken":[{"damage":0,"enemies":"Jaw Worm","floor":1,"turns":1},{"damage":0,"enemies":"Small Slimes","floor":3,"turns":1},{"damage":0,"enemies":"2 Louse","floor":4,"turns":1},{"damage":45,"enemies":"Gremlin Nob","floor":6,"turns":4},{"damage":35,"enemies":"3 Sentries","floor":8,"turns":4},{"damage":35,"enemies":"Lagavulin","floor":10,"turns":3}],"seed_played":"-7324961345846307050","potions_obtained":[{"floor":1,"key":"blueLaboratory:Moonshine"},{"floor":4,"key":"blueLaboratory:FrostheartPotion"},{"floor":6,"key":"BlessingOfTheForge"},{"floor":8,"key":"blueLaboratory:LouseDecoction"}],"is_trial":false,"path_per_floor":["M","$","M","M","?","E","R","E","T","E"],"character_chosen":"JUDGE_CLASS","items_purchased":[],"campfire_rested":1,"item_purchase_floors":[],"current_hp_per_floor":[75,75,75,75,75,30,52,17,17,0,0],"gold":206,"neow_bonus":"THREE_ENEMY_KILL","is_daily":false,"chose_seed":false,"campfire_upgraded":0,"win_rate":0.0,"timestamp":1614217632,"path_taken":["M","$","M","M","?","E","R","E","T","E"],"items_purchased_type":[],"build_version":"2020-12-22","purchased_purges":0,"victory":false,"max_hp_per_floor":[75,75,75,75,75,75,75,75,75,75,75],"card_choices":[{"not_picked":["WordoMod:AfflictedWeapon","WordoMod:Sickness"],"picked":"WordoMod:Cremate","floor":1},{"not_picked":["WordoMod:Vulgarity","WordoMod:Rise"],"picked":"WordoMod:Plague","floor":3},{"not_picked":["WordoMod:Infected","Normality"],"picked":"Clumsy","floor":4},{"not_picked":["WordoMod:RiskTaker","WordoMod:ScatterAshes"],"picked":"WordoMod:MonkeysPaw","floor":4},{"not_picked":["WordoMod:Resurrection","WordoMod:MementoMori"],"picked":"WordoMod:ProjectilePurge","floor":6},{"not_picked":["WordoMod:LanternFlame","WordoMod:SoulSpear","WordoMod:WillOWisp"],"picked":"SKIP","floor":8}],"player_experience":1888300,"relics_obtained":[{"floor":6,"key":"Potion Belt"},{"floor":8,"key":"StuffTheSpire:Expresso"},{"floor":9,"key":"Mirror"}],"event_choices":[],"is_beta":false,"boss_relics":[],"items_purged_floors":[],"is_endless":false,"potions_floor_spawned":[1,4,6,8],"killed_by":"Lagavulin","ascension_level":5,"is_humility":true}}