{"host":"dowi7cgbhepuzvpj","time":1614260246,"event":{"mods":["AchievementEnabler","BaseMod","Colored Map","Keyboard Shortcuts","Minty Spire (QoL Compilation)","Permanent Neow","Quick Restart","StSLib","SuperFastMode"],"gold_per_floor":[366,416,148,148,148,179,189,199,222,222,232,232,266,285,285,373,373,394,9,9,29,41,41,68,96,119,134,152,152,202,226,226,310,319,339,349,362,412,47,47,64,89,89,89,117,41,41,91,91,91],"floor_reached":51,"language":"KOR","playtime":1869,"items_purged":["Strike_P","Strike_P","Strike_P","Defend_P"],"score":1444,"play_id":"9bd793e7-ba5e-4b59-85f0-e86d3e539db4","local_time":"20210225223724","is_ascension_mode":true,"campfire_choices":[{"data":"Eruption","floor":10.0,"key":"SMITH"},{"data":"MentalFortress","floor":12.0,"key":"SMITH"},{"data":"MentalFortress","floor":15.0,"key":"SMITH"},{"data":"Meditate","floor":23.0,"key":"SMITH"},{"floor":29.0,"key":"REST"},{"data":"Adaptation","floor":32.0,"key":"SMITH"},{"data":"Vault","floor":40.0,"key":"SMITH"},{"data":"Vault","floor":44.0,"key":"SMITH"},{"data":"TalkToTheHand","floor":47,"key":"SMITH"},{"data":"Establishment","floor":49,"key":"PURGE"}],"circlet_count":0,"master_deck":["AscendersBane","Strike_P","Defend_P","Defend_P","Defend_P","Eruption+1","Vigilance","CutThroughFate","Adaptation+1","FlurryOfBlows","Tantrum","EmptyBody","FlurryOfBlows","MentalFortress+1","Meditate+1","FearNoEvil","MentalFortress+1","CrushJoints","FlurryOfBlows","FollowUp","FollowUp","Adaptation+1","Vengeance","Vault+1","CurseOfTheBell","Vault+1","TalkToTheHand+1"],"relics":["PureWater","Orrery","TeardropLocket","Strawberry","CeramicFish","MealTicket","Runic Pyramid","Kunai","Vajra","Lantern","Calling Bell","Bag of Preparation","StrikeDummy","WingedGreaves","DollysMirror","Peace Pipe","Smiling Mask"],"acts_visited":["Exordium","TheCity","TheBeyond"],"potions_floor_usage":[],"damage_taken":[{"damage":2.0,"enemies":"Small Slimes","floor":1.0,"turns":2.0},{"damage":12.0,"enemies":"3 Sentries","floor":6.0,"turns":6.0},{"damage":0.0,"enemies":"Cultist","floor":7.0,"turns":2.0},{"damage":0.0,"enemies":"Jaw Worm","floor":8.0,"turns":3.0},{"damage":0.0,"enemies":"Gremlin Gang","floor":11.0,"turns":3.0},{"damage":0.0,"enemies":"Lagavulin","floor":13.0,"turns":4.0},{"damage":0.0,"enemies":"3 Louse","floor":14.0,"turns":3.0},{"damage":0.0,"enemies":"Slime Boss","floor":16.0,"turns":4.0},{"damage":1.0,"enemies":"Spheric Guardian","floor":18.0,"turns":4.0},{"damage":2.0,"enemies":"Chosen","floor":21.0,"turns":2.0},{"damage":17.0,"enemies":"Shelled Parasite and Fungi","floor":22.0,"turns":4.0},{"damage":11.0,"enemies":"Book of Stabbing","floor":24.0,"turns":4.0},{"damage":18.0,"enemies":"Sentry and Sphere","floor":25.0,"turns":4.0},{"damage":14.0,"enemies":"Snecko","floor":27.0,"turns":3.0},{"damage":0.0,"enemies":"Snake Plant","floor":28.0,"turns":1.0},{"damage":10.0,"enemies":"Shelled Parasite and Fungi","floor":31.0,"turns":4.0},{"damage":0.0,"enemies":"Automaton","floor":33.0,"turns":7.0},{"damage":0.0,"enemies":"Orb Walker","floor":35.0,"turns":3.0},{"damage":18.0,"enemies":"3 Shapes","floor":36.0,"turns":5.0},{"damage":0.0,"enemies":"Transient","floor":37.0,"turns":6.0},{"damage":0.0,"enemies":"Spire Growth","floor":41.0,"turns":4.0},{"damage":0.0,"enemies":"Mind Bloom Boss Battle","floor":42.0,"turns":5.0},{"damage":20.0,"enemies":"Giant Head","floor":45.0,"turns":7.0},{"damage":58,"enemies":"Time Eater","floor":50,"turns":11}],"seed_played":"-405914295337375022","potions_obtained":[{"floor":6.0,"key":"SteroidPotion"},{"floor":8.0,"key":"DuplicationPotion"},{"floor":27.0,"key":"AttackPotion"},{"floor":33.0,"key":"BlessingOfTheForge"},{"floor":35.0,"key":"Weak Potion"},{"floor":45.0,"key":"Fruit Juice"}],"is_trial":false,"path_per_floor":["M","?","$","T","?","E","M","M","T","R","M","R","E","M","R","B",null,"M","$","?","M","M","R","E","M","T","M","M","R","?","M","R","B",null,"M","M","M","?","$","R","M","?","T","R","E","$","R","?","R","B",null],"character_chosen":"WATCHER","items_purchased":["Orrery","FlurryOfBlows","Kunai","FollowUp","DollysMirror","FairyPotion","TalkToTheHand"],"campfire_rested":1,"item_purchase_floors":[3,3,19,19,39,39,46],"current_hp_per_floor":[59,53,53,53,53,48,48,48,48,48,48,48,48,48,48,48,64,63,69,69,67,50,50,39,21,21,7,7,27,27,17,17,17,56,56,38,38,38,53,53,53,53,53,53,38,53,53,53,53,22],"gold":91,"neow_bonus":"TWO_FIFTY_GOLD","is_daily":false,"chose_seed":false,"campfire_upgraded":8,"win_rate":0.0,"timestamp":1614260244,"path_taken":["M","?","$","?","?","E","M","M","T","R","M","R","E","M","R","BOSS","M","$","?","M","?","R","E","M","T","M","M","R","?","M","R","BOSS","M","M","?","?","$","R","?","?","T","R","E","$","R","?","R","BOSS"],"items_purchased_type":["Relic","Card","Relic","Card","Relic","Potion","Card"],"build_version":"2020-12-22","purchased_purges":4,"victory":true,"max_hp_per_floor":[62,62,62,62,62,69,69,69,69,69,69,69,69,69,69,69,69,69,69,69,69,69,69,69,69,69,69,69,69,69,69,69,69,69,69,69,69,69,69,69,69,69,69,69,74,74,74,74,74,74],"card_choices":[{"not_picked":["Prostrate","FlyingSleeves"],"picked":"CutThroughFate","floor":1.0},{"not_picked":["Vengeance","FlurryOfBlows"],"picked":"Adaptation","floor":3.0},{"not_picked":["Crescendo","Evaluate"],"picked":"FlurryOfBlows","floor":3.0},{"not_picked":["ThirdEye","PathToVictory"],"picked":"Tantrum","floor":3.0},{"not_picked":["FlyingSleeves","ThirdEye"],"picked":"EmptyBody","floor":3.0},{"not_picked":["Fasting2","SashWhip"],"picked":"MentalFortress","floor":6.0},{"not_picked":["SashWhip","WaveOfTheHand"],"picked":"Meditate","floor":7.0},{"not_picked":["FlurryOfBlows","Nirvana"],"picked":"FearNoEvil","floor":8.0},{"not_picked":["Swivel","WreathOfFlame","PathToVictory"],"picked":"SKIP","floor":11.0},{"not_picked":["BattleHymn","Swivel"],"picked":"MentalFortress","floor":13.0},{"not_picked":["Consecrate","Wish"],"picked":"CrushJoints","floor":14.0},{"not_picked":["Alpha","Omniscience"],"picked":"Establishment","floor":16.0},{"not_picked":["Consecrate","SashWhip"],"picked":"FlurryOfBlows","floor":18.0},{"not_picked":["Prostrate","InnerPeace"],"picked":"FollowUp","floor":21.0},{"not_picked":["BowlingBash","SashWhip","FearNoEvil"],"picked":"SKIP","floor":22.0},{"not_picked":["EmptyBody","Halt","PathToVictory"],"picked":"SKIP","floor":24.0},{"not_picked":["Crescendo","Halt"],"picked":"Adaptation","floor":25.0},{"not_picked":["Blasphemy","CutThroughFate","Tantrum"],"picked":"SKIP","floor":27.0},{"not_picked":["CrushJoints","Sanctity","EmptyFist"],"picked":"SKIP","floor":28.0},{"not_picked":["BowlingBash","ThirdEye"],"picked":"Vengeance","floor":31.0},{"not_picked":["Alpha","MasterReality"],"picked":"Vault","floor":33.0},{"not_picked":["Tantrum+1","PathToVictory","DeceiveReality"],"picked":"SKIP","floor":35.0},{"not_picked":["BowlingBash","ThirdEye+1","Perseverance"],"picked":"SKIP","floor":36.0},{"not_picked":["EmptyBody","ThirdEye","Conclude"],"picked":"SKIP","floor":37.0},{"not_picked":["CutThroughFate","Prostrate","Perseverance"],"picked":"SKIP","floor":41.0},{"not_picked":["Nirvana","Meditate+1","ForeignInfluence"],"picked":"SKIP","floor":45.0}],"player_experience":910321,"relics_obtained":[{"floor":4.0,"key":"TeardropLocket"},{"floor":6.0,"key":"Strawberry"},{"floor":9.0,"key":"CeramicFish"},{"floor":13.0,"key":"MealTicket"},{"floor":24.0,"key":"Vajra"},{"floor":26.0,"key":"Lantern"},{"floor":34.0,"key":"Bag of Preparation"},{"floor":34.0,"key":"StrikeDummy"},{"floor":34.0,"key":"WingedGreaves"},{"floor":42.0,"key":"Peace Pipe"},{"floor":45.0,"key":"Smiling Mask"}],"event_choices":[{"damage_healed":0.0,"max_hp_gain":0.0,"max_hp_loss":0.0,"gold_gain":50.0,"event_name":"FaceTrader","player_choice":"Touch","floor":2.0,"gold_loss":0.0,"damage_taken":6.0},{"damage_healed":0.0,"max_hp_gain":0.0,"max_hp_loss":0.0,"gold_gain":0.0,"event_name":"Liars Game","player_choice":"Ignored","floor":5.0,"gold_loss":0.0,"damage_taken":0.0},{"damage_healed":0.0,"max_hp_gain":0.0,"max_hp_loss":0.0,"gold_gain":0.0,"event_name":"Accursed Blacksmith","player_choice":"Forge","floor":20.0,"gold_loss":0.0,"damage_taken":0.0,"cards_upgraded":["Adaptation"]},{"damage_healed":0.0,"max_hp_gain":0.0,"max_hp_loss":0.0,"gold_gain":50.0,"event_name":"Golden Shrine","player_choice":"Pray","floor":30.0,"gold_loss":0.0,"damage_taken":0.0},{"damage_healed":0.0,"max_hp_gain":0.0,"max_hp_loss":0.0,"gold_gain":50.0,"event_name":"Golden Shrine","player_choice":"Pray","floor":38.0,"gold_loss":0.0,"damage_taken":0.0},{"damage_healed":0.0,"max_hp_gain":0.0,"max_hp_loss":0.0,"gold_gain":0.0,"event_name":"MindBloom","player_choice":"Fight","floor":42.0,"gold_loss":0.0,"damage_taken":0.0},{"damage_healed":0,"gold_gain":50,"player_choice":"Pray","damage_taken":0,"max_hp_gain":0,"max_hp_loss":0,"event_name":"Golden Shrine","floor":48,"gold_loss":0}],"is_beta":false,"boss_relics":[{"not_picked":["Black Star","Tiny House"],"picked":"Runic Pyramid"},{"not_picked":["HolyWater","Pandora\u0027s Box"],"picked":"Calling Bell"}],"items_purged_floors":[3,19,39,46],"is_endless":false,"potions_floor_spawned":[6,8,13,16,21,27,33,35,42,45],"ascension_level":15}}