{"host":"ugys05tpep779cl6","time":1614277364,"event":{"mods":["AchievementEnabler","Aspiration","BaseMod","Beaked The Cultist","CatGirl Mod","Colored Powertips","HololiveMod","Lobotomy","Minty Spire (QoL Compilation)","Quick Restart","Replay The Spire","Spicy Shops","StSLib","The Druid"],"gold_per_floor":[115,131,56,71,71,103,113,145,145,145,145,145,145],"floor_reached":12,"language":"ENG","playtime":415,"items_purged":["Strike_R"],"score":106,"play_id":"7575c624-69cd-47ce-b3f2-d557405a4cb1","local_time":"20210225192244","is_ascension_mode":true,"campfire_choices":[],"circlet_count":0,"master_deck":["Strike_R","Strike_R","Strike_R","Strike_R","Defend_R","Defend_R","Defend_R","Defend_R","Metallicize","Shrug It Off","Pot Of Greed","ReplayReversal","Pot Of Greed","Survivor","Neutralize"],"relics":["Burning Blood","FossilizedHelix","Grinning Jar","Question Card","Ginger"],"acts_visited":["Exordium"],"potions_floor_usage":[],"damage_taken":[{"damage":2.0,"enemies":"Jaw Worm","floor":1.0,"turns":5.0},{"damage":0.0,"enemies":"Small Slimes","floor":2.0,"turns":3.0},{"damage":0.0,"enemies":"2 Louse","floor":4.0,"turns":3.0},{"damage":24.0,"enemies":"Gremlin Nob","floor":6.0,"turns":5.0},{"damage":0.0,"enemies":"Gremlin Gang","floor":7.0,"turns":9.0},{"damage":13,"enemies":"Lagavulin","floor":8,"turns":8},{"damage":0,"enemies":"Gremlin Nob","floor":12,"turns":2}],"seed_played":"-8649357720623200630","potions_obtained":[{"floor":1.0,"key":"GamblersBrew"},{"floor":4.0,"key":"Elixir"}],"is_trial":false,"path_per_floor":["M","M","$","M","?","E","M","E","T","?","?","E"],"character_chosen":"IRONCLAD","items_purchased":[],"campfire_rested":0,"item_purchase_floors":[],"current_hp_per_floor":[60,66,66,72,72,54,60,53,53,53,35,35,35],"gold":145,"neow_bonus":"ONE_RARE_RELIC","is_daily":false,"chose_seed":false,"campfire_upgraded":0,"win_rate":0.0,"timestamp":1614277364,"path_taken":["M","M","$","M","?","E","M","E","T","?","?","E"],"items_purchased_type":[],"build_version":"2020-12-22","purchased_purges":1,"victory":false,"max_hp_per_floor":[80,80,80,80,80,80,80,80,80,80,80,80,80],"card_choices":[{"not_picked":["Abandon","Replay:Undeath\u0027s Touch"],"picked":"Metallicize","floor":1.0},{"not_picked":["Replay:Undeath\u0027s Touch","Wild Strike","Sword Boomerang"],"picked":"SKIP","floor":2.0},{"not_picked":["ReplayTheSpireMod:Strike From Hell","Wild Strike"],"picked":"Shrug It Off","floor":4.0},{"not_picked":["True Grit","ReplayTheSpireMod:LeadingStrike","Perfected Strike"],"picked":"SKIP","floor":6.0},{"not_picked":["ReplayTheSpireMod:Limb From Limb","Havoc"],"picked":"ReplayReversal","floor":7.0},{"not_picked":["Rampage","Thunderclap","Defy Death"],"picked":"SKIP","floor":8}],"player_experience":780802,"relics_obtained":[{"floor":6.0,"key":"Grinning Jar"},{"floor":8,"key":"Question Card"}],"event_choices":[{"damage_healed":0.0,"max_hp_gain":0.0,"max_hp_loss":0.0,"gold_gain":0.0,"event_name":"Liars Game","player_choice":"Ignored","floor":5.0,"gold_loss":0.0,"damage_taken":0.0},{"damage_healed":0,"gold_gain":0,"player_choice":"Success","damage_taken":18,"relics_obtained":["Ginger"],"max_hp_gain":0,"max_hp_loss":0,"event_name":"Scrap Ooze","floor":11,"gold_loss":0}],"is_beta":false,"boss_relics":[],"items_purged_floors":[3],"is_endless":false,"potions_floor_spawned":[1,4],"killed_by":"Gremlin Nob","ascension_level":4}}