{"host":"ovivighfa421z0zp","time":1614227543,"event":{"mods":["BaseMod","Colored Map","DeckTracker","Keyboard Shortcuts","Minty Spire (QoL Compilation)","Permanent Neow","Quick Restart","Replay The Spire","StSLib","SuperFastMode","The Cursed","The Hierophant"],"gold_per_floor":[115,115,129,17,92,92,123,123,175,192,219,219,219,15,15,111,111,126,126,142,154,154,154,154],"floor_reached":23,"language":"KOR","playtime":571,"items_purged":["hierophant:Strike_Hierophant","hierophant:Prophecy+1"],"score":344,"play_id":"8d87e6d8-c84b-495f-85c4-3d40f1726a35","local_time":"20210225133223","is_ascension_mode":true,"campfire_choices":[{"data":"hierophant:Chorus","floor":6,"key":"SMITH"},{"data":"hierophant:Smite","floor":8,"key":"SMITH"},{"data":"hierophant:DisplayOfPower","floor":12,"key":"SMITH"},{"data":"hierophant:Encroach","floor":15,"key":"SMITH"}],"circlet_count":0,"master_deck":["AscendersBane","hierophant:Punish","hierophant:Defend_Hierophant","hierophant:Defend_Hierophant","hierophant:Defend_Hierophant","hierophant:Defend_Hierophant","hierophant:ChurchCoffers+1","hierophant:Chorus+1","hierophant:SolarFlare","hierophant:OrnateJavelin","hierophant:Smite+1","hierophant:DisplayOfPower+1","hierophant:Encroach+1","hierophant:DivineIntervention","hierophant:FlamingChariot+1","hierophant:Alms","hierophant:Smite","hierophant:Repentance","hierophant:LocustPlague"],"relics":["hierophant:PropheticMaskRelic","NeowsBlessing","Replay:Wax Seal","Strawberry","Gremlin Horn","Philosopher\u0027s Stone"],"acts_visited":["Exordium","TheCity"],"potions_floor_usage":[16,16,16,21],"damage_taken":[{"damage":0,"enemies":"Jaw Worm","floor":1,"turns":1},{"damage":0,"enemies":"Cultist","floor":3,"turns":1},{"damage":0,"enemies":"Gremlin Nob","floor":7,"turns":1},{"damage":0,"enemies":"2 Louse","floor":10,"turns":1},{"damage":15,"enemies":"3 Sentries","floor":11,"turns":4},{"damage":14,"enemies":"Hexaghost","floor":16,"turns":6},{"damage":9,"enemies":"Chosen","floor":18,"turns":3},{"damage":16,"enemies":"Shell Parasite","floor":20,"turns":3},{"damage":13,"enemies":"Snake Plant","floor":21,"turns":3},{"damage":0,"enemies":"Gremlin Leader","floor":23,"turns":1}],"seed_played":"7850587110869246759","potions_obtained":[{"floor":3,"key":"AttackPotion"}],"is_trial":false,"path_per_floor":["M","?","M","$","?","R","E","R","T","M","E","R","?","$","R","B",null,"M","?","M","M","?","E"],"character_chosen":"HIEROPHANT","items_purchased":["hierophant:OrnateJavelin","EntropicBrew"],"campfire_rested":0,"item_purchase_floors":[4,14],"current_hp_per_floor":[68,68,68,68,57,57,57,57,64,64,49,49,49,49,49,35,70,61,45,29,16,16,16,16],"gold":154,"neow_bonus":"THREE_ENEMY_KILL","is_daily":false,"chose_seed":false,"campfire_upgraded":4,"win_rate":0.0,"timestamp":1614227543,"path_taken":["M","?","?","?","?","R","E","R","T","M","E","R","?","$","R","BOSS","M","?","M","M","?","E"],"items_purchased_type":["Card","Potion"],"build_version":"2020-12-22","purchased_purges":2,"victory":false,"max_hp_per_floor":[75,75,75,75,75,75,75,75,82,82,82,82,82,82,82,82,82,82,87,87,87,87,87,87],"card_choices":[{"not_picked":["hierophant:OrnateBuckler","hierophant:EyeForCoin"],"picked":"hierophant:Chorus","floor":1},{"not_picked":["hierophant:DisplayOfPower","hierophant:RepressedViolence"],"picked":"hierophant:SolarFlare","floor":3},{"not_picked":["hierophant:RepressedViolence","hierophant:WrathOfGod"],"picked":"hierophant:Smite","floor":7},{"not_picked":["hierophant:Encroach","hierophant:Anathema"],"picked":"hierophant:DisplayOfPower","floor":10},{"not_picked":["hierophant:Empathy","hierophant:Doomsaying"],"picked":"hierophant:Encroach","floor":11},{"not_picked":["hierophant:Anathema","hierophant:Invocation"],"picked":"hierophant:DivineIntervention","floor":16},{"not_picked":["hierophant:TollTheBells","hierophant:Doubloon+1"],"picked":"hierophant:FlamingChariot+1","floor":18},{"not_picked":["hierophant:Chorus","hierophant:FaithHealing"],"picked":"hierophant:Alms","floor":20},{"not_picked":["hierophant:ThreeLashes","hierophant:OrnateJavelin+1"],"picked":"hierophant:Smite","floor":21}],"player_experience":865119,"relics_obtained":[{"floor":7,"key":"Replay:Wax Seal"},{"floor":9,"key":"Strawberry"},{"floor":11,"key":"Gremlin Horn"}],"event_choices":[{"damage_healed":0,"gold_gain":0,"player_choice":"Forge","damage_taken":0,"max_hp_gain":0,"max_hp_loss":0,"event_name":"Accursed Blacksmith","floor":2,"gold_loss":0,"cards_upgraded":["hierophant:ChurchCoffers"]},{"damage_healed":0,"gold_gain":75,"player_choice":"Gather Gold","damage_taken":11,"max_hp_gain":0,"max_hp_loss":0,"event_name":"World of Goop","floor":5,"gold_loss":0},{"damage_healed":0,"gold_gain":0,"player_choice":"Shed Blood","damage_taken":21,"max_hp_gain":5,"max_hp_loss":0,"event_name":"Forgotten Altar","floor":19,"gold_loss":0},{"damage_healed":0,"gold_gain":0,"cards_transformed":["hierophant:Strike_Hierophant","hierophant:Strike_Hierophant"],"player_choice":"Became Test Subject","damage_taken":0,"max_hp_gain":0,"max_hp_loss":0,"event_name":"Drug Dealer","floor":22,"gold_loss":0,"cards_obtained":["hierophant:Repentance","hierophant:LocustPlague"]}],"is_beta":false,"boss_relics":[{"not_picked":["Tiny House","SacredBark"],"picked":"Philosopher\u0027s Stone"}],"items_purged_floors":[4,14],"is_endless":false,"potions_floor_spawned":[3],"killed_by":"Gremlin Leader","ascension_level":11}}