{"host":"id23shmscryl4psl","time":1614286514,"event":{"mods":["BaseMod","Better Altar","Better Match","Better Note","Better Sensory Stone","Better Skull","Better Third Choice","Colored Map","Colored Powertips","Dark Map","Downfall","FTL Soundtrack","Minty Spire (QoL Compilation)","Rare Cards Sparkle","Relic Stats","Robot Space Explorer","StSLib"],"gold_per_floor":[0,12,0,100,114,114,114,132,145,158,258,276,76,94,107,209,209,209,219,230,242,152,152,152,152,168,179,179,194,194,214,228,228,228,228],"floor_reached":33,"language":"ENG","playtime":1731,"items_purged":["Slimebound:Defend_Slimebound"],"score":284,"play_id":"290c653a-b4f1-4e93-80aa-5f48de205cbc","local_time":"20210225135514","is_ascension_mode":true,"campfire_choices":[{"floor":1,"key":"RECALL"},{"data":"Slimebound:Split","floor":13,"key":"SMITH"},{"data":"Slimebound:Overexert","floor":18,"key":"SMITH"},{"floor":23,"key":"REST"},{"data":"Slimebound:ItLooksTasty","floor":25,"key":"SMITH"},{"floor":28,"key":"REST"},{"floor":30,"key":"REST"}],"circlet_count":0,"master_deck":["Slimebound:Strike_Slimebound","Slimebound:Strike_Slimebound","Slimebound:Split+1","Slimebound:CorrosiveSpit","Slimebound:SplitMire","Slimebound:ProtectTheBoss","Slimebound:SlimeSpikes","Slimebound:SplitBruiser","Slimebound:SlimeSpikes","Slimebound:SplitBruiser","Slimebound:ItLooksTasty+1","Slimebound:Schlurp","Slimebound:RejuvenatingLick","Slimebound:Overexert+1","Slimebound:Replication+1","Slimebound:SlimeSpikes","Slimebound:Replication+1","Slimebound:SlimeSpikes+1","Slimebound:Schlurp+1","Slimebound:SelfFormingGoo","Slimebound:PressTheAttack+1","Slimebound:SamplingLick","Slimebound:Gluttony"],"relics":["Slimebound:AbsorbEndCombat","downfall:HeartBlessingRed","downfall:HeartBlessingBlue","Empty Cage","PreservedInsect"],"acts_visited":["Exordium","TheCity"],"potions_floor_usage":[10,16,16,21,21,22,27,32,33],"damage_taken":[{"damage":11,"enemies":"Jaw Worm","floor":2,"turns":3},{"damage":0,"enemies":"downfall:FleeingMerchant","floor":3,"turns":4},{"damage":0,"enemies":"Small Slimes","floor":5,"turns":3},{"damage":0,"enemies":"Cultist","floor":8,"turns":3},{"damage":7,"enemies":"Blue Slaver","floor":9,"turns":3},{"damage":0,"enemies":"Gremlin Gang","floor":10,"turns":5},{"damage":3,"enemies":"downfall:LooterAlt","floor":12,"turns":3},{"damage":1,"enemies":"2 Fungi Beasts","floor":14,"turns":3},{"damage":0,"enemies":"Blue Slaver","floor":15,"turns":3},{"damage":25,"enemies":"DF_ARCHETYPE_STREAMLINE","floor":16,"turns":8},{"damage":31,"enemies":"downfall:LooterAlt2","floor":19,"turns":4},{"damage":33,"enemies":"3 Byrds","floor":20,"turns":4},{"damage":14,"enemies":"Snake Plant","floor":21,"turns":2},{"damage":0,"enemies":"downfall:FleeingMerchant","floor":22,"turns":4},{"damage":16,"enemies":"Cultist and Chosen","floor":26,"turns":6},{"damage":11,"enemies":"Snecko","floor":27,"turns":6},{"damage":18,"enemies":"Snake Plant","floor":29,"turns":4},{"damage":16,"enemies":"Centurion and Healer","floor":31,"turns":7},{"damage":38,"enemies":"3 Cultists","floor":32,"turns":6},{"damage":15,"enemies":"WA_ARCHETYPE_CALM","floor":33,"turns":5}],"seed_played":"953293290873506818","potions_obtained":[{"floor":5,"key":"Energy Potion"},{"floor":8,"key":"sneckomod:MuddlingPotion"},{"floor":10,"key":"Regen Potion"},{"floor":12,"key":"Weak Potion"},{"floor":14,"key":"Slimebound:SlimedPotion"},{"floor":20,"key":"DuplicationPotion"},{"floor":21,"key":"Guardian:BlockOnCardUsePotion"},{"floor":26,"key":"Guardian:BlockOnCardUsePotion"},{"floor":31,"key":"Block Potion"},{"floor":32,"key":"SkillPotion"}],"is_trial":false,"path_per_floor":["R","M","$","?","M","?","T","M","M","M","?","M","R","M","M","B",null,"R","M","M","M","$","R","T","R","M","M","R","M","R","M","M","B"],"character_chosen":"SLIMEBOUND","items_purchased":[],"campfire_rested":3,"item_purchase_floors":[],"current_hp_per_floor":[65,56,62,62,65,65,65,65,60,65,65,64,74,73,75,54,75,75,48,19,10,14,36,36,36,22,15,37,19,41,33,1,0,0,0],"gold":228,"neow_bonus":"REMOVE_TWO","is_daily":false,"chose_seed":false,"campfire_upgraded":3,"win_rate":0.0,"timestamp":1614286514,"path_taken":["R","M","$","?","M","?","T","M","M","?","?","?","R","M","M","BOSS","R","M","M","M","$","R","T","R","M","M","R","M","R","M","M","BOSS"],"items_purchased_type":[],"build_version":"2020-12-22","purchased_purges":1,"victory":false,"max_hp_per_floor":[65,65,65,65,65,65,65,65,65,65,65,65,75,75,75,75,75,75,75,75,75,75,75,75,75,75,75,75,75,75,75,75,75,75,75],"relic_stats":{"counters":[20,82],"PreservedInsect":0,"obtain_stats":[{"downfall:HeartBlessingRed":13,"downfall:HeartBlessingBlue":13,"PreservedInsect":24,"Slimebound:AbsorbEndCombat":0,"Empty Cage":17},{"downfall:HeartBlessingRed":7,"downfall:HeartBlessingBlue":7,"PreservedInsect":14,"Slimebound:AbsorbEndCombat":0,"Empty Cage":10},{"downfall:HeartBlessingRed":24,"downfall:HeartBlessingBlue":24,"PreservedInsect":50,"Slimebound:AbsorbEndCombat":0,"Empty Cage":37}]},"card_choices":[{"not_picked":["Slimebound:LeechEnergy","Slimebound:LeechingTouch"],"picked":"Slimebound:SplitMire","floor":2},{"not_picked":["Slimebound:ForwardTackle","Slimebound:SplitBruiser"],"picked":"Slimebound:ProtectTheBoss","floor":3},{"not_picked":["Slimebound:Nibble","Slimebound:GoopTackle"],"picked":"Slimebound:SlimeSpikes","floor":5},{"not_picked":["Slimebound:LeechingTouch","Slimebound:ServeAndProtect"],"picked":"Slimebound:SplitBruiser","floor":8},{"not_picked":["Slimebound:MinionMaster","Slimebound:RejuvenatingLick"],"picked":"Slimebound:SlimeSpikes","floor":9},{"not_picked":["Slimebound:LeechingTouch","Slimebound:DisruptingSlam"],"picked":"Slimebound:SplitBruiser","floor":10},{"not_picked":["Slimebound:SamplingLick","Slimebound:ComboTackle"],"picked":"Slimebound:ItLooksTasty","floor":12},{"not_picked":["Slimebound:Prepare","Slimebound:FinishingTackle"],"picked":"Slimebound:Schlurp","floor":14},{"not_picked":["Slimebound:ItLooksTasty","Slimebound:GoopSpray"],"picked":"Slimebound:RejuvenatingLick","floor":15},{"not_picked":["Slimebound:OozeBath","Slimebound:OneTwoCombo"],"picked":"Slimebound:Overexert","floor":16},{"not_picked":["Slimebound:MegaLick+1","Slimebound:Nibble"],"picked":"Slimebound:Replication+1","floor":19},{"not_picked":["Slimebound:SpikyOuterGoop","Slimebound:RainOfGoop"],"picked":"Slimebound:SlimeSpikes","floor":20},{"not_picked":["Slimebound:SplitMire","Slimebound:SamplingLick"],"picked":"Slimebound:Replication+1","floor":21},{"not_picked":["Slimebound:ComboTackle","Slimebound:SpikyOuterGoop"],"picked":"Slimebound:SlimeSpikes+1","floor":22},{"not_picked":["Slimebound:SlimeTap","Slimebound:SlimeBrawl"],"picked":"Slimebound:Schlurp+1","floor":26},{"not_picked":["Slimebound:SplitBruiser+1","Slimebound:PressTheAttack"],"picked":"Slimebound:SelfFormingGoo","floor":27},{"not_picked":["Slimebound:HauntingLick+1","Slimebound:LeechEnergy"],"picked":"Slimebound:PressTheAttack+1","floor":29},{"not_picked":["Slimebound:ItLooksTasty","Slimebound:GoopTackle"],"picked":"Slimebound:SamplingLick","floor":31},{"not_picked":["Slimebound:HauntingLick","Slimebound:Chomp"],"picked":"Slimebound:Gluttony","floor":32}],"player_experience":103248,"relics_obtained":[{"floor":24,"key":"PreservedInsect"}],"event_choices":[{"cards_removed":["Slimebound:Defend_Slimebound"],"damage_healed":0,"gold_gain":0,"player_choice":"Offered Basic","damage_taken":0,"max_hp_gain":0,"max_hp_loss":0,"event_name":"Bonfire Elementals","floor":6,"gold_loss":0}],"is_beta":false,"boss_relics":[{"not_picked":["Cursed Key","Coffee Dripper"],"picked":"Empty Cage"}],"items_purged_floors":[22],"is_endless":false,"potions_floor_spawned":[5,8,10,12,14,20,21,26,31,32],"killed_by":"WA_ARCHETYPE_CALM","ascension_level":1}}