{"host":"5wilga4482d891pp","time":1614228585,"event":{"mods":["100% Spire Juice","2.2 Compatiblity","A Magickal Journey","AchievementEnabler","Act Like it!","Arknights","Aspiration","Bartender","BaseMod","Better Note","Better Third Choice","CapriCore","Chen","Conspire","Downfall","Elementarium","Energized Spire","Gensokyo","GungeonMod","Hallownest","Hermit","Hubris","Jorbs\u0027s Wanderer Trilogy","KinomotoSakuraMod(木之本?)","Koishi","Lobotomy","LobotomyExtend","Luminous","Marisa（霧雨　魔理沙）","Marked Mod","Minty Spire (QoL Compilation)","Pale of the Ancients","Prisma Mod","Railgun Mod","Reimu（博??梦）","Reliquary","Replay The Spire","Ruina","RumiaBox-露米?的神秘盒子","Shade Mod","Shapeshifter Mod","StSLib","The Administrix","The Alterego","The Animator","The Bug Knight","The Construct","The Cursed","The Gatherer","The Immortal","The IronCluck","The Wild Card","TheBandit","TheFirefly","TheSwordswoman","TheVacant","Uncapped","UnlockEverythingMod","WarShipGirlsR/??少女R mod","Yakumo Yukari mod","Yuyuko"],"gold_per_floor":[111,111,111,122,122,150,114,75,75,90,103,103,113,113,113,212,212,226,226,241,289,264,288,288],"floor_reached":23,"language":"ENG","playtime":1668,"items_purged":[],"score":191,"play_id":"c1de51f2-729c-43f1-baae-69f209348b11","local_time":"20210224224945","is_ascension_mode":false,"campfire_choices":[{"data":"OpenUniverse","floor":15.0,"key":"SMITH"}],"circlet_count":0,"master_deck":["Strike_MRS","Strike_MRS","Strike_MRS","Strike_MRS","Defend_MRS","Defend_MRS","Defend_MRS","Defend_MRS","MasterSpark","UpSweep","animator:Curse_Greed","Clumsy","PowerUp","Deep Breath","MachineGunSpark","OpenUniverse+1","NonDirectionalLaser","GrandCross","DoubleSpark","LuminesStrike","EventHorizon","MysteriousBeam+1","MilkyWay","Robbery","ChargingUp","FinalSpark","Singularity","EscapeVelocity"],"relics":["MiniHakkero","reliquary:WritOfMandamus","LetterFromLob","AddBug","SecretRecord","Baka2","SecretRecord","SecretRecord","SecretRecord"],"acts_visited":["Hallownest:Greenpath","TheCity"],"potions_floor_usage":[22,22,23],"damage_taken":[{"damage":5.0,"enemies":"Hallownest:2_Baldur","floor":1.0,"turns":3.0},{"damage":18.0,"enemies":"2_ Uuma","floor":4.0,"turns":3.0},{"damage":3.0,"enemies":"Hallownest:eliteVengeflyKing","floor":6.0,"turns":3.0},{"damage":0.0,"enemies":"Hallownest:monsterHuskWarrior","floor":10.0,"turns":2.0},{"damage":17.0,"enemies":"Hallownest:1_Baldur_1_Crawlid_1_Warrior","floor":11.0,"turns":2.0},{"damage":2.0,"enemies":"Hallownest:2_Tiktiks_1_Baldur_1_Crawlid","floor":13.0,"turns":1.0},{"damage":21.0,"enemies":"Hallownest:BossBrokenVessel","floor":16.0,"turns":3.0},{"damage":26,"enemies":"conspire:FuzzyDice","floor":18,"turns":3},{"damage":20,"enemies":"2 Thieves","floor":20,"turns":2},{"damage":8,"enemies":"3 Cultists","floor":22,"turns":3},{"damage":21,"enemies":"conspire:SneckoGhost","floor":23,"turns":2}],"seed_played":"225781367093543701","potions_obtained":[{"floor":6.0,"key":"DistilledChaos"},{"floor":13.0,"key":"Weak Potion"},{"floor":16.0,"key":"ZuzhouPotion:ReiMu"},{"floor":20,"key":"SkillPotion"}],"is_trial":false,"path_per_floor":["M","?","?","M","?","E","$","$","T","M","M","?","M","T","R","B",null,"M","?","M","T","M","E"],"character_chosen":"MARISA","items_purchased":["EventHorizon","MysteriousBeam+1"],"campfire_rested":0,"item_purchase_floors":[7,8],"current_hp_per_floor":[70,70,70,52,52,49,49,49,49,49,32,75,58,58,58,46,83,57,40,20,20,12,0,0],"gold":288,"neow_bonus":"CURSED_BOSS_RELIC","is_daily":false,"chose_seed":false,"campfire_upgraded":1,"win_rate":0.0,"timestamp":1614228585,"path_taken":["M","?","?","M","?","E","?","$","T","M","M","?","M","?","R","BOSS","M","?","M","?","M","E"],"items_purchased_type":["Card","Card"],"build_version":"2020-12-22","purchased_purges":0,"victory":false,"max_hp_per_floor":[75,75,75,75,75,75,75,75,75,75,75,75,83,83,83,83,83,83,83,83,83,83,83,83],"card_choices":[{"not_picked":["ShootTheMoon","ChargingUp"],"picked":"PowerUp","floor":1.0},{"not_picked":["Replay:Bootleg Shield Generator","Trip"],"picked":"Deep Breath","floor":3.0},{"not_picked":["GravityBeat","Acceleration"],"picked":"MachineGunSpark","floor":3.0},{"not_picked":["CollectingQuirk","GravityBeat"],"picked":"OpenUniverse","floor":4.0},{"not_picked":["WitchLeyline","GalacticHalo"],"picked":"NonDirectionalLaser","floor":4.0},{"not_picked":["GalacticHalo","PowerUp"],"picked":"GrandCross","floor":4.0},{"not_picked":["SporeBomb","PropBag"],"picked":"DoubleSpark","floor":4.0},{"not_picked":["SporeBomb","Occultation"],"picked":"LuminesStrike","floor":6.0},{"not_picked":["GalacticHalo","FairyDestructionRay"],"picked":"MilkyWay","floor":10.0},{"not_picked":["MysteriousBeam","AlicesGift"],"picked":"Robbery","floor":11.0},{"not_picked":["MagicAbsorber","MysteriousBeam"],"picked":"ChargingUp","floor":13.0},{"not_picked":["StarDustReverie","SuperNova"],"picked":"FinalSpark","floor":16.0},{"not_picked":["GasGiant","SuperPerseids"],"picked":"Singularity","floor":18},{"not_picked":["UnstableBomb","GalacticHalo+1"],"picked":"GrandCross","floor":20},{"not_picked":["WitchOfGreed+1","StarlightTyphoon"],"picked":"EscapeVelocity","floor":22}],"player_experience":104674,"relics_obtained":[{"floor":1.0,"key":"LetterFromLob"},{"floor":1.0,"key":"AddBug"},{"floor":1.0,"key":"Baka"},{"floor":4.0,"key":"Baka2"},{"floor":6.0,"key":"SecretRecord"},{"floor":6.0,"key":"reliquary:Stiletto"},{"floor":9.0,"key":"Boot"},{"floor":11.0,"key":"SecretRecord"},{"floor":14.0,"key":"reliquary:PorcupineQuills"},{"floor":16.0,"key":"SecretRecord"},{"floor":21,"key":"Tiny Chest"}],"event_choices":[{"damage_healed":0.0,"max_hp_gain":0.0,"max_hp_loss":0.0,"gold_gain":0.0,"event_name":"conspire:Investor","player_choice":"Leave","floor":2.0,"gold_loss":0.0,"damage_taken":0.0}],"is_beta":false,"boss_relics":[{"not_picked":["EasyGame_NEW","hubris:Stopwatch"],"picked":"RedLine:ReiMu"}],"items_purged_floors":[],"is_endless":false,"potions_floor_spawned":[6,13,16,20],"killed_by":"conspire:SneckoGhost","ascension_level":0}}