{"host":"5n1fl7z5i1vf7jan","time":1614227210,"event":{"mods":["BaseMod","Minty Spire (QoL Compilation)","Quick Restart","Relic Stats"],"gold_per_floor":[364,374,374,39,39,39,51,65,91,116,135,135,467,477,477,554,554,570,224,224,244,256,256,284,284,284,284,284],"floor_reached":27,"language":"ENG","playtime":1035,"items_purged":["Injury","Strike_B"],"score":486,"play_id":"f2bd1bfd-580f-490d-a4ea-c66544592f1e","local_time":"20210224202650","is_ascension_mode":true,"campfire_choices":[{"data":"Zap","floor":6.0,"key":"SMITH"},{"floor":12.0,"key":"REST"},{"floor":15.0,"key":"REST"},{"floor":23.0,"key":"REST"},{"data":"Defragment","floor":25.0,"key":"SMITH"}],"circlet_count":0,"master_deck":["AscendersBane","Strike_B","Strike_B","Strike_B","Defend_B","Defend_B","Defend_B","Defend_B","Zap+1","Dualcast","Cold Snap","Rebound","Defragment+1","Beam Cell","Sunder","Compile Driver","Defragment+1","Ball Lightning","Loop","Electrodynamics","Hologram","Self Repair","Leap+1","Sweeping Beam"],"relics":["Cracked Core","Blood Vial","Frozen Eye","Bronze Scales","StrikeDummy","Old Coin","Cursed Key","DataDisk","Meat on the Bone"],"acts_visited":["Exordium","TheCity"],"potions_floor_usage":[27],"damage_taken":[{"damage":4.0,"enemies":"Small Slimes","floor":1.0,"turns":3.0},{"damage":1.0,"enemies":"2 Louse","floor":2.0,"turns":3.0},{"damage":0.0,"enemies":"Cultist","floor":7.0,"turns":3.0},{"damage":13.0,"enemies":"3 Louse","floor":8.0,"turns":2.0},{"damage":14.0,"enemies":"Lagavulin","floor":10.0,"turns":6.0},{"damage":12.0,"enemies":"Lots of Slimes","floor":11.0,"turns":3.0},{"damage":8.0,"enemies":"3 Sentries","floor":13.0,"turns":5.0},{"damage":2.0,"enemies":"Exordium Wildlife","floor":14.0,"turns":3.0},{"damage":14.0,"enemies":"The Guardian","floor":16.0,"turns":8.0},{"damage":11.0,"enemies":"3 Byrds","floor":18.0,"turns":3.0},{"damage":30.0,"enemies":"Shell Parasite","floor":21.0,"turns":4.0},{"damage":15.0,"enemies":"Snecko","floor":22.0,"turns":4.0},{"damage":28.0,"enemies":"Gremlin Leader","floor":24.0,"turns":6.0},{"damage":33,"enemies":"Snake Plant","floor":27,"turns":2}],"seed_played":"6973132098363036478","potions_obtained":[{"floor":7.0,"key":"LiquidBronze"},{"floor":8.0,"key":"PotionOfCapacity"},{"floor":11.0,"key":"Energy Potion"},{"floor":14.0,"key":"LiquidBronze"},{"floor":20.0,"key":"FearPotion"},{"floor":20.0,"key":"CultistPotion"},{"floor":24.0,"key":"AttackPotion"}],"is_trial":false,"path_per_floor":["M","M","?","$","?","R","M","M","T","E","M","R","E","M","R","B",null,"M","$","?","M","M","R","E","R","T","M"],"character_chosen":"DEFECT","items_purchased":["Defragment","Fire Potion","Frozen Eye","DataDisk","Self Repair"],"campfire_rested":3,"item_purchase_floors":[4,4,4,19,19],"current_hp_per_floor":[60,59,41,41,41,41,43,32,32,20,10,31,25,25,46,34,62,53,53,53,32,26,47,28,28,28,0,0],"gold":284,"neow_bonus":"TWO_FIFTY_GOLD","is_daily":false,"chose_seed":false,"campfire_upgraded":2,"win_rate":0.0,"timestamp":1614227210,"path_taken":["M","M","?","$","?","R","M","M","T","E","M","R","E","M","R","BOSS","M","?","?","?","M","R","E","R","T","M"],"items_purchased_type":["Card","Potion","Relic","Relic","Card"],"build_version":"2020-12-22","purchased_purges":2,"victory":false,"max_hp_per_floor":[71,71,71,71,71,71,71,71,71,71,71,71,71,71,71,71,71,71,71,71,71,71,71,71,71,71,71,71],"relic_stats":{"Blood Vial":24,"counters":[14,55],"Bronze Scales":[122],"Cursed Key":0,"obtain_stats":[{"Blood Vial":3,"Frozen Eye":4,"DataDisk":19,"Bronze Scales":9,"Cracked Core":0,"StrikeDummy":10,"Cursed Key":17,"Old Coin":13,"Meat on the Bone":24},{"Blood Vial":2,"Frozen Eye":2,"DataDisk":10,"Bronze Scales":4,"Cracked Core":0,"StrikeDummy":5,"Cursed Key":9,"Old Coin":7,"Meat on the Bone":13},{"Blood Vial":6,"Frozen Eye":6,"DataDisk":39,"Bronze Scales":11,"Cracked Core":0,"StrikeDummy":17,"Cursed Key":36,"Old Coin":25,"Meat on the Bone":53}],"Meat on the Bone":0},"card_choices":[{"not_picked":["Storm","Chill"],"picked":"Cold Snap","floor":1.0},{"not_picked":["Lockon","Turbo"],"picked":"Rebound","floor":2.0},{"not_picked":["Redo","Stack"],"picked":"Beam Cell","floor":7.0},{"not_picked":["Rebound","Stack"],"picked":"Sunder","floor":8.0},{"not_picked":["Redo","Thunder Strike"],"picked":"Compile Driver","floor":10.0},{"not_picked":["Stack","Gash"],"picked":"Defragment","floor":11.0},{"not_picked":["Scrape","Cold Snap"],"picked":"Ball Lightning","floor":13.0},{"not_picked":["Force Field","Hello World"],"picked":"Loop","floor":14.0},{"not_picked":["Reboot","Hyperbeam"],"picked":"Electrodynamics","floor":16.0},{"not_picked":["Consume","Conserve Battery"],"picked":"Hologram","floor":18.0},{"not_picked":["Ball Lightning","Streamline+1"],"picked":"Leap+1","floor":21.0},{"not_picked":["Sunder+1","Loop"],"picked":"Sweeping Beam","floor":22.0},{"not_picked":["Darkness","Heatsinks","Hologram"],"picked":"SKIP","floor":24.0}],"player_experience":414852,"relics_obtained":[{"floor":9.0,"key":"Bronze Scales"},{"floor":10.0,"key":"StrikeDummy"},{"floor":13.0,"key":"Old Coin"},{"floor":24.0,"key":"Meat on the Bone"}],"event_choices":[{"damage_healed":0.0,"max_hp_gain":0.0,"max_hp_loss":0.0,"gold_gain":0.0,"event_name":"Scrap Ooze","player_choice":"Success","floor":3.0,"gold_loss":0.0,"damage_taken":18.0,"relics_obtained":["Blood Vial"]},{"damage_healed":0.0,"max_hp_gain":0.0,"max_hp_loss":0.0,"gold_gain":0.0,"event_name":"Upgrade Shrine","player_choice":"Upgraded","floor":5.0,"gold_loss":0.0,"damage_taken":0.0,"cards_upgraded":["Defragment"]},{"damage_healed":0.0,"max_hp_gain":0.0,"max_hp_loss":0.0,"gold_gain":0.0,"event_name":"Lab","player_choice":"Got Potions","floor":20.0,"gold_loss":0.0,"damage_taken":0.0}],"is_beta":false,"boss_relics":[{"not_picked":["Calling Bell","Philosopher\u0027s Stone"],"picked":"Cursed Key"}],"items_purged_floors":[4,19],"is_endless":false,"potions_floor_spawned":[7,8,11,14,24],"killed_by":"Snake Plant","ascension_level":20}}