{"host":"30jsp143e4v19aze","time":1614279506,"event":{"mods":["BaseMod","Colored Map","Colored Powertips","Curses Come First","DeckTracker","Highlight Path","Minty Spire (QoL Compilation)","Quick Restart","Relic Stats","StSLib","everything is the same but u backflip on backflip","slay the spire mod where everything is the same but ironclad has a cowboy hat"],"gold_per_floor":[119,131,131,150,150,177,177,208,261,261,261],"floor_reached":10,"language":"ENG","playtime":172,"items_purged":[],"score":152,"play_id":"87d43cbd-5443-49ff-a0fb-52aa3b22d213","local_time":"20210225195826","is_ascension_mode":true,"campfire_choices":[{"data":"Bash","floor":7,"key":"SMITH"}],"circlet_count":0,"master_deck":["AscendersBane","Strike_R","Strike_R","Strike_R","Strike_R","Strike_R","Defend_R","Defend_R","Defend_R","Defend_R","Bash+1","Pommel Strike","Cleave","Heavy Blade+1","Heavy Blade+1"],"relics":["Burning Blood","NeowsBlessing","Molten Egg 2","Red Skull","The Courier","Akabeko"],"acts_visited":["Exordium"],"potions_floor_usage":[3,6,6],"damage_taken":[{"damage":0,"enemies":"Cultist","floor":1,"turns":1},{"damage":0,"enemies":"2 Louse","floor":2,"turns":1},{"damage":0,"enemies":"Small Slimes","floor":4,"turns":1},{"damage":32,"enemies":"Gremlin Nob","floor":6,"turns":4},{"damage":35,"enemies":"Lagavulin","floor":8,"turns":4},{"damage":20,"enemies":"3 Sentries","floor":10,"turns":4}],"seed_played":"2464153333600276078","potions_obtained":[{"floor":1,"key":"Swift Potion"},{"floor":3,"key":"Fruit Juice"},{"floor":3,"key":"Fire Potion"}],"is_trial":false,"path_per_floor":["M","M","?","M","?","E","R","E","T","E"],"character_chosen":"IRONCLAD","items_purchased":[],"campfire_rested":0,"item_purchase_floors":[],"current_hp_per_floor":[74,75,80,80,75,49,49,20,20,0,0],"gold":261,"neow_bonus":"THREE_ENEMY_KILL","is_daily":false,"chose_seed":false,"campfire_upgraded":1,"win_rate":0.0,"timestamp":1614279506,"path_taken":["M","M","?","?","?","E","R","E","T","E"],"items_purchased_type":[],"build_version":"2020-12-22","purchased_purges":0,"victory":false,"max_hp_per_floor":[75,75,80,80,80,80,80,80,80,80,80],"relic_stats":{"counters":[6,15],"obtain_stats":[{"NeowsBlessing":0,"Molten Egg 2":5,"The Courier":8,"Burning Blood":0,"Red Skull":6,"Akabeko":9},{"NeowsBlessing":0,"Molten Egg 2":3,"The Courier":5,"Burning Blood":0,"Red Skull":4,"Akabeko":5},{"NeowsBlessing":0,"Molten Egg 2":3,"The Courier":11,"Burning Blood":0,"Red Skull":7,"Akabeko":11}],"Burning Blood":19},"card_choices":[{"not_picked":["Entrench","True Grit"],"picked":"Pommel Strike","floor":1},{"not_picked":["Dropkick","Havoc","Body Slam"],"picked":"SKIP","floor":2},{"not_picked":["Headbutt","Clash"],"picked":"Cleave","floor":4},{"not_picked":["Flame Barrier","Body Slam+1"],"picked":"Heavy Blade+1","floor":6},{"not_picked":["Carnage+1","Rupture"],"picked":"Heavy Blade+1","floor":8}],"player_experience":3301028,"relics_obtained":[{"floor":6,"key":"Red Skull"},{"floor":8,"key":"The Courier"},{"floor":9,"key":"Akabeko"}],"event_choices":[{"damage_healed":0,"gold_gain":0,"player_choice":"Got Potions","damage_taken":0,"max_hp_gain":0,"max_hp_loss":0,"event_name":"Lab","floor":3,"gold_loss":0},{"damage_healed":0,"gold_gain":0,"player_choice":"Success","damage_taken":5,"relics_obtained":["Molten Egg 2"],"max_hp_gain":0,"max_hp_loss":0,"event_name":"Scrap Ooze","floor":5,"gold_loss":0}],"is_beta":false,"boss_relics":[],"items_purged_floors":[],"is_endless":false,"potions_floor_spawned":[1,4],"killed_by":"3 Sentries","ascension_level":20}}