{"host":"z4nt7tdd4gjrinn7","time":1614225694,"event":{"mods":["100% Spire Juice","BaseMod","Minty Spire (QoL Compilation)","StSLib"],"gold_per_floor":[113,113,128,141,62,62,76,151,151,169,186,213,237,253,253,350,350,364,364,379,156,169,169,202,49,72,171,171,104,104,124,124,222,222,238,254,269,47,1046,1046,1046],"floor_reached":40,"language":"ENG","playtime":33690,"items_purged":[],"score":423,"play_id":"eeef5c60-87c7-4b59-b716-e626db7f077b","local_time":"20210224230134","is_ascension_mode":false,"campfire_choices":[{"floor":6,"key":"REST"},{"floor":15,"key":"REST"},{"floor":23,"key":"REST"},{"floor":30,"key":"REST"},{"floor":32,"key":"REST"}],"circlet_count":0,"master_deck":["Strike_B","Strike_B","Strike_B","Strike_B","Defend_B","Defend_B","Defend_B","Defend_B","Zap","Dualcast","Leap","Sweeping Beam","Coolheaded","Capacitor","Rebound","Conserve Battery","Buffer","Auto Shields","Rebound","Seek","CurseOfTheBell","FTL","Stack","Storm","Cold Snap","Blizzard","Self Repair","Coolheaded","Creative AI","Doom and Gloom","Rip and Tear","Gash","Loop"],"relics":["Cracked Core","Cables","White Beast Statue","Strawberry","Odd Mushroom","Calling Bell","FossilizedHelix","Eternal Feather","Orichalcum","MutagenicStrength","Runic Capacitor","Vajra","Ancient Tea Set","Juzu Bracelet","Omamori","SacredBark","OrangePellets"],"acts_visited":["Exordium","TheCity","TheBeyond"],"potions_floor_usage":[13,13,16,24,24,31,31,33,37],"damage_taken":[{"damage":0,"enemies":"Small Slimes","floor":1,"turns":3},{"damage":8,"enemies":"2 Louse","floor":3,"turns":2},{"damage":6,"enemies":"Jaw Worm","floor":4,"turns":4},{"damage":12,"enemies":"Large Slime","floor":7,"turns":6},{"damage":0,"enemies":"3 Louse","floor":10,"turns":4},{"damage":4,"enemies":"Exordium Wildlife","floor":11,"turns":4},{"damage":7,"enemies":"The Mushroom Lair","floor":13,"turns":5},{"damage":0,"enemies":"Blue Slaver","floor":14,"turns":3},{"damage":11,"enemies":"The Guardian","floor":16,"turns":17},{"damage":17,"enemies":"3 Byrds","floor":18,"turns":7},{"damage":4,"enemies":"Shell Parasite","floor":20,"turns":7},{"damage":20,"enemies":"Snake Plant","floor":22,"turns":7},{"damage":62,"enemies":"Gremlin Leader","floor":24,"turns":8},{"damage":6,"enemies":"Shelled Parasite and Fungi","floor":31,"turns":3},{"damage":58,"enemies":"Champ","floor":33,"turns":20},{"damage":54,"enemies":"3 Darklings","floor":35,"turns":7},{"damage":10,"enemies":"Orb Walker","floor":36,"turns":5},{"damage":36,"enemies":"Sphere and 2 Shapes","floor":37,"turns":6},{"damage":17,"enemies":"Reptomancer","floor":40,"turns":2}],"seed_played":"-8097052135009417467","potions_obtained":[{"floor":1,"key":"DistilledChaos"},{"floor":3,"key":"Swift Potion"},{"floor":10,"key":"DuplicationPotion"},{"floor":13,"key":"FocusPotion"},{"floor":14,"key":"GamblersBrew"},{"floor":16,"key":"LiquidMemories"},{"floor":18,"key":"Explosive Potion"},{"floor":24,"key":"ColorlessPotion"},{"floor":31,"key":"BlessingOfTheForge"},{"floor":33,"key":"LiquidMemories"},{"floor":35,"key":"SpeedPotion"},{"floor":36,"key":"Ancient Potion"},{"floor":37,"key":"Regen Potion"}],"is_trial":false,"path_per_floor":["M","?","M","M","$","R","M","?","T","M","M","T","?","M","R","B",null,"M","?","M","$","M","R","E","$","T","?","?","$","R","M","R","B",null,"M","M","M","$","?","E"],"character_chosen":"DEFECT","items_purchased":["Capacitor","Storm","Runic Capacitor","Ancient Tea Set","Self Repair","Loop","OrangePellets"],"campfire_rested":5,"item_purchase_floors":[5,21,21,25,29,38,38],"current_hp_per_floor":[82,75,67,61,61,82,70,59,59,59,55,62,55,55,81,70,89,72,72,68,68,48,89,27,27,27,27,27,27,68,69,89,38,89,42,39,3,3,3,0,0],"gold":1046,"neow_bonus":"TEN_PERCENT_HP_BONUS","is_daily":false,"chose_seed":false,"campfire_upgraded":0,"win_rate":0.0,"timestamp":1614225694,"path_taken":["M","?","M","M","$","R","M","?","T","M","M","?","?","M","R","BOSS","M","?","M","$","M","R","E","$","T","?","?","$","R","M","R","BOSS","M","M","M","$","?","E"],"items_purchased_type":["Card","Card","Relic","Relic","Card","Card","Relic"],"build_version":"2020-12-22","purchased_purges":0,"victory":false,"max_hp_per_floor":[82,82,82,82,82,82,82,82,82,82,82,89,89,89,89,89,89,89,89,89,89,89,89,89,89,89,89,89,89,89,89,89,89,89,89,89,89,89,89,89,89],"card_choices":[{"not_picked":["Reprogram","Steam"],"picked":"Leap","floor":1},{"not_picked":["Aggregate","Go for the Eyes"],"picked":"Sweeping Beam","floor":3},{"not_picked":["Steam Power","Leap"],"picked":"Coolheaded","floor":4},{"not_picked":["Double Energy","Hello World"],"picked":"Rebound","floor":7},{"not_picked":["Scrape","Doom and Gloom"],"picked":"Conserve Battery","floor":10},{"not_picked":["Self Repair","Leap"],"picked":"Buffer","floor":11},{"not_picked":["Turbo","Hello World"],"picked":"Auto Shields","floor":13},{"not_picked":["Reprogram","Scrape"],"picked":"Rebound","floor":14},{"not_picked":["Amplify","Buffer"],"picked":"Seek","floor":16},{"not_picked":["Redo","Compile Driver+1"],"picked":"FTL","floor":18},{"not_picked":["Redo+1","Reboot"],"picked":"Stack","floor":20},{"not_picked":["Coolheaded","Reboot"],"picked":"Cold Snap","floor":22},{"not_picked":["Go for the Eyes","Rebound"],"picked":"Blizzard","floor":24},{"not_picked":["Storm","Heatsinks"],"picked":"Coolheaded","floor":31},{"not_picked":["Meteor Strike","Reboot"],"picked":"Creative AI","floor":33},{"not_picked":["Go for the Eyes+1","Hologram+1"],"picked":"Doom and Gloom","floor":35},{"not_picked":["Hello World","Rebound"],"picked":"Rip and Tear","floor":36},{"not_picked":["Self Repair+1","Stack"],"picked":"Gash","floor":37}],"player_experience":207071,"relics_obtained":[{"floor":9,"key":"White Beast Statue"},{"floor":12,"key":"Strawberry"},{"floor":13,"key":"Odd Mushroom"},{"floor":17,"key":"FossilizedHelix"},{"floor":17,"key":"Eternal Feather"},{"floor":17,"key":"Orichalcum"},{"floor":24,"key":"Vajra"},{"floor":26,"key":"Juzu Bracelet"}],"event_choices":[{"damage_healed":0,"gold_gain":0,"player_choice":"Success","damage_taken":7,"relics_obtained":["Cables"],"max_hp_gain":0,"max_hp_loss":0,"event_name":"Scrap Ooze","floor":2,"gold_loss":0},{"damage_healed":0,"gold_gain":75,"player_choice":"Gather Gold","damage_taken":11,"max_hp_gain":0,"max_hp_loss":0,"event_name":"World of Goop","floor":8,"gold_loss":0},{"damage_healed":0,"gold_gain":0,"player_choice":"Fought Mushrooms","damage_taken":0,"max_hp_gain":0,"max_hp_loss":0,"event_name":"Mushrooms","floor":13,"gold_loss":0},{"damage_healed":0,"gold_gain":0,"player_choice":"Inject Mutagens","damage_taken":0,"relics_obtained":["MutagenicStrength"],"max_hp_gain":0,"max_hp_loss":0,"event_name":"Drug Dealer","floor":19,"gold_loss":0},{"damage_healed":0,"gold_gain":99,"player_choice":"Stole From Cult","damage_taken":0,"max_hp_gain":0,"max_hp_loss":0,"event_name":"Nest","floor":27,"gold_loss":0},{"damage_healed":0,"gold_gain":0,"player_choice":"Opened","damage_taken":0,"relics_obtained":["Omamori"],"max_hp_gain":0,"max_hp_loss":0,"event_name":"The Mausoleum","floor":28,"gold_loss":0},{"damage_healed":0,"gold_gain":999,"player_choice":"Gold","damage_taken":0,"max_hp_gain":0,"max_hp_loss":0,"event_name":"MindBloom","floor":39,"gold_loss":0,"cards_obtained":["Normality","Normality"]}],"is_beta":false,"boss_relics":[{"not_picked":["Nuclear Battery","Ectoplasm"],"picked":"Calling Bell"},{"not_picked":["Pandora\u0027s Box","Runic Dome"],"picked":"SacredBark"}],"items_purged_floors":[],"is_endless":false,"potions_floor_spawned":[1,3,10,11,13,14,16,18,20,22,24,31,33,35,36,37],"killed_by":"Reptomancer","ascension_level":0}}