{"host":"n8n9wji6zrbfgqlo","time":1614282843,"event":{"mods":["AchievementEnabler","BaseMod","Colored Powertips","Highlight Path","Minty Spire (QoL Compilation)","Quick Restart"],"gold_per_floor":[115,115,131,142,92,92,125,125,125,137,137,166,91,168,168,269,269,281,297,297,316,329,355,355,390,390,162,162,193,203,219,219,219,219],"floor_reached":33,"language":"ENG","playtime":1550,"items_purged":["Regret"],"score":387,"play_id":"e6b005ad-cd43-456c-85d1-e62bc91d4e27","local_time":"20210225205403","is_ascension_mode":true,"campfire_choices":[{"data":"Carnage","floor":6.0,"key":"SMITH"},{"data":"Bash","floor":8.0,"key":"SMITH"},{"data":"Shockwave","floor":15.0,"key":"SMITH"},{"floor":24.0,"key":"REST"},{"floor":32,"key":"REST"}],"circlet_count":0,"master_deck":["Strike_R+1","Strike_R","Strike_R","Defend_R","Defend_R","Defend_R","Defend_R","Bash+1","Headbutt+1","Carnage+1","Shockwave+1","Flex","Dropkick","Wild Strike","Pummel","Barricade","Flame Barrier","Cleave","Heavy Blade+1","Pummel+1","Immolate","Whirlwind","Headbutt+1","Dual Wield+1","Cleave"],"relics":["Burning Blood","Potion Belt","Pear","Peace Pipe","Anchor","Philosopher\u0027s Stone","White Beast Statue","Whetstone","Juzu Bracelet","Vajra","Darkstone Periapt","The Courier"],"acts_visited":["Exordium","TheCity"],"potions_floor_usage":[33,33],"damage_taken":[{"damage":4.0,"enemies":"Small Slimes","floor":1.0,"turns":5.0},{"damage":10.0,"enemies":"2 Louse","floor":3.0,"turns":3.0},{"damage":1.0,"enemies":"Cultist","floor":4.0,"turns":3.0},{"damage":30.0,"enemies":"3 Sentries","floor":7.0,"turns":6.0},{"damage":7.0,"enemies":"Exordium Wildlife","floor":10.0,"turns":3.0},{"damage":10.0,"enemies":"Gremlin Nob","floor":12.0,"turns":3.0},{"damage":63.0,"enemies":"The Guardian","floor":16.0,"turns":11.0},{"damage":38.0,"enemies":"3 Byrds","floor":18.0,"turns":6.0},{"damage":0.0,"enemies":"Chosen","floor":19.0,"turns":3.0},{"damage":29.0,"enemies":"Centurion and Healer","floor":21.0,"turns":6.0},{"damage":0.0,"enemies":"Snecko","floor":22.0,"turns":2.0},{"damage":31.0,"enemies":"Book of Stabbing","floor":23.0,"turns":5.0},{"damage":34.0,"enemies":"Slavers","floor":25.0,"turns":4.0},{"damage":14.0,"enemies":"Book of Stabbing","floor":29.0,"turns":4.0},{"damage":23.0,"enemies":"Sentry and Sphere","floor":30.0,"turns":4.0},{"damage":14.0,"enemies":"Snake Plant","floor":31.0,"turns":4.0},{"damage":57,"enemies":"Champ","floor":33,"turns":9}],"seed_played":"-1291195995391309654","potions_obtained":[{"floor":4.0,"key":"Explosive Potion"},{"floor":7.0,"key":"Fruit Juice"},{"floor":12.0,"key":"BlessingOfTheForge"},{"floor":21.0,"key":"ElixirPotion"},{"floor":22.0,"key":"Regen Potion"},{"floor":25.0,"key":"SpeedPotion"},{"floor":29.0,"key":"FearPotion"},{"floor":30.0,"key":"Regen Potion"},{"floor":31.0,"key":"SpeedPotion"}],"is_trial":false,"path_per_floor":["M","?","M","M","?","R","E","R","T","M","?","E","$","?","R","B",null,"M","M","?","M","M","E","R","E","T","$","T","E","M","M","R","B"],"character_chosen":"IRONCLAD","items_purchased":["Vajra","Whirlwind"],"campfire_rested":2,"item_purchase_floors":[27,27],"current_hp_per_floor":[80,80,76,80,80,80,61,61,71,70,70,66,66,66,66,9,95,63,69,69,46,52,41,69,41,41,41,41,33,16,20,48,0,0],"gold":219,"neow_bonus":"ONE_RANDOM_RARE_CARD","is_daily":false,"chose_seed":false,"campfire_upgraded":3,"win_rate":0.0,"timestamp":1614282843,"path_taken":["M","?","M","M","?","R","E","R","T","M","?","E","$","?","R","BOSS","M","M","?","M","M","E","R","E","T","?","?","E","M","M","R","BOSS"],"items_purchased_type":["Relic","Card"],"build_version":"2020-12-22","purchased_purges":1,"victory":false,"max_hp_per_floor":[80,80,80,80,80,80,85,85,95,95,95,95,95,95,95,95,95,95,95,95,95,95,95,95,95,95,95,95,95,95,95,95,95,95],"card_choices":[{"not_picked":["Heavy Blade","True Grit"],"picked":"Headbutt","floor":1.0},{"not_picked":["Cleave","Flex"],"picked":"Shockwave","floor":3.0},{"not_picked":["Blood for Blood","Sentinel"],"picked":"Flex","floor":4.0},{"not_picked":["Hemokinesis","Havoc"],"picked":"Dropkick","floor":7.0},{"not_picked":["Pommel Strike","Flex"],"picked":"Wild Strike","floor":10.0},{"not_picked":["Second Wind","Dual Wield"],"picked":"Pummel","floor":12.0},{"not_picked":["Double Tap","Fiend Fire"],"picked":"Barricade","floor":16.0},{"not_picked":["Second Wind","Havoc","Dual Wield"],"picked":"SKIP","floor":18.0},{"not_picked":["Body Slam+1","Clash"],"picked":"Flame Barrier","floor":19.0},{"not_picked":["Shockwave","Body Slam+1"],"picked":"Cleave","floor":21.0},{"not_picked":["Armaments","Sword Boomerang"],"picked":"Heavy Blade+1","floor":22.0},{"not_picked":["Clash+1","Ghostly Armor"],"picked":"Pummel+1","floor":23.0},{"not_picked":["Shrug It Off","Perfected Strike+1"],"picked":"Immolate","floor":25.0},{"not_picked":["Clash+1","Twin Strike"],"picked":"Headbutt+1","floor":29.0},{"not_picked":["Heavy Blade+1","Sword Boomerang"],"picked":"Dual Wield+1","floor":30.0},{"not_picked":["Uppercut","Iron Wave"],"picked":"Cleave","floor":31.0}],"player_experience":400906,"relics_obtained":[{"floor":7.0,"key":"Potion Belt"},{"floor":9.0,"key":"Pear"},{"floor":12.0,"key":"Anchor"},{"floor":23.0,"key":"White Beast Statue"},{"floor":25.0,"key":"Whetstone"},{"floor":26.0,"key":"Juzu Bracelet"},{"floor":28.0,"key":"Darkstone Periapt"},{"floor":29.0,"key":"The Courier"}],"event_choices":[{"damage_healed":0.0,"max_hp_gain":0.0,"max_hp_loss":0.0,"gold_gain":0.0,"cards_transformed":["Corruption"],"event_name":"Living Wall","player_choice":"Change","floor":2.0,"gold_loss":0.0,"damage_taken":0.0,"cards_obtained":["Carnage"]},{"cards_removed":["Strike_R"],"damage_healed":0.0,"max_hp_gain":0.0,"max_hp_loss":0.0,"gold_gain":0.0,"event_name":"The Cleric","player_choice":"Card Removal","floor":5.0,"gold_loss":50.0,"damage_taken":0.0},{"damage_healed":0.0,"max_hp_gain":0.0,"max_hp_loss":0.0,"gold_gain":0.0,"event_name":"Big Fish","player_choice":"Box","floor":11.0,"gold_loss":0.0,"damage_taken":0.0,"relics_obtained":["Peace Pipe"],"cards_obtained":["Regret"]},{"damage_healed":0.0,"max_hp_gain":0.0,"max_hp_loss":0.0,"gold_gain":77.0,"event_name":"Golden Wing","player_choice":"Gained Gold","floor":14.0,"gold_loss":0.0,"damage_taken":0.0},{"cards_removed":["Strike_R"],"damage_healed":0.0,"max_hp_gain":0.0,"max_hp_loss":0.0,"gold_gain":0.0,"event_name":"Purifier","player_choice":"Purged","floor":20.0,"gold_loss":0.0,"damage_taken":0.0}],"is_beta":false,"boss_relics":[{"not_picked":["Runic Dome","Coffee Dripper"],"picked":"Philosopher\u0027s Stone"}],"items_purged_floors":[13],"is_endless":false,"potions_floor_spawned":[4,7,12,21,22,25,29,30,31],"killed_by":"Champ","ascension_level":3}}