{"host":"m0bekkrd201b63ug","time":1614257346,"event":{"mods":["AchievementEnabler","BaseMod","Colored Powertips","Highlight Path","Minty Spire (QoL Compilation)","Rare Cards Sparkle","StSLib","SuperFastMode","everything is the same but u backflip on backflip","slay the spire mod where everything is the same but ironclad has a cowboy hat"],"gold_per_floor":[111,111,136,159,159,159,172,172,172,172,212,231,196,98,98,217,217,241,256,8,8,8],"floor_reached":21,"language":"ENG","playtime":568,"items_purged":["Strike_B","Strike_B"],"score":277,"play_id":"8dcdb367-299a-404d-b71f-84d181e0b453","local_time":"20210225094906","is_ascension_mode":true,"campfire_choices":[{"data":"Loop","floor":6.0,"key":"SMITH"},{"data":"Loop","floor":8.0,"key":"SMITH"},{"floor":10.0,"key":"REST"},{"data":"Auto Shields","floor":15,"key":"SMITH"}],"circlet_count":0,"master_deck":["AscendersBane","Strike_B","Defend_B","Defend_B","Defend_B","Defend_B","Zap","Dualcast","Streamline","Leap","Ball Lightning","Loop+1","Loop+1","Thunder Strike","Conserve Battery","Auto Shields+1","Leap","Seek","Coolheaded+1","Leap","Fission","Self Repair"],"relics":["Cracked Core","Prayer Wheel","Golden Idol","Matryoshka","Bottled Flame","SacredBark"],"acts_visited":["Exordium","TheCity"],"potions_floor_usage":[16,18],"damage_taken":[{"damage":1.0,"enemies":"Cultist","floor":1.0,"turns":4.0},{"damage":3.0,"enemies":"2 Louse","floor":3.0,"turns":2.0},{"damage":2.0,"enemies":"Jaw Worm","floor":4.0,"turns":3.0},{"damage":22.0,"enemies":"Exordium Wildlife","floor":7.0,"turns":3.0},{"damage":17.0,"enemies":"Lagavulin","floor":11.0,"turns":5.0},{"damage":14.0,"enemies":"Red Slaver","floor":12.0,"turns":2.0},{"damage":23,"enemies":"The Guardian","floor":16,"turns":11},{"damage":13,"enemies":"Spheric Guardian","floor":18,"turns":4},{"damage":30,"enemies":"3 Byrds","floor":19,"turns":5},{"damage":0,"enemies":"Sentry and Sphere","floor":21,"turns":2}],"seed_played":"1058607584621150469","potions_obtained":[{"floor":7.0,"key":"SkillPotion"},{"floor":12,"key":"ColorlessPotion"}],"is_trial":false,"path_per_floor":["M","?","M","M","?","R","M","R","T","R","E","M","?","$","R","B",null,"M","M","$","M"],"character_chosen":"DEFECT","items_purchased":["Leap","Fission","Self Repair"],"campfire_rested":1,"item_purchase_floors":[14,20,20],"current_hp_per_floor":[67,50,47,45,45,45,23,23,23,43,26,12,29,29,29,6,53,40,10,10,10,10],"gold":8,"neow_bonus":"ONE_RARE_RELIC","is_daily":false,"chose_seed":false,"campfire_upgraded":3,"win_rate":0.0,"timestamp":1614257346,"path_taken":["M","?","M","M","?","R","?","R","T","R","E","M","?","$","R","BOSS","M","M","$","M"],"items_purchased_type":["Card","Card","Card"],"build_version":"2020-12-22","purchased_purges":2,"victory":false,"max_hp_per_floor":[68,68,68,68,68,68,68,68,68,68,68,68,68,68,68,68,68,68,68,68,68,68],"card_choices":[{"not_picked":["Compile Driver","Rebound"],"picked":"Streamline","floor":1.0},{"not_picked":["Chill","Coolheaded"],"picked":"Leap","floor":1.0},{"not_picked":["Cold Snap","BootSequence"],"picked":"Ball Lightning","floor":3.0},{"not_picked":["Coolheaded","Aggregate","Streamline"],"picked":"SKIP","floor":3.0},{"not_picked":["Turbo","Sweeping Beam"],"picked":"Loop","floor":4.0},{"not_picked":["Fusion","FTL"],"picked":"Loop","floor":4.0},{"not_picked":["Rebound","Sunder"],"picked":"Conserve Battery","floor":7.0},{"not_picked":["Multi-Cast","Redo","Barrage"],"picked":"SKIP","floor":7.0},{"not_picked":["Ball Lightning","Cold Snap","Rebound"],"picked":"SKIP","floor":11.0},{"not_picked":["Fission","Turbo"],"picked":"Auto Shields","floor":12},{"not_picked":["Beam Cell","Static Discharge","Rebound"],"picked":"SKIP","floor":12},{"not_picked":["Buffer","Creative AI"],"picked":"Seek","floor":16},{"not_picked":["Conserve Battery","Blizzard"],"picked":"Coolheaded+1","floor":18},{"not_picked":["Reinforced Body","Coolheaded","Defragment"],"picked":"SKIP","floor":18},{"not_picked":["Conserve Battery","Fusion"],"picked":"Leap","floor":19},{"not_picked":["Steam Power","Sunder","Coolheaded"],"picked":"SKIP","floor":19}],"player_experience":303539,"relics_obtained":[{"floor":9.0,"key":"Matryoshka"},{"floor":11.0,"key":"Bottled Flame"}],"event_choices":[{"damage_healed":0.0,"max_hp_gain":0.0,"max_hp_loss":0.0,"gold_gain":0.0,"event_name":"Golden Idol","player_choice":"Take Damage","floor":2.0,"gold_loss":0.0,"damage_taken":17.0,"relics_obtained":["Golden Idol"]},{"damage_healed":0.0,"max_hp_gain":0.0,"max_hp_loss":0.0,"gold_gain":0.0,"cards_transformed":["Strike_B"],"event_name":"Transmorgrifier","player_choice":"Transformed","floor":5.0,"gold_loss":0.0,"damage_taken":0.0,"cards_obtained":["Thunder Strike"]},{"damage_healed":17,"gold_gain":0,"player_choice":"Healed","damage_taken":0,"max_hp_gain":0,"max_hp_loss":0,"event_name":"The Cleric","floor":13,"gold_loss":35}],"is_beta":false,"boss_relics":[{"not_picked":["Inserter","Snecko Eye"],"picked":"SacredBark"}],"items_purged_floors":[14,20],"is_endless":false,"potions_floor_spawned":[7,11,12],"killed_by":"Sentry and Sphere","ascension_level":11}}