{"host":"l1pf8md6w6jccf6p","time":1614240325,"event":{"mods":["AchievementEnabler","BaseMod","Block Reminder","Colored Map","Googly Eyes","Minty Spire (QoL Compilation)","StSLib","The Cursed"],"gold_per_floor":[112,123,75,92,167,167,193,193,193,193,220,67,67,83,83,178,228,240,240,253,27,40,40,40,40],"floor_reached":24,"language":"ENG","playtime":1596,"items_purged":[],"score":194,"play_id":"1921381d-bd3f-4232-a4ed-c82bd0403ffb","local_time":"20210225030525","is_ascension_mode":false,"campfire_choices":[{"floor":6,"key":"REST"},{"floor":8,"key":"REST"},{"data":"ForeignInfluence","floor":10,"key":"SMITH"},{"data":"MasterReality","floor":13,"key":"SMITH"},{"floor":15,"key":"REST"},{"floor":23,"key":"REST"}],"circlet_count":0,"master_deck":["Strike_P","Strike_P+1","Strike_P","Strike_P+1","Defend_P","Defend_P","Defend_P+1","Defend_P","Eruption","Vigilance","Swivel","Prostrate","Prostrate","ForeignInfluence+1","Wish","PathToVictory","LessonLearned","EmptyFist","Crescendo","Eruption","PathToVictory","Bandage Up","FlurryOfBlows"],"relics":["PureWater","Lantern","Letter Opener","Strawberry","Strange Spoon","Tiny House","Oddly Smooth Stone"],"acts_visited":["Exordium","TheCity"],"potions_floor_usage":[7,16,18,18,20,24],"damage_taken":[{"damage":0,"enemies":"Cultist","floor":1,"turns":2},{"damage":28,"enemies":"Jaw Worm","floor":2,"turns":5},{"damage":0,"enemies":"2 Louse","floor":4,"turns":4},{"damage":31,"enemies":"Lagavulin","floor":7,"turns":13},{"damage":3,"enemies":"Exordium Thugs","floor":14,"turns":3},{"damage":59,"enemies":"Hexaghost","floor":16,"turns":17},{"damage":8,"enemies":"Spheric Guardian","floor":18,"turns":4},{"damage":27,"enemies":"3 Byrds","floor":20,"turns":7},{"damage":25,"enemies":"Snake Plant","floor":22,"turns":3},{"damage":69,"enemies":"Book of Stabbing","floor":24,"turns":6}],"seed_played":"1022167095701193747","potions_obtained":[{"floor":4,"key":"Block Potion"},{"floor":7,"key":"FearPotion"},{"floor":16,"key":"StancePotion"},{"floor":17,"key":"SteroidPotion"},{"floor":18,"key":"Strength Potion"},{"floor":20,"key":"Ancient Potion"}],"is_trial":false,"path_per_floor":["M","M","$","M","?","R","E","R","T","R","T","$","R","M","R","B",null,"M","?","M","$","M","R","E"],"character_chosen":"WATCHER","items_purchased":["Prostrate","Strange Spoon","Bandage Up","Oddly Smooth Stone"],"campfire_rested":4,"item_purchase_floors":[3,12,21,21],"current_hp_per_floor":[72,44,44,44,33,54,23,44,44,44,51,51,51,48,71,12,84,76,76,49,49,28,53,0,0],"gold":40,"neow_bonus":"ONE_RANDOM_RARE_CARD","is_daily":false,"chose_seed":false,"campfire_upgraded":2,"win_rate":0.0,"timestamp":1614240325,"path_taken":["M","M","$","?","?","R","E","R","T","R","?","?","R","M","R","BOSS","M","?","M","?","M","R","E"],"items_purchased_type":["Card","Relic","Card","Relic"],"build_version":"2020-12-22","purchased_purges":0,"victory":false,"max_hp_per_floor":[72,72,72,72,72,72,72,72,72,72,79,79,79,79,79,79,84,84,84,84,84,84,84,84,84],"card_choices":[{"not_picked":["Crescendo","PathToVictory"],"picked":"Swivel","floor":1},{"not_picked":["Weave","Nirvana"],"picked":"Prostrate","floor":2},{"not_picked":["PathToVictory","Adaptation"],"picked":"ForeignInfluence","floor":4},{"not_picked":["Wireheading","Halt"],"picked":"Wish","floor":7},{"not_picked":["WaveOfTheHand","Indignation"],"picked":"PathToVictory","floor":14},{"not_picked":["Omniscience","MasterReality"],"picked":"LessonLearned","floor":16},{"not_picked":["ClearTheMind","CrushJoints"],"picked":"EmptyFist","floor":17},{"not_picked":["InnerPeace","Evaluate"],"picked":"Crescendo","floor":18},{"not_picked":["EmptyFist","FlyingSleeves"],"picked":"PathToVictory","floor":20},{"not_picked":["BowlingBash","EmptyBody"],"picked":"FlurryOfBlows","floor":22}],"player_experience":85846,"relics_obtained":[{"floor":7,"key":"Lantern"},{"floor":9,"key":"Letter Opener"},{"floor":11,"key":"Strawberry"}],"event_choices":[{"damage_healed":0,"gold_gain":75,"player_choice":"Gather Gold","damage_taken":11,"max_hp_gain":0,"max_hp_loss":0,"event_name":"World of Goop","floor":5,"gold_loss":0},{"cards_removed":["MasterReality"],"damage_healed":0,"gold_gain":0,"player_choice":"Took Card","damage_taken":0,"max_hp_gain":0,"max_hp_loss":0,"event_name":"NoteForYourself","floor":19,"gold_loss":0,"cards_obtained":["Eruption"]}],"is_beta":false,"boss_relics":[{"not_picked":["Philosopher\u0027s Stone","Fusion Hammer"],"picked":"Tiny House"}],"items_purged_floors":[],"is_endless":false,"potions_floor_spawned":[4,7,16,18,20],"killed_by":"Book of Stabbing","ascension_level":0}}