{"host":"kh6fvhxn285ncg0o","time":1614214382,"event":{"mods":["Act Like it!","BaseMod","Colored Map","Friendly Minions","Keyboard Shortcuts","Minty Spire (QoL Compilation)","Quick Restart","Relic Stats","StSLib","SuperFastMode","UnlockEverythingMod"],"gold_per_floor":[110,110,110,124,124,124,163,163,190,190,209,209,209,78,78,78,78],"floor_reached":16,"language":"KOR","playtime":280,"items_purged":["Strike_R"],"score":192,"play_id":"83cc80b0-a854-43d3-af64-11041ed895f3","local_time":"20210225095302","is_ascension_mode":true,"campfire_choices":[{"data":"Pommel Strike","floor":6.0,"key":"SMITH"},{"data":"Rage","floor":8.0,"key":"SMITH"},{"floor":10.0,"key":"REST"},{"data":"Bash","floor":15.0,"key":"PURGE"}],"circlet_count":0,"master_deck":["AscendersBane","Strike_R","Defend_R","Defend_R","Defend_R","Defend_R","Rage+1","Pommel Strike+1","Burning Pact","Power Through"],"relics":["Burning Blood","Golden Idol","PreservedInsect","Dream Catcher","Potion Belt","Peace Pipe"],"acts_visited":["Exordium"],"potions_floor_usage":[16,16],"damage_taken":[{"damage":15.0,"enemies":"Small Slimes","floor":1.0,"turns":5.0},{"damage":11.0,"enemies":"Cultist","floor":4.0,"turns":4.0},{"damage":58.0,"enemies":"Gremlin Nob","floor":7.0,"turns":5.0},{"damage":0.0,"enemies":"Jaw Worm","floor":11.0,"turns":3.0},{"damage":17,"enemies":"The Guardian","floor":16,"turns":9}],"seed_played":"-6076656065302563123","potions_obtained":[{"floor":4.0,"key":"PowerPotion"},{"floor":7.0,"key":"Energy Potion"}],"is_trial":false,"path_per_floor":["M","?","?","M","?","R","E","R","T","R","M","T","?","$","R","B"],"character_chosen":"IRONCLAD","items_purchased":["Dexterity Potion"],"campfire_rested":1,"item_purchase_floors":[14],"current_hp_per_floor":[41,34,75,70,68,68,16,16,16,36,42,42,31,31,31,14,14],"gold":78,"neow_bonus":"REMOVE_TWO","is_daily":false,"chose_seed":false,"campfire_upgraded":2,"win_rate":0.0,"timestamp":1614214382,"path_taken":["M","?","?","?","?","R","E","R","T","R","M","?","?","$","R","BOSS"],"items_purchased_type":["Potion"],"build_version":"2020-12-22","purchased_purges":1,"victory":false,"max_hp_per_floor":[75,75,75,75,68,68,68,68,68,68,68,68,68,68,68,68,68],"relic_stats":{"Peace Pipe":1,"Dream Catcher":1,"counters":[5,26],"Golden Idol":12,"PreservedInsect":0,"obtain_stats":[{"Potion Belt":12,"Peace Pipe":13,"Dream Catcher":9,"Golden Idol":5,"PreservedInsect":7,"Burning Blood":0},{"Potion Belt":4,"Peace Pipe":4,"Dream Catcher":3,"Golden Idol":2,"PreservedInsect":3,"Burning Blood":0},{"Potion Belt":17,"Peace Pipe":17,"Dream Catcher":14,"Golden Idol":9,"PreservedInsect":14,"Burning Blood":0}],"Burning Blood":24},"card_choices":[{"not_picked":["Body Slam","Combust"],"picked":"Rage","floor":1.0},{"not_picked":["Headbutt","Iron Wave"],"picked":"Pommel Strike","floor":4.0},{"not_picked":["Sword Boomerang","Whirlwind"],"picked":"Burning Pact","floor":7.0},{"not_picked":["Clothesline","Combust"],"picked":"Power Through","floor":11.0}],"player_experience":1518077,"relics_obtained":[{"floor":7.0,"key":"PreservedInsect"},{"floor":9.0,"key":"Dream Catcher"},{"floor":12.0,"key":"Potion Belt"}],"event_choices":[{"cards_removed":["Strike_R"],"damage_healed":0.0,"max_hp_gain":0.0,"max_hp_loss":0.0,"gold_gain":0.0,"event_name":"Golden Wing","player_choice":"Card Removal","floor":2.0,"gold_loss":0.0,"damage_taken":7.0},{"damage_healed":41.0,"max_hp_gain":0.0,"max_hp_loss":0.0,"gold_gain":0.0,"event_name":"Wheel of Change","player_choice":"Full Heal","floor":3.0,"gold_loss":0.0,"damage_taken":0.0},{"damage_healed":0.0,"max_hp_gain":0.0,"max_hp_loss":7.0,"gold_gain":0.0,"event_name":"Golden Idol","player_choice":"Lose Max HP","floor":5.0,"gold_loss":0.0,"damage_taken":0.0,"relics_obtained":["Golden Idol"]},{"damage_healed":0.0,"max_hp_gain":0.0,"max_hp_loss":0.0,"gold_gain":0.0,"event_name":"Scrap Ooze","player_choice":"Success","floor":13.0,"gold_loss":0.0,"damage_taken":11.0,"relics_obtained":["Peace Pipe"]}],"is_beta":false,"boss_relics":[],"items_purged_floors":[14],"is_endless":false,"potions_floor_spawned":[4,7],"killed_by":"The Guardian","ascension_level":20}}