{"host":"24vdok87ydm8sokm","time":1614260092,"event":{"mods":["AchievementEnabler","BaseMod","Colored Map","Colored Powertips","Minty Spire (QoL Compilation)","StSLib"],"gold_per_floor":[117,117,136,150,169,196,196,196,245,280,297,331,331,364,364,467,467,436,448,448,152,165,165,165],"floor_reached":23,"language":"ENG","playtime":2705,"items_purged":[],"score":258,"play_id":"78427500-d3b0-4ee8-89fa-e3bffaa17a27","local_time":"20210225073452","is_ascension_mode":true,"campfire_choices":[{"floor":7,"key":"REST"},{"data":"Night Terror","floor":13,"key":"SMITH"},{"data":"Neutralize","floor":15,"key":"SMITH"}],"circlet_count":0,"master_deck":["Strike_G","Strike_G","Strike_G","Strike_G+1","Strike_G","Defend_G","Defend_G","Defend_G","Defend_G","Defend_G","Survivor","Neutralize+1","Neutralize+1","Dash","Prepared","Backflip","Night Terror+1","Acrobatics","Malaise","PiercingWail"],"relics":["Ring of the Snake","Pen Nib","Pear","Bag of Preparation","Whetstone","Orichalcum","Omamori","SlaversCollar","MutagenicStrength","Happy Flower","ClockworkSouvenir"],"acts_visited":["Exordium","TheCity"],"potions_floor_usage":[6,6,14,14,16],"damage_taken":[{"damage":0,"enemies":"Jaw Worm","floor":1,"turns":5},{"damage":0,"enemies":"Cultist","floor":3,"turns":3},{"damage":0,"enemies":"Small Slimes","floor":4,"turns":3},{"damage":0,"enemies":"2 Fungi Beasts","floor":5,"turns":4},{"damage":23,"enemies":"Lagavulin","floor":6,"turns":12},{"damage":19,"enemies":"3 Sentries","floor":10,"turns":10},{"damage":0,"enemies":"3 Louse","floor":11,"turns":4},{"damage":0,"enemies":"Gremlin Nob","floor":12,"turns":4},{"damage":13,"enemies":"Lagavulin","floor":14,"turns":8},{"damage":21,"enemies":"Hexaghost","floor":16,"turns":11},{"damage":21,"enemies":"2 Thieves","floor":18,"turns":5},{"damage":21,"enemies":"Spheric Guardian","floor":19,"turns":8},{"damage":7,"enemies":"Cultist and Chosen","floor":22,"turns":8},{"damage":34,"enemies":"Gremlin Leader","floor":23,"turns":6}],"seed_played":"4531575041137272755","potions_obtained":[{"floor":3,"key":"Fire Potion"},{"floor":4,"key":"BlessingOfTheForge"},{"floor":6,"key":"PowerPotion"},{"floor":10,"key":"Regen Potion"},{"floor":14,"key":"Strength Potion"}],"is_trial":false,"path_per_floor":["M","?","M","M","M","E","R","?","T","E","M","E","R","E","R","B",null,"M","M","?","$","M","E"],"character_chosen":"THE_SILENT","items_purchased":["Happy Flower","ClockworkSouvenir"],"campfire_rested":1,"item_purchase_floors":[21,21],"current_hp_per_floor":[70,70,70,70,70,57,80,80,80,61,61,61,61,63,63,42,80,59,38,38,38,31,0,0],"gold":165,"neow_bonus":"RANDOM_COMMON_RELIC","is_daily":false,"chose_seed":false,"campfire_upgraded":2,"win_rate":0.0,"timestamp":1614260092,"path_taken":["M","?","?","M","?","E","R","?","T","E","M","E","R","E","R","BOSS","M","M","?","$","M","E"],"items_purchased_type":["Relic","Relic"],"build_version":"2020-12-22","purchased_purges":0,"victory":false,"max_hp_per_floor":[70,70,70,70,70,80,80,80,80,80,80,80,80,80,80,80,80,80,80,80,80,80,80,80],"card_choices":[{"not_picked":["Dagger Throw","Accuracy","Flechettes"],"picked":"SKIP","floor":1},{"not_picked":["Finisher","Deadly Poison"],"picked":"Backflip","floor":3},{"not_picked":["Skewer","Dagger Spray","Outmaneuver"],"picked":"SKIP","floor":4},{"not_picked":["Underhanded Strike","Deadly Poison","Flechettes"],"picked":"SKIP","floor":5},{"not_picked":["Finisher","Quick Slash"],"picked":"Night Terror","floor":6},{"not_picked":["Underhanded Strike","Accuracy","Dagger Spray"],"picked":"SKIP","floor":10},{"not_picked":["Dodge and Roll","Accuracy","Eviscerate"],"picked":"SKIP","floor":11},{"not_picked":["Deflect","Poisoned Stab"],"picked":"Acrobatics","floor":12},{"not_picked":["Flying Knee","Blade Dance"],"picked":"Malaise","floor":14},{"not_picked":["Tactician","Blur+1","Dagger Throw"],"picked":"SKIP","floor":18},{"not_picked":["Poisoned Stab+1","Blur"],"picked":"PiercingWail","floor":19},{"not_picked":["Bane","Prepared","Skewer"],"picked":"SKIP","floor":22}],"player_experience":126211,"relics_obtained":[{"floor":6,"key":"Pear"},{"floor":9,"key":"Bag of Preparation"},{"floor":10,"key":"Whetstone"},{"floor":12,"key":"Orichalcum"},{"floor":14,"key":"Omamori"}],"event_choices":[{"damage_healed":0,"gold_gain":0,"player_choice":"3 cards matched","damage_taken":0,"max_hp_gain":0,"max_hp_loss":0,"event_name":"Match and Keep!","floor":2,"gold_loss":0,"cards_obtained":["Neutralize","Dash","Prepared"]},{"damage_healed":0,"gold_gain":0,"player_choice":"Leave","damage_taken":0,"max_hp_gain":0,"max_hp_loss":0,"event_name":"The Cleric","floor":8,"gold_loss":0},{"damage_healed":0,"gold_gain":0,"player_choice":"Inject Mutagens","damage_taken":0,"relics_obtained":["MutagenicStrength"],"max_hp_gain":0,"max_hp_loss":0,"event_name":"Drug Dealer","floor":20,"gold_loss":0}],"is_beta":false,"boss_relics":[{"not_picked":["Black Star","Runic Dome"],"picked":"SlaversCollar"}],"items_purged_floors":[],"is_endless":false,"potions_floor_spawned":[3,4,6,10,14],"killed_by":"Gremlin Leader","ascension_level":1}}