{"host":"uexz8m6e0pxi7xat","time":1614234820,"event":{"mods":["BaseMod","Bestiary","Minty Spire (QoL Compilation)","Relic Stats","ojb\u0027s Info Mod"],"gold_per_floor":[119,137,34,34,48,81,112,124,136,162,174,174],"floor_reached":11,"language":"ENG","playtime":1007,"items_purged":[],"score":150,"play_id":"18e68ef4-c7eb-4944-a173-94e09d24f869","local_time":"20210225193340","is_ascension_mode":true,"campfire_choices":[{"data":"Carnage","floor":8,"key":"SMITH"}],"circlet_count":0,"master_deck":["AscendersBane","Strike_R","Strike_R","Strike_R","Strike_R","Strike_R","Defend_R","Defend_R","Defend_R","Defend_R","Bash+1","Cleave","Thunderclap","Feel No Pain","Headbutt","Second Wind","Carnage+1","Feed","Metallicize"],"relics":["Burning Blood","Blood Vial","MawBank","Nunchaku"],"acts_visited":["Exordium"],"potions_floor_usage":[10],"damage_taken":[{"damage":4,"enemies":"Jaw Worm","floor":1,"turns":4},{"damage":6,"enemies":"Cultist","floor":2,"turns":3},{"damage":12,"enemies":"Small Slimes","floor":5,"turns":3},{"damage":30,"enemies":"3 Sentries","floor":6,"turns":9},{"damage":22,"enemies":"3 Louse","floor":7,"turns":4},{"damage":27,"enemies":"Exordium Wildlife","floor":10,"turns":5},{"damage":32,"enemies":"Gremlin Nob","floor":11,"turns":3}],"seed_played":"-8299454731604980153","potions_obtained":[{"floor":5,"key":"Weak Potion"}],"is_trial":false,"path_per_floor":["M","M","$","?","M","E","M","R","T","M","E"],"character_chosen":"IRONCLAD","items_purchased":["Feel No Pain","Headbutt"],"campfire_rested":0,"item_purchase_floors":[3,3],"current_hp_per_floor":[72,74,74,74,69,47,33,33,33,14,0,0],"gold":174,"neow_bonus":"RANDOM_COMMON_RELIC","is_daily":false,"chose_seed":false,"campfire_upgraded":1,"win_rate":0.0,"timestamp":1614234820,"path_taken":["M","M","$","?","M","E","M","R","T","M","E"],"items_purchased_type":["Card","Card"],"build_version":"2020-12-22","purchased_purges":0,"victory":false,"max_hp_per_floor":[75,75,75,75,75,75,75,75,75,75,75,75],"relic_stats":{"Blood Vial":13,"Nunchaku":[1],"counters":[7,31],"MawBank":60,"obtain_stats":[{"Blood Vial":0,"Nunchaku":9,"MawBank":6,"Burning Blood":0},{"Blood Vial":0,"Nunchaku":5,"MawBank":4,"Burning Blood":0},{"Blood Vial":0,"Nunchaku":23,"MawBank":19,"Burning Blood":0}],"Burning Blood":36},"card_choices":[{"not_picked":["Perfected Strike","Iron Wave"],"picked":"Cleave","floor":1},{"not_picked":["Armaments","Iron Wave"],"picked":"Thunderclap","floor":2},{"not_picked":["Shrug It Off","Anger"],"picked":"Second Wind","floor":5},{"not_picked":["Clothesline","Flex"],"picked":"Carnage","floor":6},{"not_picked":["Clash","Infernal Blade"],"picked":"Feed","floor":7},{"not_picked":["Clothesline","Flex"],"picked":"Metallicize","floor":10}],"player_experience":1113180,"relics_obtained":[{"floor":6,"key":"MawBank"},{"floor":9,"key":"Nunchaku"}],"event_choices":[{"damage_healed":0,"gold_gain":0,"player_choice":"Upgraded","damage_taken":0,"max_hp_gain":0,"max_hp_loss":0,"event_name":"Upgrade Shrine","floor":4,"gold_loss":0,"cards_upgraded":["Bash"]}],"is_beta":false,"boss_relics":[],"items_purged_floors":[],"is_endless":false,"potions_floor_spawned":[5],"killed_by":"Gremlin Nob","ascension_level":20}}