{"host":"iti9xkbcm5v843sw","time":1614219113,"event":{"mods":["Act Like it!","BaseMod","CapriCore","Conspire","Marisa£®ÏF”Í°°ƒß¿Ì…≥£©","Minty Spire (QoL Compilation)","Quick Restart","Reimu£®≤©¿ˆ¡È√Œ£©","Relic Stats","Remilia£®¿Ÿ√◊¿Ú—«£©","Replay The Spire","RumiaBox-¬∂√◊Ê´µƒ…Ò√ÿ∫–◊”","StSLib","Youmu£®ªÍ∆«—˝√Œ£©"],"gold_per_floor":[109,123,133,152,171,197,197,216,216,231,294,309,319,334,334,430,430,430,430],"floor_reached":18,"language":"ZHS","playtime":3330,"items_purged":[],"score":172,"play_id":"25ce12ba-10c5-46dd-86e8-56bcb99aab31","local_time":"20210225101153","is_ascension_mode":false,"campfire_choices":[{"floor":7.0,"key":"REST"},{"data":"NineCharacters:ReiMu","floor":15,"key":"SMITH"}],"circlet_count":0,"master_deck":["Strike_Lin:ReiMu","Strike_Lin:ReiMu","Strike_Lin:ReiMu","Strike_Lin:ReiMu","Defend_Lin:ReiMu","Defend_Lin:ReiMu","Defend_Lin:ReiMu","Defend_Lin:ReiMu","NB:ReiMu","Stagnation:ReiMu","SpreadBorder2:ReiMu","AlertArray:ReiMu","AirStrike:ReiMu","SubAcupoint:ReiMu","EmergencyTakeOff:ReiMu","FantasyBorder:ReiMu","WonderfulDomain:ReiMu","Amulet:ReiMu","NineCharacters:ReiMu+1","ManaGlint:ReiMu","SubcavityInstant:ReiMu","Mountainwind:ReiMu","BlastKick2:ReiMu"],"relics":["FlyPower:ReiMu","Meat on the Bone","Singing Bowl","Baka2","FlyPower:ReiMu","Busted Crown"],"acts_visited":["Exordium","TheCity"],"potions_floor_usage":[],"damage_taken":[{"damage":0.0,"enemies":"conspire:RoseBush","floor":1.0,"turns":4.0},{"damage":7.0,"enemies":"Cultist","floor":2.0,"turns":6.0},{"damage":6.0,"enemies":"2 Louse","floor":3.0,"turns":4.0},{"damage":5.0,"enemies":"Exordium Thugs","floor":4.0,"turns":7.0},{"damage":6.0,"enemies":"Looter","floor":5.0,"turns":4.0},{"damage":40.0,"enemies":"3 Sentries","floor":6.0,"turns":14.0},{"damage":1.0,"enemies":"Red Slaver","floor":8.0,"turns":4.0},{"damage":12.0,"enemies":"3 Louse","floor":10.0,"turns":6.0},{"damage":4.0,"enemies":"conspire:2 RoseBushes","floor":11.0,"turns":7.0},{"damage":12.0,"enemies":"Exordium Wildlife","floor":12.0,"turns":8.0},{"damage":0.0,"enemies":"Large Slime","floor":13.0,"turns":6.0},{"damage":3,"enemies":"3 Louse","floor":14,"turns":4},{"damage":47,"enemies":"Fading Forest","floor":16,"turns":11},{"damage":13,"enemies":"conspire:FuzzyDice","floor":18,"turns":4}],"seed_played":"9136911003816115715","potions_obtained":[{"floor":1.0,"key":"DistilledChaos"},{"floor":2.0,"key":"Ancient Potion"},{"floor":6.0,"key":"Weak Potion"},{"floor":8.0,"key":"PowerPotion"},{"floor":14,"key":"LiquidBronze"}],"is_trial":false,"path_per_floor":["M","M","M","M","M","E","R","M","T","M","M","M","M","M","R","B",null,"M"],"character_chosen":"REIMU","items_purchased":[],"campfire_rested":1,"item_purchase_floors":[],"current_hp_per_floor":[71,64,58,53,47,7,28,39,39,39,47,47,47,71,71,40,71,58,58],"gold":430,"neow_bonus":"TEN_PERCENT_HP_BONUS","is_daily":false,"chose_seed":false,"campfire_upgraded":1,"win_rate":0.0,"timestamp":1614219113,"path_taken":["M","M","M","M","M","E","R","M","T","M","M","M","M","M","R","BOSS","M"],"items_purchased_type":[],"build_version":"2020-12-22","purchased_purges":0,"victory":false,"max_hp_per_floor":[71,71,71,71,71,71,71,71,71,71,71,71,71,71,71,71,71,71,71],"relic_stats":{"Busted Crown":0,"Singing Bowl":0,"counters":[14,88],"obtain_stats":[{"Baka2":13,"Busted Crown":17,"Singing Bowl":9,"Baka":1,"FlyPower:ReiMu":0,"Meat on the Bone":6},{"Baka2":11,"Busted Crown":13,"Singing Bowl":7,"Baka":1,"FlyPower:ReiMu":0,"Meat on the Bone":6},{"Baka2":69,"Busted Crown":84,"Singing Bowl":43,"Baka":4,"FlyPower:ReiMu":0,"Meat on the Bone":39}],"Meat on the Bone":60},"card_choices":[{"not_picked":["CollectionFlower2:ReiMu","AlertArray:ReiMu"],"picked":"SpreadBorder2:ReiMu","floor":1.0},{"not_picked":["WonderfulDomain:ReiMu","SubcavityInstant:ReiMu"],"picked":"AlertArray:ReiMu","floor":2.0},{"not_picked":["Intuition:ReiMu","LearningPray:ReiMu"],"picked":"AirStrike:ReiMu","floor":3.0},{"not_picked":["LearningPray:ReiMu","Shading:ReiMu"],"picked":"SubAcupoint:ReiMu","floor":4.0},{"not_picked":["Conquer:ReiMu","FantasyMoon:ReiMu"],"picked":"EmergencyTakeOff:ReiMu","floor":5.0},{"not_picked":["YinYang:ReiMu","CareerPray:ReiMu"],"picked":"FantasyBorder:ReiMu","floor":6.0},{"not_picked":["Revelation:ReiMu","CareerPray:ReiMu"],"picked":"WonderfulDomain:ReiMu","floor":8.0},{"not_picked":["EmergencyTakeOff:ReiMu","AlertArray:ReiMu"],"picked":"Amulet:ReiMu","floor":10.0},{"not_picked":["AirStrike:ReiMu","Revelation:ReiMu"],"picked":"NineCharacters:ReiMu","floor":11.0},{"not_picked":["RainPray2:ReiMu","Enchanting:ReiMu"],"picked":"ManaGlint:ReiMu","floor":12.0},{"not_picked":["AirStrike:ReiMu","SubAcupoint:ReiMu"],"picked":"SubcavityInstant:ReiMu","floor":13.0},{"not_picked":["RunawayExorcism:ReiMu","RainPray2:ReiMu"],"picked":"Mountainwind:ReiMu","floor":14},{"not_picked":["RunawayExorcism:ReiMu","KyokaiOfKami:ReiMu"],"picked":"BlastKick2:ReiMu","floor":16}],"player_experience":245571,"relics_obtained":[{"floor":1.0,"key":"Baka"},{"floor":6.0,"key":"Meat on the Bone"},{"floor":9.0,"key":"Singing Bowl"},{"floor":13.0,"key":"Baka2"},{"floor":16,"key":"FlyPower:ReiMu"}],"event_choices":[],"is_beta":false,"boss_relics":[{"not_picked":["Coffee Dripper","SacredBark"],"picked":"Busted Crown"}],"items_purged_floors":[],"is_endless":false,"potions_floor_spawned":[1,2,6,8,12,14],"killed_by":"conspire:FuzzyDice","ascension_level":0}}