{"host":"gfybn4j1d26rvz5e","time":1614224215,"event":{"mods":["BaseMod","Better Altar","Better Match","Better Note","Better Sensory Stone","Better Skull","Better Third Choice","BetterRewards","Highlight Path","Minty Spire (QoL Compilation)","Random Character Button","Relic Stats","StSLib"],"gold_per_floor":[111,12,12,28,28,28,38,58,82,95,45,72,85,105,105,209,209,224,224,224,234,253,253,98,147,147,147,147],"floor_reached":27,"language":"ENG","playtime":722,"items_purged":["Strike_G"],"score":265,"play_id":"7397219a-33bb-4b25-b8ce-6b8576b81495","local_time":"20210224213655","daily_mods":["Specialized","Uncertain Future","Lethality"],"is_ascension_mode":false,"campfire_choices":[{"data":"Neutralize","floor":6.0,"key":"SMITH"},{"floor":15.0,"key":"REST"},{"floor":23.0,"key":"REST"}],"circlet_count":0,"master_deck":["Strike_G","Strike_G+1","Defend_G","Defend_G","Defend_G+1","Defend_G","Defend_G","Survivor","Neutralize+1","Unload","Unload","Unload","Unload","Unload+1","Underhanded Strike","Underhanded Strike","Backstab","Underhanded Strike","Backflip+1","Dodge and Roll","Adrenaline","After Image","Underhanded Strike"],"relics":["Ring of the Snake","Happy Flower","War Paint","Snecko Eye","Anchor","Bag of Preparation","Molten Egg 2"],"acts_visited":["Exordium","TheCity"],"potions_floor_usage":[],"damage_taken":[{"damage":5.0,"enemies":"Jaw Worm","floor":1.0,"turns":2.0},{"damage":0.0,"enemies":"Cultist","floor":4.0,"turns":1.0},{"damage":0.0,"enemies":"2 Louse","floor":7.0,"turns":1.0},{"damage":0.0,"enemies":"Large Slime","floor":8.0,"turns":1.0},{"damage":0.0,"enemies":"Exordium Wildlife","floor":10.0,"turns":3.0},{"damage":24.0,"enemies":"3 Sentries","floor":12.0,"turns":3.0},{"damage":0.0,"enemies":"Blue Slaver","floor":13.0,"turns":1.0},{"damage":0.0,"enemies":"2 Fungi Beasts","floor":14.0,"turns":3.0},{"damage":1.0,"enemies":"Hexaghost","floor":16.0,"turns":4.0},{"damage":13.0,"enemies":"Shell Parasite","floor":18.0,"turns":2.0},{"damage":26.0,"enemies":"3 Byrds","floor":21.0,"turns":5.0},{"damage":29.0,"enemies":"Shelled Parasite and Fungi","floor":22.0,"turns":3.0},{"damage":0,"enemies":"Cultist and Chosen","floor":27,"turns":1}],"seed_played":"5892025214140061810","potions_obtained":[{"floor":1.0,"key":"FearPotion"},{"floor":7.0,"key":"Regen Potion"},{"floor":10.0,"key":"PowerPotion"},{"floor":18.0,"key":"Fire Potion"},{"floor":22.0,"key":"Fire Potion"}],"is_trial":true,"path_per_floor":["M","$","?","M","?","R","M","M","T","M","?","E","M","M","R","B",null,"M","?","?","M","M","R","$","T","T","M"],"character_chosen":"THE_SILENT","items_purchased":["Underhanded Strike","Anchor"],"campfire_rested":2,"item_purchase_floors":[2,24],"current_hp_per_floor":[65,65,51,51,51,51,51,51,51,51,51,27,27,27,48,59,70,57,57,57,31,2,23,23,23,23,23,23],"gold":147,"neow_bonus":"","is_daily":false,"chose_seed":false,"campfire_upgraded":1,"win_rate":0.0,"timestamp":1614224215,"path_taken":["M","$","?","M","?","R","M","M","T","M","?","E","M","M","R","BOSS","M","?","?","M","M","R","$","?","T","M"],"items_purchased_type":["Card","Relic"],"build_version":"2020-12-22","purchased_purges":1,"victory":false,"max_hp_per_floor":[70,70,70,70,70,70,70,70,70,70,70,70,70,70,70,70,70,70,70,70,70,70,70,70,70,70,70,70],"relic_stats":{"Happy Flower":[8],"counters":[13,30],"Snecko Eye":[24,18,19,29],"Bag of Preparation":[1],"War Paint":["Backflip","Defend_G"],"obtain_stats":[{"Anchor":24,"Happy Flower":9,"Snecko Eye":17,"Molten Egg 2":26,"Bag of Preparation":25,"War Paint":12,"Ring of the Snake":0},{"Anchor":12,"Happy Flower":4,"Snecko Eye":9,"Molten Egg 2":12,"Bag of Preparation":12,"War Paint":6,"Ring of the Snake":0},{"Anchor":29,"Happy Flower":5,"Snecko Eye":19,"Molten Egg 2":29,"Bag of Preparation":29,"War Paint":11,"Ring of the Snake":0}],"Ring of the Snake":[26]},"card_choices":[{"not_picked":["Prepared","Deflect"],"picked":"Underhanded Strike","floor":1.0},{"not_picked":["Finisher","Dash"],"picked":"Backstab","floor":4.0},{"not_picked":["Distraction","Blade Dance"],"picked":"Underhanded Strike","floor":7.0},{"not_picked":["All Out Attack","Sucker Punch"],"picked":"Backflip","floor":8.0},{"not_picked":["Outmaneuver","Wraith Form v2"],"picked":"Dodge and Roll","floor":10.0},{"not_picked":["Blade Dance","Outmaneuver"],"picked":"Adrenaline","floor":12.0},{"not_picked":["Poisoned Stab","Backflip","Cloak And Dagger"],"picked":"SKIP","floor":13.0},{"not_picked":["Underhanded Strike","Acrobatics","Crippling Poison"],"picked":"SKIP","floor":14.0},{"not_picked":["Die Die Die","Wraith Form v2"],"picked":"After Image","floor":16.0},{"not_picked":["Quick Slash","Crippling Poison+1"],"picked":"Underhanded Strike","floor":18.0},{"not_picked":["Slice","Flechettes+1","Underhanded Strike+1"],"picked":"SKIP","floor":21.0},{"not_picked":["All Out Attack","Backflip","Bane+1"],"picked":"SKIP","floor":22.0}],"player_experience":683208,"relics_obtained":[{"floor":9.0,"key":"Happy Flower"},{"floor":12.0,"key":"War Paint"},{"floor":25.0,"key":"Bag of Preparation"},{"floor":26.0,"key":"Molten Egg 2"}],"event_choices":[{"damage_healed":65.0,"max_hp_gain":0.0,"max_hp_loss":70.0,"gold_gain":0.0,"event_name":"betterThird:BetterShining","player_choice":"Upgrade","floor":3.0,"gold_loss":0.0,"damage_taken":14.0,"cards_upgraded":["Strike_G","Unload"]},{"damage_healed":0.0,"max_hp_gain":0.0,"max_hp_loss":0.0,"gold_gain":1.0,"event_name":"betterStone:BetterStone","player_choice":"1","floor":5.0,"gold_loss":0.0,"damage_taken":0.0},{"cards_removed":["Strike_G"],"damage_healed":0.0,"max_hp_gain":0.0,"max_hp_loss":0.0,"gold_gain":0.0,"event_name":"The Cleric","player_choice":"Card Removal","floor":11.0,"gold_loss":50.0,"damage_taken":0.0},{"cards_removed":["Strike_G"],"damage_healed":0.0,"max_hp_gain":0.0,"max_hp_loss":0.0,"gold_gain":0.0,"event_name":"Purifier","player_choice":"Purged","floor":19.0,"gold_loss":0.0,"damage_taken":0.0},{"cards_removed":["Strike_G"],"damage_healed":0.0,"max_hp_gain":0.0,"max_hp_loss":0.0,"gold_gain":0.0,"event_name":"betterNote:BetterNote","player_choice":"Give","floor":20.0,"gold_loss":0.0,"damage_taken":0.0,"cards_obtained":["Strike_R"]}],"is_beta":false,"boss_relics":[{"not_picked":["SlaversCollar","Velvet Choker"],"picked":"Snecko Eye"}],"items_purged_floors":[2],"is_endless":false,"potions_floor_spawned":[1,7,10,13,18,22],"killed_by":"Cultist and Chosen","ascension_level":0}}