{"host":"t6r1isv2bex5ovch","time":1614284084,"event":{"mods":["AchievementEnabler","Act Like it!","Aspiration","BaseMod","Better Altar","Better Match","Better Note","Better Sensory Stone","Better Skull","Better Third Choice","Better Vampires","Bossed Relics","Colored Powertips","Displayed Cursed Tome","Evolution","Fox Events","Gremlin Skip","Halation","Hallownest","Highlight Path","Hubris","Infinite Spire","Minty Spire (QoL Compilation)","Reliquary","Ruina","Spire Arcade","StSLib","The Bug Knight"],"gold_per_floor":[111,111,179,104,154,154,183,83,83,133,146,160,173,233,233,330,330,344,413,427,427,427],"floor_reached":21,"language":"ENG","playtime":1725,"items_purged":["Strike_B","Strike_B"],"score":238,"play_id":"9eb24f2b-6324-4b04-b3f6-4c0fda280629","local_time":"20210226071444","is_ascension_mode":true,"campfire_choices":[{"data":"Zap","floor":6.0,"key":"SMITH"},{"data":"Dualcast","floor":15,"key":"SMITH"}],"circlet_count":0,"master_deck":["Strike_B","Strike_B","Defend_B","Defend_B","Defend_B","Defend_B","Zap+1","Dualcast+1","Blind","Ball Lightning","BootSequence","Echo Form"],"relics":["Cracked Core","EVO:Axolotl","SsserpentHead","aspiration:BabyByrd","reliquary:RoseTintedGlasses","Orichalcum","hubris:Backtick","Singing Bowl"],"acts_visited":["Exordium","Hallownest:CityofTears"],"potions_floor_usage":[14,16,21],"damage_taken":[{"damage":12.0,"enemies":"Small Slimes","floor":1.0,"turns":4.0},{"damage":1.0,"enemies":"Cultist","floor":3.0,"turns":3.0},{"damage":25.0,"enemies":"Lagavulin","floor":7.0,"turns":7.0},{"damage":0.0,"enemies":"Jaw Worm","floor":11.0,"turns":2.0},{"damage":4.0,"enemies":"Large Slime","floor":12.0,"turns":5.0},{"damage":0.0,"enemies":"Red Slaver","floor":13.0,"turns":3.0},{"damage":3,"enemies":"Gremlin Gang","floor":14,"turns":5},{"damage":12,"enemies":"The Guardian","floor":16,"turns":13},{"damage":12,"enemies":"Hallownest:Guard_and_Sentry","floor":18,"turns":5},{"damage":3,"enemies":"Hallownest:Flukemon_and_Top","floor":19,"turns":5},{"damage":12,"enemies":"Hallownest:Master_and_Novice","floor":20,"turns":4},{"damage":49,"enemies":"Hallownest:3_Mistakes","floor":21,"turns":6}],"seed_played":"-8044264646493260735","potions_obtained":[{"floor":1.0,"key":"Block Potion"},{"floor":11.0,"key":"SkillPotion"},{"floor":13.0,"key":"SteroidPotion"},{"floor":14,"key":"SkillPotion"},{"floor":18,"key":"Ancient Potion"},{"floor":20,"key":"DuplicationPotion"}],"is_trial":false,"path_per_floor":["M","?","M","$","?","R","E","$","T","?","M","M","M","M","R","B",null,"M","M","M","M"],"character_chosen":"DEFECT","items_purchased":[],"campfire_rested":0,"item_purchase_floors":[],"current_hp_per_floor":[63,63,62,62,62,62,37,37,37,37,37,33,33,30,30,18,66,56,55,45,0,0],"gold":427,"neow_bonus":"TEN_PERCENT_HP_BONUS","is_daily":false,"chose_seed":false,"campfire_upgraded":2,"win_rate":0.0,"timestamp":1614284084,"path_taken":["M","?","?","$","?","R","E","$","T","?","M","M","M","?","R","BOSS","M","?","M","M"],"items_purchased_type":[],"build_version":"2020-12-22","purchased_purges":2,"victory":false,"max_hp_per_floor":[82,82,82,82,82,82,82,82,82,82,82,82,82,82,82,82,82,84,86,88,88,88],"card_choices":[{"not_picked":["Double Energy","Steam","Gash"],"picked":"SKIP","floor":1.0},{"not_picked":["Rebound","Reprogram","Chaos"],"picked":"SKIP","floor":3.0},{"not_picked":["All For One","Cold Snap","Coolheaded"],"picked":"SKIP","floor":7.0},{"not_picked":["Deep Breath","HandOfGreed"],"picked":"Blind","floor":10.0},{"not_picked":["Coolheaded","Conserve Battery"],"picked":"Ball Lightning","floor":11.0},{"not_picked":["Hologram","Barrage","Beam Cell"],"picked":"SKIP","floor":12.0},{"not_picked":["hubris:PowerSurge","Reboot","Conserve Battery"],"picked":"SKIP","floor":13.0},{"not_picked":["Hologram","Coolheaded"],"picked":"BootSequence","floor":14},{"not_picked":["Machine Learning","Seek"],"picked":"Echo Form","floor":16},{"not_picked":["Reinforced Body","Redo","Compile Driver+1"],"picked":"Singing Bowl","floor":18},{"not_picked":["Gash+1","Lockon","Darkness+1"],"picked":"Singing Bowl","floor":19},{"not_picked":["Lockon","Self Repair","Cold Snap"],"picked":"Singing Bowl","floor":20}],"player_experience":579256,"relics_obtained":[{"floor":7.0,"key":"reliquary:RoseTintedGlasses"},{"floor":9.0,"key":"Orichalcum"}],"event_choices":[{"damage_healed":0.0,"max_hp_gain":0.0,"max_hp_loss":0.0,"gold_gain":0.0,"event_name":"FaceTrader","player_choice":"Trade","floor":2.0,"gold_loss":0.0,"damage_taken":0.0,"relics_obtained":["SsserpentHead"]},{"damage_healed":0.0,"max_hp_gain":0.0,"max_hp_loss":0.0,"gold_gain":1.0,"event_name":"betterStone:BetterStone","player_choice":"1","floor":10.0,"gold_loss":0.0,"damage_taken":0.0}],"is_beta":false,"boss_relics":[{"not_picked":["Tiny House","reliquary:Craggleroot"],"picked":"hubris:Backtick"}],"items_purged_floors":[4,8],"is_endless":false,"potions_floor_spawned":[1,11,13,14,18,20],"killed_by":"Hallownest:3_Mistakes","ascension_level":6}}