{"host":"knspyp6dy614fx6e","time":1614235640,"event":{"mods":["ATMod(°¢èªMod)","Aspiration","BaseMod","Bestiary","Better Altar","Better Skull","Better Third Choice","Block Reminder","Card Filter","Conspire","DeckTracker","Dota2Spire","Energized Spire","Jedi Mod","Minty Spire (QoL Compilation)","Monster B Gone","Quick Restart","Relic Filter Mod","Relic Stats","Reliquary","Replay The Spire","Spicy Shops","StSLib","TestMod","The Marked","Waifu the Spire","Weighted Paths","¡¾ÒÅÎï¿¨ÅÆ¡¿REMEMod"],"gold_per_floor":[113,113,113,123,45,45,80,80,153,215,231,264,264,294,294,399,399,414,414,434,434,52,80,80,112,166,181,181,181,214,230,230,332,332,344,344,82,100,0,29,29,44,44,44,44,55,75,103,103,103,103,103,103,130,130],"floor_reached":56,"language":"ZHS","playtime":2896,"items_purged":["Pain"],"score":1520,"play_id":"98e02900-2687-4493-9018-d9e6744bde7d","local_time":"20210225144720","is_ascension_mode":true,"campfire_choices":[{"data":"theMarked:Improvise","floor":6.0,"key":"SMITH"},{"data":"theMarked:SoldierOfQuellstein","floor":8.0,"key":"SMITH"},{"floor":15.0,"key":"DIG"},{"data":"theMarked:ComboAttacks","floor":24.0,"key":"SMITH"},{"data":"theMarked:Abjuration","floor":29.0,"key":"SMITH"},{"data":"theMarked:Strike","floor":32.0,"key":"PURGE"},{"data":"theMarked:Maelstrom","floor":41,"key":"SMITH"},{"data":"theMarked:RogueSparks","floor":44,"key":"SMITH"},{"floor":49,"key":"RECALL"},{"data":"theMarked:BindingBlade","floor":52,"key":"SMITH"}],"circlet_count":0,"master_deck":["theMarked:Strike","theMarked:Strike","theMarked:Strike","theMarked:Defend","theMarked:Defend","theMarked:Defend","theMarked:SoldierOfQuellstein+1","theMarked:Friction","theMarked:UnarmedFury+1","theMarked:Improvise+1","theMarked:SwordAndMagic","theMarked:Maelstrom+1","theMarked:BiggerThanFate","theMarked:BindingBlade+1","theMarked:ComboAttacks+1","theMarked:ChannelForce","theMarked:Abjuration+1","theMarked:EnhanceMovement+1","theMarked:TurnInvisible+1","theMarked:Levitate+1","theMarked:Memento+1","theMarked:Panic+1","theMarked:EmpowerWeapon+1","theMarked:RogueSparks+1","Madness+1","Madness+1","theMarked:Heritage+1","theMarked:Indomitable+1"],"relics":["theMarked:ArtifactOfAir","AT_ATBox","REME_ComplimentaryCards","NeowsBlessing","ReplayTheSpireMod:CursedCoin","Lantern","conspire:TopHat","Mummified Hand","Quantum Egg","Dota2Spire:AghanimScepter","PreservedInsect","Toxic Egg 2","energizedSpire:NeverEndingSparkler","Nloth\u0027s Gift","AT_EbonyIvory","Dota2Spire:AssaultCuirass","reliquary:PurpleTingedLeaf","Onion Ring","testmod-AssaultLearning","jedi:heavyjacket","Pen Nib","testmod-SaigiyounoYou","ReplayTheSpireMod:Shallot","Red Mask","Anchor","Garlic","aspiration:FetidBarrel"],"acts_visited":["Exordium","TheCity","TheBeyond","TheEnding"],"potions_floor_usage":[55,55],"damage_taken":[{"damage":0.0,"enemies":"2 Louse","floor":1.0,"turns":1.0},{"damage":0.0,"enemies":"Jaw Worm","floor":4.0,"turns":1.0},{"damage":0.0,"enemies":"Gremlin Nob","floor":7.0,"turns":1.0},{"damage":21.0,"enemies":"Lagavulin","floor":10.0,"turns":6.0},{"damage":0.0,"enemies":"Cultist","floor":11.0,"turns":2.0},{"damage":10.0,"enemies":"3 Sentries","floor":12.0,"turns":5.0},{"damage":18.0,"enemies":"Lagavulin","floor":14.0,"turns":5.0},{"damage":6.0,"enemies":"The Guardian","floor":16.0,"turns":6.0},{"damage":8.0,"enemies":"2 Thieves","floor":18.0,"turns":2.0},{"damage":0.0,"enemies":"Spheric Guardian","floor":20.0,"turns":2.0},{"damage":12.0,"enemies":"Slavers","floor":23.0,"turns":3.0},{"damage":0.0,"enemies":"Gremlin Leader","floor":25.0,"turns":5.0},{"damage":0.0,"enemies":"Snecko","floor":27.0,"turns":1.0},{"damage":0.0,"enemies":"Book of Stabbing","floor":30.0,"turns":2.0},{"damage":0.0,"enemies":"Snake Plant","floor":31.0,"turns":2.0},{"damage":3.0,"enemies":"Champ","floor":33.0,"turns":6.0},{"damage":0.0,"enemies":"Orb Walker","floor":35.0,"turns":2.0},{"damage":0,"enemies":"3 Darklings","floor":38,"turns":3},{"damage":0,"enemies":"R_Hoarder","floor":40,"turns":2},{"damage":0,"enemies":"Transient","floor":42,"turns":5},{"damage":0,"enemies":"4 Shapes","floor":46,"turns":2},{"damage":0,"enemies":"Writhing Mass","floor":47,"turns":3},{"damage":0,"enemies":"Reptomancer","floor":48,"turns":3},{"damage":7,"enemies":"Donu and Deca","floor":50,"turns":9},{"damage":0,"enemies":"Shield and Spear","floor":54,"turns":3},{"damage":18,"enemies":"The Heart","floor":55,"turns":7}],"seed_played":"2691364351601298976","potions_obtained":[{"floor":4.0,"key":"REME_GoldPotion"},{"floor":11.0,"key":"LifebloodPotion"},{"floor":12.0,"key":"SpeedPotion"},{"floor":14.0,"key":"Flashbang"},{"floor":16.0,"key":"Strength Potion"},{"floor":25.0,"key":"SteroidPotion"},{"floor":30.0,"key":"theMarked:ChargePotion"},{"floor":33.0,"key":"Elixir"},{"floor":35.0,"key":"Strength Potion"},{"floor":40,"key":"testmod-TestPotion"}],"is_trial":false,"path_per_floor":["M","?","?","M","$","R","E","R","T","E","M","E","?","E","R","B",null,"M","?","M","?","$","E","R","E","T","M","T","R","E","M","R","B",null,"M","?","$","M","?","E","R","M","T","R","?","M","M","E","R","B",null,"R","$","E","B",null],"character_chosen":"THE_DEFAULT","items_purchased":["ReplayTheSpireMod:CursedCoin","Lantern","theMarked:Maelstrom","Dota2Spire:AssaultCuirass","theMarked:EnhanceMovement+1","ReplayTheSpireMod:Shallot"],"campfire_rested":0,"item_purchase_floors":[5,5,5,22,22,37],"current_hp_per_floor":[72,72,72,72,72,72,72,72,72,51,51,41,41,23,23,17,72,64,64,64,64,64,52,52,54,54,54,54,54,55,56,56,54,72,72,63,63,72,72,72,72,72,72,72,72,72,72,72,72,69,72,72,72,72,64],"gold":130,"neow_bonus":"THREE_ENEMY_KILL","is_daily":false,"chose_seed":false,"campfire_upgraded":7,"win_rate":0.0,"timestamp":1614235640,"path_taken":["M","?","?","M","$","R","E","R","T","E","M","E","?","E","R","BOSS","M","?","?","?","$","E","R","E","T","M","?","R","E","M","R","BOSS","M","?","$","M","?","E","R","M","T","R","?","M","?","E","R","BOSS","R","$","E","BOSS"],"items_purchased_type":["Relic","Relic","Card","Relic","Card","Relic"],"build_version":"2020-12-22","purchased_purges":1,"victory":true,"max_hp_per_floor":[72,72,72,72,72,72,72,72,72,72,72,72,72,72,72,72,72,72,72,72,72,72,72,72,72,72,72,72,72,72,72,72,72,72,72,72,72,72,72,72,72,72,72,72,72,72,72,72,72,72,72,72,72,72,72],"relic_stats":{"counters":[26,89],"Mummified Hand":[50],"PreservedInsect":345,"Pen Nib":[11],"Nloth\u0027s Gift":8,"obtain_stats":[{"Lantern":5,"AT_ATBox":0,"conspire:TopHat":7,"Mummified Hand":9,"Red Mask":39,"Dota2Spire:AssaultCuirass":22,"Toxic Egg 2":15,"testmod-TestBox":0,"NeowsBlessing":0,"ReplayTheSpireMod:CursedCoin":5,"aspiration:FetidBarrel":54,"Quantum Egg":10,"PreservedInsect":14,"AT_EbonyIvory":21,"Pen Nib":30,"testmod-SaigiyounoYou":34,"theMarked:ArtifactOfAir":0,"jedi:heavyjacket":28,"Dota2Spire:AghanimScepter":12,"Anchor":40,"ReplayTheSpireMod:Shallot":37,"energizedSpire:NeverEndingSparkler":17,"testmod-AssaultLearning":26,"Onion Ring":25,"Nloth\u0027s Gift":19,"Garlic":48,"reliquary:PurpleTingedLeaf":23,"REME_ComplimentaryCards":0},{"Lantern":2,"AT_ATBox":0,"conspire:TopHat":3,"Mummified Hand":3,"Red Mask":18,"Dota2Spire:AssaultCuirass":10,"Toxic Egg 2":7,"testmod-TestBox":0,"NeowsBlessing":0,"ReplayTheSpireMod:CursedCoin":2,"aspiration:FetidBarrel":25,"Quantum Egg":4,"PreservedInsect":7,"AT_EbonyIvory":10,"Pen Nib":14,"testmod-SaigiyounoYou":16,"theMarked:ArtifactOfAir":0,"jedi:heavyjacket":13,"Dota2Spire:AghanimScepter":6,"Anchor":19,"ReplayTheSpireMod:Shallot":17,"energizedSpire:NeverEndingSparkler":8,"testmod-AssaultLearning":12,"Onion Ring":12,"Nloth\u0027s Gift":9,"Garlic":23,"reliquary:PurpleTingedLeaf":11,"REME_ComplimentaryCards":0},{"Lantern":2,"AT_ATBox":0,"conspire:TopHat":3,"Mummified Hand":3,"Red Mask":55,"Dota2Spire:AssaultCuirass":31,"Toxic Egg 2":21,"testmod-TestBox":0,"NeowsBlessing":0,"ReplayTheSpireMod:CursedCoin":2,"aspiration:FetidBarrel":82,"Quantum Egg":9,"PreservedInsect":21,"AT_EbonyIvory":31,"Pen Nib":42,"testmod-SaigiyounoYou":50,"theMarked:ArtifactOfAir":0,"jedi:heavyjacket":40,"Dota2Spire:AghanimScepter":16,"Anchor":57,"ReplayTheSpireMod:Shallot":52,"energizedSpire:NeverEndingSparkler":27,"testmod-AssaultLearning":39,"Onion Ring":39,"Nloth\u0027s Gift":29,"Garlic":70,"reliquary:PurpleTingedLeaf":34,"REME_ComplimentaryCards":0}]},"card_choices":[{"not_picked":["theMarked:Parkour","theMarked:SwordAndMagic"],"picked":"theMarked:Friction","floor":1.0},{"not_picked":["theMarked:Improvise","theMarked:ContemptForTheProud"],"picked":"theMarked:SwordAndMagic","floor":4.0},{"not_picked":["theMarked:Improvise","theMarked:Electrocute"],"picked":"theMarked:BiggerThanFate","floor":7.0},{"not_picked":["theMarked:RepellingDischarge","theMarked:PowerFlow"],"picked":"theMarked:BindingBlade","floor":10.0},{"not_picked":["theMarked:EnhanceMovement","theMarked:Electrify"],"picked":"theMarked:ComboAttacks","floor":11.0},{"not_picked":["theMarked:RepellingDischarge","theMarked:OneWithTheBlade"],"picked":"theMarked:ChannelForce","floor":12.0},{"not_picked":["theMarked:Aftermath","theMarked:HeightenedSenses","theMarked:Parkour"],"picked":"SKIP","floor":14.0},{"not_picked":["theMarked:Defy","theMarked:Snap"],"picked":"theMarked:Abjuration","floor":16.0},{"not_picked":["theMarked:ElectricStrings","theMarked:Parkour","theMarked:ChainLightning"],"picked":"SKIP","floor":18.0},{"not_picked":["theMarked:Aftermath+1","theMarked:Static+1","theMarked:Toughness"],"picked":"SKIP","floor":20.0},{"not_picked":["theMarked:Maelstrom+1","theMarked:WastefulAttack"],"picked":"theMarked:TurnInvisible+1","floor":23.0},{"not_picked":["theMarked:Challenge+1","theMarked:UnarmedFury"],"picked":"theMarked:Levitate+1","floor":25.0},{"not_picked":["theMarked:HeightenedSenses+1","theMarked:RepellingDischarge+1"],"picked":"theMarked:Memento+1","floor":27.0},{"not_picked":["theMarked:WastefulAttack","theMarked:Vacuum"],"picked":"theMarked:Panic+1","floor":30.0},{"not_picked":["theMarked:TakeCover+1","theMarked:WastefulAttack"],"picked":"theMarked:EmpowerWeapon+1","floor":31.0},{"not_picked":["theMarked:TwofoldDefense+1","theMarked:Aftermath+1"],"picked":"theMarked:RogueSparks","floor":35.0},{"not_picked":["theMarked:TwofoldDefense+1","theMarked:Reabsorb+1","theMarked:Frustration"],"picked":"SKIP","floor":38},{"not_picked":["theMarked:Aftermath+1","theMarked:HeightenedSenses+1"],"picked":"theMarked:Heritage+1","floor":40},{"not_picked":["theMarked:SelfDefenseTraining","theMarked:ChainLightning","theMarked:SwordAndMagic"],"picked":"SKIP","floor":42},{"not_picked":["theMarked:ResourceFulStrike+1","theMarked:StartUp","theMarked:EnhanceMovement+1"],"picked":"SKIP","floor":46},{"not_picked":["theMarked:Electrocute","theMarked:TakeCover+1"],"picked":"theMarked:Indomitable+1","floor":47},{"not_picked":["theMarked:WastefulAttack+1","theMarked:EternalStudent+1","theMarked:ShockingTouch+1"],"picked":"SKIP","floor":48},{"not_picked":["theMarked:SwordAndMagic+1","theMarked:ChainLightning+1","theMarked:RepellingDischarge+1"],"picked":"SKIP","floor":54}],"player_experience":350158,"relics_obtained":[{"floor":7.0,"key":"conspire:TopHat"},{"floor":9.0,"key":"Mummified Hand"},{"floor":10.0,"key":"Quantum Egg"},{"floor":12.0,"key":"Dota2Spire:AghanimScepter"},{"floor":14.0,"key":"PreservedInsect"},{"floor":15.0,"key":"Toxic Egg 2"},{"floor":21.0,"key":"AT_EbonyIvory"},{"floor":23.0,"key":"reliquary:PurpleTingedLeaf"},{"floor":25.0,"key":"Onion Ring"},{"floor":26.0,"key":"testmod-AssaultLearning"},{"floor":28.0,"key":"jedi:heavyjacket"},{"floor":30.0,"key":"Pen Nib"},{"floor":40,"key":"Anchor"},{"floor":48,"key":"Garlic"},{"floor":54,"key":"aspiration:FetidBarrel"}],"event_choices":[{"damage_healed":0.0,"max_hp_gain":0.0,"max_hp_loss":0.0,"gold_gain":0.0,"cards_transformed":["theMarked:Strike"],"event_name":"Living Wall","player_choice":"Change","floor":3.0,"gold_loss":0.0,"damage_taken":0.0,"cards_obtained":["theMarked:Improvise"]},{"damage_healed":0.0,"max_hp_gain":0.0,"max_hp_loss":0.0,"gold_gain":0.0,"event_name":"N\u0027loth","player_choice":"Traded Relic","floor":19.0,"relics_lost":["testmod-TestBox"],"gold_loss":0.0,"damage_taken":0.0,"relics_obtained":["Nloth\u0027s Gift"]},{"damage_healed":0.0,"max_hp_gain":0.0,"max_hp_loss":0.0,"gold_gain":0.0,"event_name":"Winding Halls","player_choice":"Embrace Madness","floor":36.0,"gold_loss":0.0,"damage_taken":9.0,"cards_obtained":["Madness","Madness"]},{"damage_healed":0,"gold_gain":0,"player_choice":"Paid","damage_taken":0,"relics_obtained":["Red Mask"],"max_hp_gain":0,"max_hp_loss":0,"event_name":"Tomb of Lord Red Mask","floor":39,"gold_loss":100}],"is_beta":false,"boss_relics":[{"not_picked":["reliquary:RedPaperclip","energizedSpire:RedRose"],"picked":"energizedSpire:NeverEndingSparkler"},{"not_picked":["aspiration:SecretTechniqueScroll","Tiny House"],"picked":"testmod-SaigiyounoYou"}],"items_purged_floors":[5],"is_endless":false,"potions_floor_spawned":[4,11,12,14,16,25,30,31,33,35,38,40,54],"ascension_level":1}}