{"host":"d3bsw5ou8fswq5qc","time":1614216049,"event":{"mods":["Aspiration","BaseMod","Colored Map","Conspire","Downfall","GifTheSpireLib","Googly Eyes","Minty Spire (QoL Compilation)","Replay The Spire","StSLib","Stuff the Spire","The Jungle"],"gold_per_floor":[111,111,62,72,21,51,71,91,91,91,126,126,153,153,153,252,252,264,278,60,76,76,101,1,18,18,53,53,88,88,116,116,216,216,235,235,247,247,50,79,79,109,183,194,220,220,99,99,99,99],"floor_reached":51,"language":"FRA","playtime":4972,"items_purged":["Regret","Defend_R","Strike_R"],"score":1062,"play_id":"ad2bd80f-aa71-47b8-8bf7-2a8d6e1f4dea","local_time":"20210225022049","is_ascension_mode":true,"campfire_choices":[{"data":"Armaments","floor":10,"key":"SMITH"},{"data":"Warcry","floor":12,"key":"SMITH"},{"data":"Body Slam","floor":15,"key":"SMITH"},{"data":"Barricade","floor":32,"key":"SMITH"},{"data":"Limit Break","floor":41,"key":"SMITH"},{"data":"Demon Form","floor":46,"key":"SMITH"}],"circlet_count":0,"master_deck":["Strike_R","Strike_R","Strike_R","Strike_R","Defend_R","Defend_R","Defend_R","Bash","Power Through","Shrug It Off","Cleave","Armaments+1","Ghostly Armor","conspire:Charge+1","Warcry+1","Twin Strike","Body Slam+1","Barricade+1","Shrug It Off","Pot Of Greed+1","Pot Of Greed+1","Dual Wield+1","Abandon+1","Pot Of Greed+1","ReplayTheSpireMod:Strike From Hell","Spot Weakness","Demon Form+1","Inflame","Limit Break+1","Body Slam+1","Evolve","Body Slam+1","Heavy Blade+1","True Grit+1","Replay:Undeath\u0027s Touch+1","Body Slam","Pot Of Greed+1","StuffTheSpire:PlasmaPunch","Thinking Ahead"],"relics":["Burning Blood","aspiration:Nostalgia","m_GuardianBlood","Mango","StuffTheSpire:Tea","Ornamental Fan","aspiration:HiddenCompartment","aspiration:SeaSaltIceCream","aspiration:Nostalgia","Replay:M_SmolderingBlood","Shuriken","Mark of Pain","Grinning Jar","aspiration:FetidBarrel","Replay:Towering Pillar of Hats","Counterbalance","conspire:InfiniteJournal","ReplayTheSpireMod:Shallot","Replay:Multitool","aspiration:ChemicalBlood","Replay:Fungal Core","Du-Vu Doll","StuffTheSpire:OldFever","Replay:Bottled Eggs","Pen Nib"],"acts_visited":["Exordium","TheCity","TheBeyond"],"potions_floor_usage":[6,19,37,50,50],"damage_taken":[{"damage":11,"enemies":"Cultist","floor":1,"turns":4},{"damage":3,"enemies":"Jaw Worm","floor":4,"turns":4},{"damage":31,"enemies":"Lagavulin","floor":6,"turns":9},{"damage":0,"enemies":"2 Louse","floor":7,"turns":2},{"damage":11,"enemies":"Large Slime","floor":8,"turns":8},{"damage":20,"enemies":"3 Sentries","floor":11,"turns":6},{"damage":6,"enemies":"Lagavulin","floor":13,"turns":5},{"damage":34,"enemies":"The Guardian","floor":16,"turns":11},{"damage":14,"enemies":"Shell Parasite","floor":18,"turns":5},{"damage":18,"enemies":"2 Thieves","floor":19,"turns":4},{"damage":35,"enemies":"Snecko","floor":21,"turns":6},{"damage":22,"enemies":"Book of Stabbing","floor":23,"turns":6},{"damage":0,"enemies":"Centurion and Healer","floor":25,"turns":9},{"damage":10,"enemies":"conspire:SneckoGhost","floor":27,"turns":5},{"damage":24,"enemies":"Slavers","floor":29,"turns":6},{"damage":0,"enemies":"conspire:SneckoGhost","floor":31,"turns":7},{"damage":3,"enemies":"Champ","floor":33,"turns":8},{"damage":0,"enemies":"3 Shapes","floor":35,"turns":5},{"damage":24,"enemies":"3 Darklings","floor":37,"turns":5},{"damage":15,"enemies":"Reptomancer","floor":40,"turns":5},{"damage":42,"enemies":"Nemesis","floor":42,"turns":7},{"damage":5,"enemies":"Jaw Worm Horde","floor":44,"turns":3},{"damage":0,"enemies":"Giant Head","floor":45,"turns":5},{"damage":51,"enemies":"Time Eater","floor":50,"turns":6}],"seed_played":"-4779516580578190690","potions_obtained":[{"floor":1,"key":"DistilledChaos"},{"floor":4,"key":"AttackPotion"},{"floor":16,"key":"FearPotion"},{"floor":21,"key":"bronze:BurnAndBuffPotion"},{"floor":23,"key":"Energy Potion"},{"floor":31,"key":"Reflective Coating"},{"floor":42,"key":"Doom Potion"}],"is_trial":false,"path_per_floor":["M","T","$","M","$","E","M","M","T","R","E","R","E","?","R","B",null,"M","M","$","M","?","E","$","M","T","E","?","E","T","E","R","B",null,"M","?","M","$","$","E","R","E","T","M","E","R","$","?","R","B",null],"character_chosen":"IRONCLAD","items_purchased":["Shrug It Off","Armaments","Grinning Jar","Evolve","Body Slam","StuffTheSpire:PlasmaPunch"],"campfire_rested":0,"item_purchase_floors":[3,5,20,39,47,47],"current_hp_per_floor":[80,94,94,94,94,75,87,88,88,88,80,80,86,86,86,64,94,92,86,86,63,63,53,53,65,65,67,67,55,55,67,67,76,94,94,94,82,82,82,79,79,49,49,56,68,68,68,68,94,73],"gold":99,"neow_bonus":"NOSTALGIA","is_daily":false,"chose_seed":false,"campfire_upgraded":6,"win_rate":0.0,"timestamp":1614216049,"path_taken":["M","?","$","?","?","E","M","M","T","R","E","R","E","?","R","BOSS","M","M","$","M","?","E","$","M","T","E","?","E","?","E","R","BOSS","M","?","M","?","$","E","R","E","T","M","E","R","$","?","R","BOSS"],"items_purchased_type":["Card","Card","Relic","Card","Card","Card"],"build_version":"2020-12-22","purchased_purges":3,"victory":true,"max_hp_per_floor":[80,94,94,94,94,94,94,94,94,94,94,94,94,94,94,94,94,94,94,94,94,94,94,94,94,94,94,94,94,94,94,94,94,94,94,94,94,94,94,94,94,94,94,94,94,94,94,94,94,94],"card_choices":[{"not_picked":["Clash","Fire Breathing"],"picked":"Power Through","floor":1},{"not_picked":["Rupture","Rampage"],"picked":"Cleave","floor":4},{"not_picked":["Cleave","Guardian:Gem_Red"],"picked":"Ghostly Armor","floor":6},{"not_picked":["ReplayTheSpireMod:Strike From Hell","Armaments"],"picked":"conspire:Charge","floor":7},{"not_picked":["Armaments","Run Through"],"picked":"Warcry","floor":8},{"not_picked":["Clothesline","Sentinel"],"picked":"Twin Strike","floor":11},{"not_picked":["StuffTheSpire:BloodClot","Heavy Blade"],"picked":"Body Slam","floor":13},{"not_picked":["Feed","Offering"],"picked":"Barricade","floor":16},{"not_picked":["Power Through","True Grit"],"picked":"Shrug It Off","floor":18},{"not_picked":["Carnage","Anger","ReplayTheSpireMod:Corrosion Curse+1"],"picked":"SKIP","floor":19},{"not_picked":["Cleave+1","Sever Soul"],"picked":"Dual Wield+1","floor":21},{"not_picked":["Rupture","Headbutt"],"picked":"Abandon+1","floor":23},{"not_picked":["StuffTheSpire:RagingBull","Warcry"],"picked":"ReplayTheSpireMod:Strike From Hell","floor":25},{"not_picked":["Thunderclap","Shrug It Off"],"picked":"Spot Weakness","floor":27},{"not_picked":["ReplayTheSpireMod:Stacked","Thunderclap"],"picked":"Demon Form","floor":29},{"not_picked":["Ghostly Armor","Disarm"],"picked":"Inflame","floor":31},{"not_picked":["Exhume","Fiend Fire"],"picked":"Limit Break","floor":33},{"not_picked":["Perfected Strike+1","Twin Strike+1"],"picked":"Body Slam","floor":35},{"not_picked":["Run Through+1","Combust","Havoc+1"],"picked":"SKIP","floor":37},{"not_picked":["ReplayTheSpireMod:LeadingStrike+1","StuffTheSpire:Slingshot"],"picked":"Body Slam+1","floor":40},{"not_picked":["Dual Wield","ReplayTheSpireMod:Strike From Hell"],"picked":"Heavy Blade+1","floor":42},{"not_picked":["ReplayTheSpireMod:Corrosion Curse+1","Perfected Strike"],"picked":"True Grit+1","floor":44},{"not_picked":["ReplayTheSpireMod:Strike From Hell+1","Burning Pact+1"],"picked":"Replay:Undeath\u0027s Touch+1","floor":45},{"not_picked":["Impatience","Poisoned Strike"],"picked":"Thinking Ahead","floor":48}],"player_experience":301817,"relics_obtained":[{"floor":2,"key":"Mango"},{"floor":6,"key":"StuffTheSpire:Tea"},{"floor":9,"key":"Ornamental Fan"},{"floor":11,"key":"aspiration:HiddenCompartment"},{"floor":13,"key":"aspiration:SeaSaltIceCream"},{"floor":23,"key":"aspiration:FetidBarrel"},{"floor":26,"key":"Replay:Towering Pillar of Hats"},{"floor":27,"key":"Counterbalance"},{"floor":29,"key":"ReplayTheSpireMod:Shallot"},{"floor":30,"key":"Replay:Multitool"},{"floor":31,"key":"aspiration:ChemicalBlood"},{"floor":40,"key":"Du-Vu Doll"},{"floor":42,"key":"StuffTheSpire:OldFever"},{"floor":43,"key":"Replay:Bottled Eggs"},{"floor":45,"key":"Pen Nib"}],"event_choices":[{"damage_healed":0,"gold_gain":0,"player_choice":"Box","damage_taken":0,"relics_obtained":["Shuriken"],"max_hp_gain":0,"max_hp_loss":0,"event_name":"Big Fish","floor":14,"gold_loss":0,"cards_obtained":["Regret"]},{"damage_healed":0,"gold_gain":0,"player_choice":"Ignored","damage_taken":0,"max_hp_gain":0,"max_hp_loss":0,"event_name":"Ghosts","floor":22,"gold_loss":0},{"damage_healed":0,"gold_gain":0,"player_choice":"Forge","damage_taken":0,"max_hp_gain":0,"max_hp_loss":0,"event_name":"Accursed Blacksmith","floor":36,"gold_loss":0,"cards_upgraded":["Body Slam"]},{"damage_healed":0,"gold_gain":0,"player_choice":"Memory 1","damage_taken":0,"max_hp_gain":0,"max_hp_loss":0,"event_name":"SensoryStone","floor":48,"gold_loss":0}],"is_beta":false,"boss_relics":[{"not_picked":["Ring of Chaos","Pandora\u0027s Box"],"picked":"Mark of Pain"},{"not_picked":["aspiration:PoetsPen_weak","conspire:RoyalGoblet"],"picked":"Replay:Fungal Core"}],"items_purged_floors":[20,24,39],"is_endless":false,"potions_floor_spawned":[1,4,16,21,23,31,37,44,45],"ascension_level":2}}