{"host":"jsd6g3c2vo13e69c","time":1614260605,"event":{"mods":["2.2 Compatiblity","Act Like it!","BaseMod","Better Altar","Better Match","Better Note","Better Sensory Stone","Better Third Choice","BetterRewards","Colored Map","Colored Powertips","Downfall","Friendly Minions","GifTheSpireLib","Googly Eyes","Gremlin Mod","Hermit","Hubris","Infinite Spire","Melee Mod","Minty Spire (QoL Compilation)","Permanent Neow","Quick Restart","Random Character Button","Replay The Spire","Shop Mod","Spire Arcade","StSLib","The Cursed","The Disciple","The Forsaken","thorton"],"gold_per_floor":[99,117,132,132,132,132,132,151,151,177,190,200,200,200,200],"floor_reached":13,"language":"ENG","playtime":574,"items_purged":[],"score":85,"play_id":"be3762be-a3c0-4309-83e9-871599b62f76","local_time":"20210225084325","is_ascension_mode":false,"campfire_choices":[{"data":"Guardian:ConstructionForm","floor":1,"key":"SMITH"}],"circlet_count":0,"master_deck":["Guardian:Strike_Guardian","Guardian:Strike_Guardian","Guardian:Strike_Guardian","Guardian:Defend_Guardian","Guardian:Defend_Guardian","Guardian:CurlUp","Guardian:TwinSlam","Guardian:ConstructionForm+1","Guardian:Gem_Crimson","Guardian:TimeBomb","Overencumbered","Guardian:Suspension","Replay:Fractal Strike","Guardian:Gem_Synthetic","Guardian:Suspension","Guardian:BronzeArmor"],"relics":["Guardian:ModeShifter","hubris:AstralHammer"],"acts_visited":["Exordium"],"potions_floor_usage":[13,13],"damage_taken":[{"damage":8,"enemies":"Jaw Worm","floor":2,"turns":4},{"damage":2,"enemies":"Small Slimes","floor":3,"turns":3},{"damage":0,"enemies":"Cultist","floor":8,"turns":4},{"damage":31,"enemies":"Lagavulin","floor":10,"turns":7},{"damage":6,"enemies":"2 Fungi Beasts","floor":11,"turns":4},{"damage":5,"enemies":"downfall:LooterAlt","floor":12,"turns":5},{"damage":11,"enemies":"Gremlin Nob","floor":13,"turns":2}],"seed_played":"-2893472213502155005","potions_obtained":[{"floor":2,"key":"Reflective Coating"},{"floor":8,"key":"Energy Potion"},{"floor":11,"key":"Toxic Potion"}],"is_trial":false,"path_per_floor":["R","M","M","?","?","?","T","M","?","E","M","M","E"],"character_chosen":"GUARDIAN","items_purchased":[],"campfire_rested":0,"item_purchase_floors":[],"current_hp_per_floor":[80,72,70,70,70,70,70,70,49,18,12,7,0,0,0],"gold":200,"neow_bonus":"ONE_RANDOM_RARE_CARD","is_daily":false,"chose_seed":false,"campfire_upgraded":1,"win_rate":0.0,"timestamp":1614260605,"path_taken":["R","M","M","?","?","?","T","?","?","E","M","M","E"],"items_purchased_type":[],"build_version":"2020-12-22","purchased_purges":0,"victory":false,"max_hp_per_floor":[80,80,80,80,80,80,80,80,80,80,80,80,80,80,80],"card_choices":[{"not_picked":["Guardian:Incinerate","Guardian:PiercingHide"],"picked":"Guardian:Gem_Crimson","floor":2},{"not_picked":["Guardian:PiercingHide","Guardian:TemporalStrike"],"picked":"Guardian:TimeBomb","floor":3},{"not_picked":["Guardian:TemporalShield","Guardian:Planning"],"picked":"Guardian:Suspension","floor":8},{"not_picked":["infinitespire:Fortify","ReplayTheSpireMod:Echoes of Time"],"picked":"Replay:Fractal Strike","floor":9},{"not_picked":["Guardian:Gem_Green","Guardian:Gem_Crimson"],"picked":"Guardian:Gem_Synthetic","floor":10},{"not_picked":["Guardian:VentSteam","Guardian:RollAttack"],"picked":"Guardian:Suspension","floor":11},{"not_picked":["Guardian:VentSteam","Guardian:Clone"],"picked":"Guardian:BronzeArmor","floor":12}],"player_experience":461491,"relics_obtained":[{"floor":10,"key":"hubris:AstralHammer"}],"event_choices":[],"is_beta":false,"boss_relics":[],"items_purged_floors":[],"is_endless":false,"potions_floor_spawned":[2,8,11],"killed_by":"Gremlin Nob","ascension_level":0}}