{"host":"3twtdwjpiqhvvn5s","time":1614252441,"event":{"mods":["AchievementEnabler","Act Like it!","Aspiration","BaseMod","BetterRewards","Colored Map","Colored Powertips","Downfall","Duelist Mod","Friendly Minions","GifTheSpireLib","Hermit","Hubris","Infinite Spire","Jorbs\u0027s Wanderer Trilogy","Koishi","KomeijiMod","Marisa????????","Minty Spire (QoL Compilation)","Quick Restart","Rare Cards Sparkle","Replay The Spire","Shop Mod","StSLib","Td1madao Mod","The Administrix","The Animator","The Bug Knight","The Caster","The Cursed","The Disciple","The Hierophant","The Necromancer","The Poker Player","The Runesmith","The Servant 0.9.4"],"gold_per_floor":[115,115,115,125,139,173,173,173,173,173,173,206,7,7,7,112,112,126,126],"floor_reached":18,"language":"ENG","playtime":35505,"items_purged":[],"score":218,"play_id":"441515da-2641-4729-aa9c-13bf6fbc5b10","local_time":"20210225052721","daily_mods":["Blue Cards","Cursed Run"],"is_ascension_mode":false,"campfire_choices":[{"floor":7,"key":"REST"},{"data":"caster:FlashFrost","floor":10,"key":"SMITH"},{"floor":15,"key":"REST"}],"circlet_count":0,"master_deck":["caster:Meteor","caster:DivertFocus","caster:strike","caster:strike","caster:strike","caster:strike","caster:defend","caster:defend","caster:defend","caster:defend","caster:defend","Steam","Pain","caster:FlashFrost+1","Steam","theDuelist:CurseArmaments","caster:FrigidBeam","caster:FrostDriver","animator:Curse_Nutcracker","ReplayTheSpireMod:Omega Cannon"],"relics":["Cursed Key","Darkstone Periapt","Du-Vu Doll","WarpedTongs","infinitespire:Eraser","Vajra","Mummified Hand","hubris:TenFootPole","Medical Kit","Ring of Chaos"],"acts_visited":["Exordium","TheCity"],"potions_floor_usage":[5,12,16],"damage_taken":[{"damage":0,"enemies":"Small Slimes","floor":1,"turns":5},{"damage":4,"enemies":"Cultist","floor":4,"turns":5},{"damage":5,"enemies":"Jaw Worm","floor":5,"turns":4},{"damage":23,"enemies":"3 Sentries","floor":6,"turns":9},{"damage":26,"enemies":"Replay:BlueRogue","floor":12,"turns":6},{"damage":40,"enemies":"Slime Boss","floor":16,"turns":13},{"damage":12,"enemies":"2 Thieves","floor":18,"turns":4}],"seed_played":"-7363226293830165390","potions_obtained":[{"floor":4,"key":"Swift Potion"},{"floor":6,"key":"Dexterity Potion"},{"floor":12,"key":"AttackPotion"}],"is_trial":true,"path_per_floor":["M","?","WH","M","M","E","R","?","T","R","WH","E","$","WH","R","B",null,"M"],"character_chosen":"THE_CASTER","items_purchased":["Medical Kit","caster:FrostDriver"],"campfire_rested":2,"item_purchase_floors":[13,13],"current_hp_per_floor":[64,70,77,73,68,45,68,68,74,74,82,56,56,65,95,61,106,94,94],"gold":126,"neow_bonus":"TEN_PERCENT_HP_BONUS","is_daily":false,"chose_seed":false,"campfire_upgraded":1,"win_rate":0.0,"timestamp":1614252441,"path_taken":["M","?","WH","M","M","E","R","?","T","R","WH","E","$","WH","R","BOSS","M"],"items_purchased_type":["Relic","Card"],"build_version":"2020-12-22","purchased_purges":0,"victory":false,"max_hp_per_floor":[64,70,77,77,77,77,77,77,83,83,91,91,91,100,100,106,106,106,106],"card_choices":[{"not_picked":["Heatsinks","Streamline"],"picked":"Steam","floor":1},{"not_picked":["caster:DiamondDust","caster:Unearth"],"picked":"caster:FlashFrost","floor":4},{"not_picked":["caster:AshesToAshes","caster:FireWall"],"picked":"Steam","floor":5},{"not_picked":["caster:FrostDriver","Barrage","BasicCrystalCard"],"picked":"SKIP","floor":6},{"not_picked":["caster:QuickCast","BasicCrystalCard"],"picked":"caster:FrigidBeam","floor":12},{"not_picked":["Meteor Strike","ReplayRNGCard"],"picked":"ReplayTheSpireMod:Omega Cannon","floor":16}],"player_experience":3506307,"relics_obtained":[{"floor":6,"key":"infinitespire:Eraser"},{"floor":9,"key":"Mummified Hand"},{"floor":12,"key":"hubris:TenFootPole"}],"event_choices":[{"damage_healed":0,"gold_gain":0,"player_choice":"Rummage","damage_taken":0,"relics_obtained":["WarpedTongs"],"max_hp_gain":0,"max_hp_loss":0,"event_name":"Accursed Blacksmith","floor":2,"gold_loss":0,"cards_obtained":["Pain"]}],"is_beta":false,"boss_relics":[{"not_picked":["Replay:Grab Bag","bronze:MakeshiftBattery"],"picked":"Ring of Chaos"}],"items_purged_floors":[],"is_endless":false,"potions_floor_spawned":[4,6,12],"killed_by":"2 Thieves","ascension_level":0}}