{"host":"y4fuci1jk2rsxnep","time":1614272795,"event":{"mods":["AchievementEnabler","BaseMod","Colored Powertips","Custom Start","Defuse TimeMaze Blight","Dio Mod","Downfall","Hermit","Hero for Fun","Hubris","Hunter ??","Infinite Spire","Minty Spire (QoL Compilation)","Quick Restart","Reliquary","Remove Card Discount Mod","Replay The Spire","StSLib","The Blackbeard","The Bug Knight","The Mystic","The Runesmith"],"gold_per_floor":[113,1,1,1,19,50,50,74,128,128,159,87,103,139,139,260,260,280,280,280,280,307,307,307],"floor_reached":23,"language":"ENG","playtime":1434,"items_purged":[],"score":276,"play_id":"7510519e-3260-435d-8f83-5a106eb12fe6","local_time":"20210225180635","is_ascension_mode":true,"campfire_choices":[{"data":"hermit:Brawl","floor":7,"key":"SMITH"},{"data":"hermit:HoleUp","floor":10,"key":"SMITH"},{"floor":15,"key":"REST"}],"circlet_count":0,"master_deck":["hermit:Strike_Hermit","hermit:Strike_Hermit","hermit:Strike_Hermit","hermit:Strike_Hermit","hermit:Defend_Hermit","hermit:Defend_Hermit","hermit:Defend_Hermit","hermit:Snapshot","hermit:Covet","hermit:HoleUp+1","hermit:GhostlyPresence","hermit:Horror","Injury","hermit:Brawl+1","hermit:HoleUp","hermit:Shortfuse","hermit:BodyArmor","hermit:Brawl","hermit:CursedWeapon","hermit:Horror","hermit:FinalCanter","Shame","J.A.X.","Pain","hubris:Sloth"],"relics":["hermit:Momento","NeowsBlessing","Golden Idol","reliquary:Stiletto","Tiny Chest","reliquary:Boomerang","Cursed Key","hermit:CharredGlove","WarpedTongs","Toy Ornithopter"],"acts_visited":["Exordium","TheCity"],"potions_floor_usage":[16,16],"damage_taken":[{"damage":0,"enemies":"Cultist","floor":1,"turns":1},{"damage":0,"enemies":"2 Louse","floor":5,"turns":1},{"damage":0,"enemies":"Lagavulin","floor":6,"turns":1},{"damage":0,"enemies":"Small Slimes","floor":8,"turns":4},{"damage":20,"enemies":"Gremlin Nob","floor":11,"turns":4},{"damage":5,"enemies":"Looter","floor":13,"turns":4},{"damage":24,"enemies":"3 Sentries","floor":14,"turns":9},{"damage":40,"enemies":"Fading Forest","floor":16,"turns":11},{"damage":24,"enemies":"Spheric Guardian","floor":18,"turns":7},{"damage":51,"enemies":"Slavers","floor":23,"turns":4}],"seed_played":"-1386134181947777837","potions_obtained":[{"floor":8,"key":"Fire Potion"},{"floor":13,"key":"Cursed Concoction"},{"floor":14,"key":"Milkshake"},{"floor":16,"key":"Guardian:BlockOnCardUsePotion"}],"is_trial":false,"path_per_floor":["M","$","?","?","M","E","R","M","T","R","E","$","M","E","R","B",null,"M","?","?","?","T","E"],"character_chosen":"HERMIT","items_purchased":["hermit:GhostlyPresence","hermit:Horror","hermit:Brawl"],"campfire_rested":1,"item_purchase_floors":[2,2,12],"current_hp_per_floor":[75,75,75,75,75,75,75,75,75,75,55,55,50,26,48,16,75,51,51,51,51,51,0,0],"gold":307,"neow_bonus":"THREE_ENEMY_KILL","is_daily":false,"chose_seed":false,"campfire_upgraded":2,"win_rate":0.0,"timestamp":1614272795,"path_taken":["M","?","?","?","M","E","R","?","T","R","E","$","M","E","R","BOSS","M","?","?","?","?","E"],"items_purchased_type":["Card","Card","Card"],"build_version":"2020-12-22","purchased_purges":0,"victory":false,"max_hp_per_floor":[75,75,75,75,75,75,75,75,75,75,75,75,75,75,75,75,75,75,75,75,75,75,75,75],"card_choices":[{"not_picked":["hermit:LoneWolf","hermit:LowProfile"],"picked":"hermit:HoleUp","floor":1},{"not_picked":["hermit:Combo","hermit:Cheat"],"picked":"hermit:Brawl","floor":5},{"not_picked":["hermit:Scavenge","hermit:Quickdraw"],"picked":"hermit:HoleUp","floor":6},{"not_picked":["hermit:Vantage","hermit:HighCaliber"],"picked":"hermit:Shortfuse","floor":8},{"not_picked":["hermit:Manifest","hermit:Feint"],"picked":"hermit:BodyArmor","floor":11},{"not_picked":["hermit:TrackingShot","hermit:HighCaliber"],"picked":"hermit:CursedWeapon","floor":13},{"not_picked":["hermit:Snipe","hermit:CalledShot"],"picked":"hermit:Horror","floor":14},{"not_picked":["hermit:Reprieve","hermit:BlackWind"],"picked":"hermit:FinalCanter","floor":16},{"not_picked":["hermit:LoneWolf","hermit:CalledShot+1","hermit:Feint"],"picked":"SKIP","floor":18}],"player_experience":711964,"relics_obtained":[{"floor":6,"key":"reliquary:Stiletto"},{"floor":11,"key":"Tiny Chest"},{"floor":14,"key":"reliquary:Boomerang"},{"floor":22,"key":"Toy Ornithopter"}],"event_choices":[{"damage_healed":0,"gold_gain":0,"player_choice":"Take Wound","damage_taken":0,"relics_obtained":["Golden Idol"],"max_hp_gain":0,"max_hp_loss":0,"event_name":"Golden Idol","floor":3,"gold_loss":0,"cards_obtained":["Injury"]},{"cards_removed":["hermit:Defend_Hermit"],"damage_healed":0,"gold_gain":0,"player_choice":"Purged","damage_taken":0,"max_hp_gain":0,"max_hp_loss":0,"event_name":"Purifier","floor":4,"gold_loss":0},{"damage_healed":0,"gold_gain":0,"player_choice":"Stole Relic","damage_taken":0,"relics_obtained":["hermit:CharredGlove"],"max_hp_gain":0,"max_hp_loss":0,"event_name":"Addict","floor":19,"gold_loss":0,"cards_obtained":["Shame"]},{"damage_healed":0,"gold_gain":0,"player_choice":"Obtain J.A.X.","damage_taken":0,"max_hp_gain":0,"max_hp_loss":0,"event_name":"Drug Dealer","floor":20,"gold_loss":0,"cards_obtained":["J.A.X."]},{"damage_healed":0,"gold_gain":0,"player_choice":"Rummage","damage_taken":0,"relics_obtained":["WarpedTongs"],"max_hp_gain":0,"max_hp_loss":0,"event_name":"Accursed Blacksmith","floor":21,"gold_loss":0,"cards_obtained":["Pain"]}],"is_beta":false,"boss_relics":[{"not_picked":["Velvet Choker","Replay:Bronze Core"],"picked":"Cursed Key"}],"items_purged_floors":[],"is_endless":false,"potions_floor_spawned":[8,13,14,16],"killed_by":"Slavers","ascension_level":4}}