{"host":"08xvxt5w1s7zc7e5","time":1614261548,"event":{"mods":["AchievementEnabler","BaseMod","DeckTracker","Minty Spire (QoL Compilation)","Quick Restart","StSLib","SuperFastMode"],"gold_per_floor":[117,128,145,165,178,178,188,188,188,222,62,77,77,77,77,151,151,169,94,113,28,39,39,59,59,59,79,91,91,105,105,105,105,105],"floor_reached":33,"language":"KOR","playtime":642,"items_purged":["Defend_P"],"score":556,"play_id":"1ccdbd71-6142-4f20-86c1-bc175b48ca58","local_time":"20210225225908","is_ascension_mode":true,"campfire_choices":[{"data":"Eruption","floor":6.0,"key":"SMITH"},{"data":"CrushJoints","floor":8.0,"key":"SMITH"},{"data":"Ragnarok","floor":15.0,"key":"SMITH"},{"data":"Study","floor":23.0,"key":"SMITH"},{"data":"Vigilance","floor":25.0,"key":"SMITH"},{"data":"WreathOfFlame","floor":32.0,"key":"SMITH"}],"circlet_count":0,"master_deck":["AscendersBane","Strike_P","Defend_P","Eruption+1","Vigilance+1","Consecrate","InnerPeace","Meditate","CrushJoints+1","Ragnarok+1","FearNoEvil","FlurryOfBlows","Study+1","WreathOfFlame+1","Halt","EmptyMind"],"relics":["PureWater","NeowsBlessing","InkBottle","Sundial","Empty Cage","Yang","Mummified Hand","MutagenicStrength"],"acts_visited":["Exordium","TheCity"],"potions_floor_usage":[],"damage_taken":[{"damage":0.0,"enemies":"Small Slimes","floor":1.0,"turns":1.0},{"damage":0.0,"enemies":"2 Louse","floor":2.0,"turns":2.0},{"damage":0.0,"enemies":"Jaw Worm","floor":3.0,"turns":1.0},{"damage":0.0,"enemies":"Large Slime","floor":4.0,"turns":4.0},{"damage":37.0,"enemies":"Exordium Thugs","floor":5.0,"turns":5.0},{"damage":8.0,"enemies":"Blue Slaver","floor":7.0,"turns":2.0},{"damage":0.0,"enemies":"3 Sentries","floor":10.0,"turns":1.0},{"damage":0.0,"enemies":"Looter","floor":12.0,"turns":1.0},{"damage":13.0,"enemies":"The Guardian","floor":16.0,"turns":7.0},{"damage":0.0,"enemies":"Spheric Guardian","floor":18.0,"turns":1.0},{"damage":0.0,"enemies":"Chosen","floor":20.0,"turns":2.0},{"damage":0.0,"enemies":"Snecko","floor":22.0,"turns":2.0},{"damage":0.0,"enemies":"Snake Plant","floor":24.0,"turns":1.0},{"damage":1.0,"enemies":"Centurion and Healer","floor":27.0,"turns":5.0},{"damage":21.0,"enemies":"Shelled Parasite and Fungi","floor":28.0,"turns":2.0},{"damage":12.0,"enemies":"Snake Plant","floor":30.0,"turns":4.0},{"damage":33,"enemies":"Collector","floor":33,"turns":3}],"seed_played":"-5860470879575084058","potions_obtained":[{"floor":2.0,"key":"LiquidBronze"},{"floor":7.0,"key":"SteroidPotion"},{"floor":10.0,"key":"Weak Potion"},{"floor":12.0,"key":"Fruit Juice"},{"floor":20.0,"key":"BlessingOfTheForge"},{"floor":28.0,"key":"LiquidMemories"}],"is_trial":false,"path_per_floor":["M","M","M","M","M","R","M","R","T","E","$","M","?","?","R","B",null,"M","?","M","?","M","R","M","R","T","M","M","?","M","?","R","B"],"character_chosen":"WATCHER","items_purchased":["FearNoEvil"],"campfire_rested":0,"item_purchase_floors":[11],"current_hp_per_floor":[61,61,61,61,24,24,16,16,16,16,16,21,21,21,21,8,57,57,57,57,57,57,57,57,57,57,56,35,35,23,23,23,0,0],"gold":105,"neow_bonus":"THREE_ENEMY_KILL","is_daily":false,"chose_seed":false,"campfire_upgraded":6,"win_rate":0.0,"timestamp":1614261548,"path_taken":["M","M","M","M","M","R","M","R","T","E","$","M","?","?","R","BOSS","M","?","M","?","?","R","M","R","T","M","M","?","M","?","R","BOSS"],"items_purchased_type":["Card"],"build_version":"2020-12-22","purchased_purges":1,"victory":false,"max_hp_per_floor":[68,68,68,68,68,68,68,68,68,68,68,73,73,73,73,73,73,73,73,73,73,73,73,73,73,73,73,73,73,73,73,73,73,73],"card_choices":[{"not_picked":["ThirdEye","JustLucky"],"picked":"Consecrate","floor":1.0},{"not_picked":["Sanctity","BattleHymn"],"picked":"InnerPeace","floor":2.0},{"not_picked":["Conclude","EmptyBody"],"picked":"Meditate","floor":3.0},{"not_picked":["InnerPeace","EmptyFist"],"picked":"CrushJoints","floor":4.0},{"not_picked":["CutThroughFate","BowlingBash","FlyingSleeves"],"picked":"SKIP","floor":5.0},{"not_picked":["TalkToTheHand","Vengeance"],"picked":"Ragnarok","floor":7.0},{"not_picked":["Vengeance","SashWhip","Nirvana"],"picked":"SKIP","floor":10.0},{"not_picked":["LikeWater","ThirdEye"],"picked":"FlurryOfBlows","floor":12.0},{"not_picked":["Crescendo","FlyingSleeves"],"picked":"Study","floor":18.0},{"not_picked":["Consecrate","Nirvana","CrushJoints"],"picked":"SKIP","floor":20.0},{"not_picked":["LikeWater","EmptyFist"],"picked":"WreathOfFlame","floor":22.0},{"not_picked":["WheelKick","InnerPeace"],"picked":"Halt","floor":24.0},{"not_picked":["Halt","FlyingSleeves","Perseverance+1"],"picked":"SKIP","floor":27.0},{"not_picked":["Tantrum","BowlingBash","ThirdEye"],"picked":"SKIP","floor":28.0},{"not_picked":["JustLucky","Prostrate"],"picked":"EmptyMind","floor":30.0}],"player_experience":430265,"relics_obtained":[{"floor":9.0,"key":"InkBottle"},{"floor":10.0,"key":"Sundial"},{"floor":26.0,"key":"Mummified Hand"}],"event_choices":[{"cards_removed":["Strike_P"],"damage_healed":0.0,"max_hp_gain":0.0,"max_hp_loss":0.0,"gold_gain":0.0,"event_name":"Living Wall","player_choice":"Forget","floor":13.0,"gold_loss":0.0,"damage_taken":0.0},{"damage_healed":0.0,"max_hp_gain":0.0,"max_hp_loss":0.0,"gold_gain":0.0,"event_name":"Liars Game","player_choice":"Ignored","floor":14.0,"gold_loss":0.0,"damage_taken":0.0},{"cards_removed":["Defend_P"],"damage_healed":0.0,"max_hp_gain":0.0,"max_hp_loss":0.0,"gold_gain":0.0,"event_name":"Beggar","player_choice":"Gave Gold","floor":19.0,"gold_loss":75.0,"damage_taken":0.0},{"damage_healed":0.0,"max_hp_gain":0.0,"max_hp_loss":0.0,"gold_gain":0.0,"event_name":"Addict","player_choice":"Obtained Relic","floor":21.0,"gold_loss":85.0,"damage_taken":0.0,"relics_obtained":["Yang"]},{"cards_removed":["Strike_P"],"damage_healed":0.0,"max_hp_gain":0.0,"max_hp_loss":0.0,"gold_gain":0.0,"event_name":"Back to Basics","player_choice":"Elegance","floor":29.0,"gold_loss":0.0,"damage_taken":0.0},{"damage_healed":0.0,"max_hp_gain":0.0,"max_hp_loss":0.0,"gold_gain":0.0,"event_name":"Drug Dealer","player_choice":"Inject Mutagens","floor":31.0,"gold_loss":0.0,"damage_taken":0.0,"relics_obtained":["MutagenicStrength"]}],"is_beta":false,"boss_relics":[{"not_picked":["Philosopher\u0027s Stone","Calling Bell"],"picked":"Empty Cage"}],"items_purged_floors":[11],"is_endless":false,"potions_floor_spawned":[2,7,10,12,20,28],"killed_by":"Collector","ascension_level":20}}