{"host":"en4narc5947t7k9n","time":1614267319,"event":{"mods":["AchievementEnabler","BaseMod","Colored Map","Minty Spire (QoL Compilation)","SuperFastMode"],"gold_per_floor":[215,233,250,260,210,239,21,40,64,80,80,80,80,90,90,90,90],"floor_reached":16,"language":"KOR","playtime":580,"items_purged":["Strike_R"],"score":104,"play_id":"63b7ffe5-ccaf-42bf-8527-b236c5c1ec9b","local_time":"20210226003519","is_ascension_mode":false,"campfire_choices":[{"data":"Searing Blow","floor":12,"key":"SMITH"},{"data":"Searing Blow+2","floor":15,"key":"SMITH"}],"circlet_count":0,"master_deck":["Strike_R","Strike_R","Strike_R","Defend_R","Defend_R","Defend_R","Defend_R","Bash","Rupture","Fire Breathing","Searing Blow+3","Pommel Strike","Flame Barrier","Rampage","Shrug It Off","Flex"],"relics":["Burning Blood","Kunai","HandDrill"],"acts_visited":["Exordium"],"potions_floor_usage":[10,10,16,16],"damage_taken":[{"damage":3,"enemies":"Cultist","floor":1,"turns":5},{"damage":5,"enemies":"2 Louse","floor":2,"turns":3},{"damage":10,"enemies":"Jaw Worm","floor":3,"turns":4},{"damage":17,"enemies":"Looter","floor":4,"turns":5},{"damage":32,"enemies":"Gremlin Nob","floor":6,"turns":5},{"damage":31,"enemies":"Exordium Thugs","floor":8,"turns":7},{"damage":9,"enemies":"Lots of Slimes","floor":10,"turns":5},{"damage":9,"enemies":"2 Fungi Beasts","floor":14,"turns":3},{"damage":10,"enemies":"The Guardian","floor":16,"turns":8}],"seed_played":"620068248190108525","potions_obtained":[{"floor":3,"key":"Swift Potion"},{"floor":4,"key":"SpeedPotion"},{"floor":8,"key":"BlessingOfTheForge"},{"floor":10,"key":"DuplicationPotion"}],"is_trial":false,"path_per_floor":["M","M","M","M","?","E","$","M","T","M","$","R","?","M","R","B"],"character_chosen":"IRONCLAD","items_purchased":["HandDrill"],"campfire_rested":0,"item_purchase_floors":[7],"current_hp_per_floor":[80,80,76,65,65,39,39,14,14,11,11,11,11,8,8,0,0],"gold":90,"neow_bonus":"HUNDRED_GOLD","is_daily":false,"chose_seed":false,"campfire_upgraded":2,"win_rate":0.0,"timestamp":1614267319,"path_taken":["M","M","?","M","?","E","?","M","T","M","$","R","?","M","R","BOSS"],"items_purchased_type":["Relic"],"build_version":"2020-12-22","purchased_purges":1,"victory":false,"max_hp_per_floor":[80,80,80,80,80,80,80,80,80,80,80,80,80,80,80,80,80],"card_choices":[{"not_picked":["Sword Boomerang","Wild Strike"],"picked":"Rupture","floor":1},{"not_picked":["Perfected Strike","True Grit"],"picked":"Fire Breathing","floor":2},{"not_picked":["Uppercut","Bludgeon"],"picked":"Searing Blow","floor":3},{"not_picked":["Clothesline","Rupture"],"picked":"Pommel Strike","floor":4},{"not_picked":["Juggernaut","Sword Boomerang"],"picked":"Flame Barrier","floor":6},{"not_picked":["Heavy Blade","Havoc"],"picked":"Rampage","floor":8},{"not_picked":["Dropkick","Havoc"],"picked":"Shrug It Off","floor":10},{"not_picked":["Thunderclap","Disarm"],"picked":"Flex","floor":14}],"player_experience":222604,"relics_obtained":[{"floor":6,"key":"Kunai"}],"event_choices":[{"cards_removed":["Strike_R"],"damage_healed":0,"gold_gain":0,"player_choice":"Card Removal","damage_taken":0,"max_hp_gain":0,"max_hp_loss":0,"event_name":"The Cleric","floor":5,"gold_loss":50},{"damage_healed":0,"gold_gain":0,"player_choice":"Grow","damage_taken":0,"max_hp_gain":0,"max_hp_loss":0,"event_name":"Living Wall","floor":13,"gold_loss":0,"cards_upgraded":["Searing Blow"]}],"is_beta":false,"boss_relics":[],"items_purged_floors":[7],"is_endless":false,"potions_floor_spawned":[3,4,8,10],"killed_by":"The Guardian","ascension_level":0}}