{"host":"eeb412nj2w7f9cz8","time":1614256801,"event":{"mods":["ATMod(°¢èªMod)","Act Like it!","BaseMod","Downfall","Minty Spire (QoL Compilation)","StSLib"],"gold_per_floor":[99,114,132,48,67,81,81,112,12,24,24,36,36,36,48,147,147,47,64,164,164,182,17,93,93,108,139,149,8,8,37,55,160,160,60,79,96,116,7,23,46,79,93,93,108,141,157,190,205,205,205,231,11,11,11,11],"floor_reached":57,"language":"ZHS","playtime":7483,"items_purged":["Writhe"],"score":1425,"play_id":"4fd13186-2dc7-41ff-8677-1995b29a3d4b","local_time":"20210225204001","is_ascension_mode":false,"campfire_choices":[{"floor":1.0,"key":"RECALL"},{"data":"AT_FamilyPortrait","floor":9,"key":"SMITH"},{"data":"Guardian:StasisField","floor":11,"key":"SMITH"},{"data":"Guardian:Recover","floor":14,"key":"SMITH"},{"data":"Guardian:ConstructionForm","floor":18,"key":"SMITH"},{"data":"Guardian:Emergency","floor":25,"key":"SMITH"},{"floor":30,"key":"REST"},{"data":"Guardian:TimeSifter","floor":35,"key":"SMITH"},{"data":"Guardian:Suspension","floor":44,"key":"SMITH"},{"data":"Guardian:Harden","floor":54,"key":"SMITH"}],"circlet_count":0,"master_deck":["Guardian:CurlUp","Guardian:TwinSlam","Guardian:StasisField+1","AT_FamilyPortrait+1","Guardian:FloatingOrbs","Guardian:FloatingOrbs","Guardian:Repulse","Guardian:Emergency+1","Guardian:Recover+1","Guardian:Harden+1","Guardian:EvasiveProtocol","Guardian:AncientConstruct","Guardian:Repulse","Guardian:PolyBeam","Guardian:Suspension+1","Guardian:MultiBeam","Guardian:ShieldSpikes","Guardian:FloatingOrbs","Guardian:ConstructionForm+1","Guardian:ArmoredProtocol+1","Guardian:Emergency+1","Guardian:Preprogram+1","Guardian:RevengeProtocol","Guardian:EvasiveProtocol+1","Guardian:ShieldCharger+1","Guardian:Planning+1","Guardian:SpikerProtocol","Guardian:BodySlam+1","Guardian:TimeSifter+1","Guardian:Orbwalk+1","Guardian:DecasProtection+1","Guardian:Harden+1","Guardian:DecasProtection+1","Guardian:Planning+1","Guardian:WalkerClaw+1","Guardian:SpikerProtocol"],"relics":["Guardian:ModeShifterPlus","AT_ATBox","Darkstone Periapt","Torii","downfall:HeartBlessingRed","Pandora\u0027s Box","downfall:HeartBlessingGreen","Incense Burner","Bottled Flame","Toxic Egg 2","AT_BladeRuinedKing","Lantern","Ornamental Fan","downfall:HeartBlessingBlue","Bronze Scales","OrangePellets","AT_RedTearstoneRing","Toy Ornithopter","Pantograph","AT_BellDemon","Unceasing Top","Orichalcum","Lee\u0027s Waffle"],"acts_visited":["Exordium","TheCity","TheBeyond","TheEnding"],"potions_floor_usage":[3,8,13,16,23,31,40,56,56,56],"damage_taken":[{"damage":0,"enemies":"Cultist","floor":2,"turns":5},{"damage":0,"enemies":"2 Louse","floor":3,"turns":2},{"damage":3,"enemies":"downfall:FleeingMerchant","floor":4,"turns":4},{"damage":0,"enemies":"Jaw Worm","floor":5,"turns":3},{"damage":11,"enemies":"Gremlin Gang","floor":6,"turns":7},{"damage":10,"enemies":"3 Sentries","floor":8,"turns":5},{"damage":0,"enemies":"Large Slime","floor":10,"turns":4},{"damage":9,"enemies":"Exordium Wildlife","floor":12,"turns":4},{"damage":1,"enemies":"Gremlin Nob","floor":13,"turns":3},{"damage":1,"enemies":"Exordium Thugs","floor":15,"turns":6},{"damage":1,"enemies":"SI_SHIV_ARCHETYPE","floor":16,"turns":11},{"damage":0,"enemies":"3 Byrds","floor":19,"turns":6},{"damage":27,"enemies":"Colosseum Nobs","floor":20,"turns":5},{"damage":10,"enemies":"downfall:LooterAlt2","floor":22,"turns":6},{"damage":2,"enemies":"downfall:FleeingMerchant","floor":23,"turns":4},{"damage":8,"enemies":"Snake Plant","floor":26,"turns":6},{"damage":31,"enemies":"Gremlin Leader","floor":27,"turns":7},{"damage":0,"enemies":"Cultist and Chosen","floor":28,"turns":7},{"damage":0,"enemies":"downfall:FleeingMerchant","floor":29,"turns":4},{"damage":12,"enemies":"Book of Stabbing","floor":31,"turns":4},{"damage":0,"enemies":"Sentry and Sphere","floor":32,"turns":6},{"damage":7,"enemies":"DF_ARCHETYPE_CLAW","floor":33,"turns":6},{"damage":0,"enemies":"Orb Walker","floor":36,"turns":4},{"damage":24,"enemies":"3 Darklings","floor":37,"turns":5},{"damage":0,"enemies":"Spire Growth","floor":38,"turns":5},{"damage":0,"enemies":"downfall:FleeingMerchant","floor":39,"turns":2},{"damage":0,"enemies":"Writhing Mass","floor":40,"turns":4},{"damage":1,"enemies":"Giant Head","floor":42,"turns":6},{"damage":0,"enemies":"Transient","floor":43,"turns":5},{"damage":0,"enemies":"Maw","floor":45,"turns":4},{"damage":0,"enemies":"Nemesis","floor":46,"turns":5},{"damage":1,"enemies":"Sphere and 2 Shapes","floor":47,"turns":5},{"damage":0,"enemies":"Giant Head","floor":48,"turns":6},{"damage":0,"enemies":"Spire Growth","floor":49,"turns":3},{"damage":0,"enemies":"IC_BLOCK_ARCHETYPE","floor":50,"turns":6},{"damage":56,"enemies":"downfall:CharBossMerchant","floor":52,"turns":9},{"damage":0,"enemies":"downfall:NeowBoss","floor":55,"turns":11},{"damage":16,"enemies":"downfall:NeowBossFinal","floor":56,"turns":11}],"seed_played":"335572938249430660","potions_obtained":[{"floor":2,"key":"Fire Potion"},{"floor":6,"key":"SkillPotion"},{"floor":10,"key":"FearPotion"},{"floor":15,"key":"SkillPotion"},{"floor":20,"key":"LiquidBronze"},{"floor":22,"key":"SkillPotion"},{"floor":28,"key":"PowerPotion"},{"floor":37,"key":"Strength Potion"},{"floor":38,"key":"LiquidMemories"},{"floor":43,"key":"Ancient Potion"},{"floor":52,"key":"bronze:BurnAndBuffPotion"}],"is_trial":false,"path_per_floor":["R","M","M","$","M","M","T","E","R","M","R","M","E","R","M","B",null,"R","M","?","?","M","$","T","R","M","E","M","$","R","E","M","B",null,"R","M","M","M","$","M","T","E","M","R","M","E","M","E","M","B",null,"E","$","R","B","B",null],"character_chosen":"GUARDIAN","items_purchased":["Guardian:Repulse","AT_BladeRuinedKing","Guardian:Planning+1","Guardian:SpikerProtocol","Bronze Scales","OrangePellets","Guardian:Gem_Crimson","Lee\u0027s Waffle","Guardian:SpikerProtocol"],"campfire_rested":1,"item_purchase_floors":[4,23,29,29,39,39,39,53,53],"current_hp_per_floor":[56,56,56,53,53,42,42,32,32,32,32,23,22,22,21,20,80,80,80,53,59,49,47,47,47,39,8,8,8,33,21,21,14,86,96,96,72,72,72,72,72,71,71,71,71,71,70,70,70,95,96,40,103,103,103,87],"gold":11,"neow_bonus":"THREE_RARE_CARDS","is_daily":false,"chose_seed":false,"campfire_upgraded":8,"win_rate":0.0,"timestamp":1614256801,"path_taken":["R","M","M","?","M","M","T","E","R","M","R","M","E","$","M","BOSS","R","M","?","?","M","$","T","R","M","E","M","?","R","E","M","BOSS","R","M","M","?","$","M","T","E","M","R","M","E","M","E","M","BOSS","E","$","R","BOSS","BOSS"],"items_purchased_type":["Card","Relic","Card","Card","Relic","Relic","Card","Relic","Card"],"build_version":"2020-12-22","purchased_purges":1,"victory":true,"max_hp_per_floor":[80,80,80,80,80,80,80,80,80,80,80,80,80,80,80,80,80,80,80,80,86,86,86,86,86,86,86,86,86,86,86,86,86,86,96,96,96,96,96,96,96,96,96,96,96,96,96,96,96,96,96,96,103,103,103,103],"card_choices":[{"not_picked":["Guardian:Gem_Orange","Guardian:ConstructionForm"],"picked":"Guardian:StasisField","floor":0.0},{"not_picked":["Guardian:ChargeCore","Guardian:Gem_Green"],"picked":"Guardian:FloatingOrbs","floor":2},{"not_picked":["Guardian:Gem_Fragmented","Guardian:Suspension"],"picked":"Guardian:FloatingOrbs","floor":3},{"not_picked":["Guardian:Gem_Green","Guardian:CrystalBeam"],"picked":"Guardian:Gem_White","floor":4},{"not_picked":["Guardian:Gem_Cyan","Guardian:PrismaticBeam","Guardian:Planning"],"picked":"SKIP","floor":5},{"not_picked":["Guardian:HyperBeam_Guardian","Guardian:ShieldCharger"],"picked":"Guardian:Emergency","floor":6},{"not_picked":["Guardian:GuardianWhirl","Guardian:BronzeArmor"],"picked":"Guardian:Gem_Blue","floor":8},{"not_picked":["Guardian:Gem_Cyan","Guardian:ChargeCore"],"picked":"Guardian:Recover","floor":10},{"not_picked":["Guardian:Gem_White","Guardian:ShieldCharger"],"picked":"Guardian:Harden","floor":12},{"not_picked":["Guardian:Repulse","Guardian:ShieldCharger"],"picked":"Guardian:EvasiveProtocol","floor":15},{"not_picked":["Guardian:Gem_Synthetic","Guardian:BaubleBeam"],"picked":"Guardian:AncientConstruct","floor":16},{"not_picked":["Guardian:Orbwalk","Guardian:Gem_Red"],"picked":"Guardian:Gem_Purple","floor":19},{"not_picked":["Guardian:Gem_Yellow","Guardian:BronzeArmor"],"picked":"Guardian:ArmoredProtocol+1","floor":20},{"not_picked":["Guardian:WalkerClaw","Guardian:TemporalShield+1"],"picked":"Guardian:Emergency+1","floor":22},{"not_picked":["Guardian:PrimingBeam","Guardian:Gem_Red","Guardian:TemporalShield+1"],"picked":"SKIP","floor":23},{"not_picked":["Guardian:TemporalShield+1","Guardian:Gem_Lightblue"],"picked":"Guardian:Preprogram+1","floor":26},{"not_picked":["Guardian:PiercingHide+1","Guardian:TemporalStrike"],"picked":"Guardian:RevengeProtocol","floor":27},{"not_picked":["Guardian:Clone+1","Guardian:Incinerate"],"picked":"Guardian:EvasiveProtocol+1","floor":28},{"not_picked":["Guardian:ChargeCore+1","Guardian:VentSteam+1"],"picked":"Guardian:ShieldCharger+1","floor":29},{"not_picked":["Guardian:Emergency+1","Guardian:DonusPower+1"],"picked":"Guardian:BodySlam+1","floor":31},{"not_picked":["Guardian:Orbwalk","Guardian:PiercingHide+1","Guardian:ChargeCore+1"],"picked":"SKIP","floor":32},{"not_picked":["Guardian:Gem_Synthetic","Guardian:RevengeProtocol"],"picked":"Guardian:TimeSifter","floor":33},{"not_picked":["Guardian:EvasiveProtocol","Guardian:Gem_Red","Guardian:RollAttack+1"],"picked":"SKIP","floor":36},{"not_picked":["Guardian:Reroute","Guardian:PrismaticBeam"],"picked":"Guardian:Gem_Green","floor":37},{"not_picked":["Guardian:Planning+1","Guardian:Gem_Cyan"],"picked":"Guardian:Orbwalk+1","floor":38},{"not_picked":["Guardian:Preprogram+1","Guardian:Orbwalk","Guardian:CrystalBeam"],"picked":"SKIP","floor":39},{"not_picked":["Guardian:GuardianWhirl+1","Guardian:TemporalShield+1"],"picked":"Guardian:Gem_Purple","floor":40},{"not_picked":["Guardian:PrismaticBeam","Guardian:CrystalBeam+1","Guardian:Emergency+1"],"picked":"SKIP","floor":42},{"not_picked":["Guardian:EvasiveProtocol+1","Guardian:Gem_Red"],"picked":"Guardian:DecasProtection+1","floor":43},{"not_picked":["Guardian:Gem_Red","Guardian:Emergency+1"],"picked":"Guardian:Gem_Cyan","floor":45},{"not_picked":["Guardian:Recover+1","Guardian:Gem_Fragmented"],"picked":"Guardian:Harden+1","floor":46},{"not_picked":["Guardian:Reroute+1","Guardian:TimeBomb+1"],"picked":"Guardian:DecasProtection+1","floor":47},{"not_picked":["Guardian:Gem_Green","Guardian:Gem_Blue"],"picked":"Guardian:Planning+1","floor":48},{"not_picked":["Guardian:SphericShield+1","Guardian:CrystalBeam+1"],"picked":"Guardian:WalkerClaw+1","floor":49},{"not_picked":["Guardian:MultiBeam+1","Guardian:TemporalStrike"],"picked":"Guardian:Gem_White","floor":52}],"player_experience":181512,"relics_obtained":[{"floor":7,"key":"Darkstone Periapt"},{"floor":8,"key":"Torii"},{"floor":20,"key":"Incense Burner"},{"floor":20,"key":"Bottled Flame"},{"floor":27,"key":"Lantern"},{"floor":31,"key":"Ornamental Fan"},{"floor":41,"key":"AT_RedTearstoneRing"},{"floor":42,"key":"Toy Ornithopter"},{"floor":46,"key":"Pantograph"},{"floor":48,"key":"AT_BellDemon"},{"floor":49,"key":"Unceasing Top"},{"floor":52,"key":"Orichalcum"}],"event_choices":[],"is_beta":false,"boss_relics":[{"not_picked":["Calling Bell","Astrolabe"],"picked":"Pandora\u0027s Box"},{"not_picked":["Philosopher\u0027s Stone","Runic Dome"],"picked":"Guardian:ModeShifterPlus"}],"items_purged_floors":[39],"is_endless":false,"potions_floor_spawned":[2,6,10,15,20,22,28,37,38,43,45,47,52],"ascension_level":0}}