{"host":"sav7uxregyirlf69","time":1614237797,"event":{"mods":["AchievementEnabler","BaseMod","Colored Map","DeckTracker","Keyboard Shortcuts","Minty Spire (QoL Compilation)","READ ME - Guardian Mod","StSLib","SuperFastMode"],"gold_per_floor":[117,127,127,137,137,137,152,152,176,47,65,65,39,139,139,139,139],"floor_reached":16,"language":"KOR","playtime":167,"items_purged":["Pain"],"score":180,"play_id":"870c29cb-ba3c-42e6-a17d-39a325924af5","local_time":"20210225162317","is_ascension_mode":true,"campfire_choices":[{"data":"Dash","floor":6,"key":"SMITH"},{"data":"Reflex","floor":15,"key":"SMITH"}],"circlet_count":0,"master_deck":["AscendersBane","Strike_G","Strike_G","Strike_G","Strike_G","Strike_G","Defend_G","Defend_G","Defend_G","Defend_G","Defend_G","Survivor","Neutralize+1","Dash+1","Reflex+1","Blur","Prepared"],"relics":["Ring of the Snake","NeowsBlessing","WarpedTongs","Potion Belt"],"acts_visited":["Exordium"],"potions_floor_usage":[],"damage_taken":[{"damage":0,"enemies":"2 Louse","floor":1,"turns":1},{"damage":0,"enemies":"Cultist","floor":2,"turns":1},{"damage":1,"enemies":"Jaw Worm","floor":4,"turns":1},{"damage":22,"enemies":"2 Fungi Beasts","floor":7,"turns":5},{"damage":17,"enemies":"Exordium Thugs","floor":11,"turns":7},{"damage":0,"enemies":"Hexaghost","floor":16,"turns":2}],"seed_played":"7322437668746907196","potions_obtained":[{"floor":7,"key":"Explosive Potion"}],"is_trial":false,"path_per_floor":["M","M","?","M","?","R","M","?","T","$","M","?","$","?","R","B"],"character_chosen":"THE_SILENT","items_purchased":["Block Potion","Prepared"],"campfire_rested":0,"item_purchase_floors":[10,13],"current_hp_per_floor":[59,59,59,58,63,63,41,41,41,41,24,24,24,24,24,24,24],"gold":139,"neow_bonus":"THREE_ENEMY_KILL","is_daily":false,"chose_seed":false,"campfire_upgraded":2,"win_rate":0.0,"timestamp":1614237797,"path_taken":["M","M","?","?","?","R","M","?","T","$","?","?","?","?","R","BOSS"],"items_purchased_type":["Potion","Card"],"build_version":"2020-12-22","purchased_purges":1,"victory":false,"max_hp_per_floor":[66,66,66,66,71,71,71,71,71,71,71,71,71,71,71,71,71],"card_choices":[{"not_picked":["Underhanded Strike","Poisoned Stab"],"picked":"Dash","floor":1},{"not_picked":["Choke","Bane","Catalyst"],"picked":"SKIP","floor":2},{"not_picked":["Distraction","Endless Agony"],"picked":"Reflex","floor":4},{"not_picked":["Slice","Deflect","Dash"],"picked":"SKIP","floor":7},{"not_picked":["Eviscerate","Outmaneuver"],"picked":"Blur","floor":11}],"player_experience":1696593,"relics_obtained":[{"floor":9,"key":"Potion Belt"}],"event_choices":[{"damage_healed":0,"gold_gain":0,"player_choice":"Rummage","damage_taken":0,"relics_obtained":["WarpedTongs"],"max_hp_gain":0,"max_hp_loss":0,"event_name":"Accursed Blacksmith","floor":3,"gold_loss":0,"cards_obtained":["Pain"]},{"damage_healed":0,"gold_gain":0,"player_choice":"Donut","damage_taken":0,"max_hp_gain":5,"max_hp_loss":0,"event_name":"Big Fish","floor":5,"gold_loss":0},{"damage_healed":0,"gold_gain":0,"player_choice":"Upgraded","damage_taken":0,"max_hp_gain":0,"max_hp_loss":0,"event_name":"Upgrade Shrine","floor":8,"gold_loss":0,"cards_upgraded":["Neutralize"]},{"damage_healed":0,"gold_gain":0,"player_choice":"Fled","damage_taken":0,"max_hp_gain":0,"max_hp_loss":0,"event_name":"Scrap Ooze","floor":12,"gold_loss":0},{"damage_healed":0,"gold_gain":100,"player_choice":"Gold","damage_taken":0,"max_hp_gain":0,"max_hp_loss":0,"event_name":"Wheel of Change","floor":14,"gold_loss":0}],"is_beta":false,"boss_relics":[],"items_purged_floors":[10],"is_endless":false,"potions_floor_spawned":[7],"killed_by":"Hexaghost","ascension_level":20}}