{"host":"oznsyg6emn3rt4qs","time":1614217689,"event":{"mods":["AchievementEnabler","BaseMod","Better Altar","Better Match","Better Note","Better Sensory Stone","Better Skull","Better Third Choice","Colored Map","Colored Powertips","Highlight Path","Minty Spire (QoL Compilation)","Permanent Neow","StSLib","Synergy Search"],"gold_per_floor":[109,109,128,153,169,169,169,169],"floor_reached":7,"language":"ENG","playtime":786,"items_purged":[],"score":43,"play_id":"135a3e15-d96d-4d95-82e1-36a14123e936","local_time":"20210224194809","is_ascension_mode":false,"campfire_choices":[{"floor":6,"key":"REST"}],"circlet_count":0,"master_deck":["Strike_P","Strike_P","Strike_P","Strike_P","Defend_P","Defend_P","Defend_P","Defend_P","Eruption","Vigilance","Dark Shackles","PathToVictory","Injury","CutThroughFate","JustLucky","Scrawl"],"relics":["PureWater","Golden Idol"],"acts_visited":["Exordium"],"potions_floor_usage":[3],"damage_taken":[{"damage":3,"enemies":"Jaw Worm","floor":1,"turns":3},{"damage":0,"enemies":"Small Slimes","floor":3,"turns":1},{"damage":0,"enemies":"Cultist","floor":4,"turns":2},{"damage":17,"enemies":"Blue Slaver","floor":5,"turns":3},{"damage":81,"enemies":"3 Sentries","floor":7,"turns":4}],"seed_played":"-282271773137989928","potions_obtained":[{"floor":1,"key":"DistilledChaos"}],"is_trial":false,"path_per_floor":["M","?","M","M","M","R","E"],"character_chosen":"WATCHER","items_purchased":[],"campfire_rested":1,"item_purchase_floors":[],"current_hp_per_floor":[69,69,69,69,52,72,0,0],"gold":169,"neow_bonus":"RANDOM_COLORLESS","is_daily":false,"chose_seed":false,"campfire_upgraded":0,"win_rate":0.0,"timestamp":1614217689,"path_taken":["M","?","M","M","M","R","E"],"items_purchased_type":[],"build_version":"2020-12-22","purchased_purges":0,"victory":false,"max_hp_per_floor":[72,72,72,72,72,72,72,72],"card_choices":[{"not_picked":["Panacea","Finesse"],"picked":"Dark Shackles","floor":0},{"not_picked":["Indignation","ThirdEye"],"picked":"PathToVictory","floor":1},{"not_picked":["PathToVictory","Consecrate"],"picked":"CutThroughFate","floor":3},{"not_picked":["ThirdEye","InnerPeace"],"picked":"JustLucky","floor":4},{"not_picked":["EmptyBody","SashWhip"],"picked":"Scrawl","floor":5}],"player_experience":83010,"relics_obtained":[],"event_choices":[{"damage_healed":0,"gold_gain":0,"player_choice":"Take Wound","damage_taken":0,"relics_obtained":["Golden Idol"],"max_hp_gain":0,"max_hp_loss":0,"event_name":"Golden Idol","floor":2,"gold_loss":0,"cards_obtained":["Injury"]}],"is_beta":false,"boss_relics":[],"items_purged_floors":[],"is_endless":false,"potions_floor_spawned":[1],"killed_by":"3 Sentries","ascension_level":0}}