{"host":"Squid","time":1614274791,"event":{"mods":["BaseMod","Minty Spire (QoL Compilation)","StSLib"],"gold_per_floor":[11,27,37,54,69,69,79,79,79,96,123,123,123,158,158,232,282,267,283,299,22,121,121,137,137,163,163,163],"floor_reached":27,"language":"ENG","playtime":1222,"items_purged":["Strike_G"],"score":375,"play_id":"18db93a7-068f-4056-8b92-801d3434a154","local_time":"20210225123951","is_ascension_mode":true,"campfire_choices":[{"data":"Blade Dance","floor":6.0,"key":"SMITH"},{"data":"Finisher","floor":8.0,"key":"SMITH"},{"floor":12.0,"key":"REST"},{"data":"Adrenaline","floor":15.0,"key":"SMITH"},{"floor":23.0,"key":"REST"}],"circlet_count":0,"master_deck":["AscendersBane","Strike_G","Strike_G","Strike_G","Strike_G","Defend_G","Defend_G","Defend_G","Defend_G","Defend_G","Survivor","Neutralize","Venomology","Flying Knee+1","Blade Dance+1","Accuracy","Finisher+1","Backflip","PiercingWail","Adrenaline+1","Envenom","Crippling Poison","Finisher+1","Noxious Fumes+1","Cloak And Dagger","Leg Sweep+1","Blade Dance","Calculated Gamble+1","After Image","Adrenaline+1"],"relics":["Ring of the Snake","Question Card","Prayer Wheel","Bronze Scales","Tiny House","ClockworkSouvenir","Vajra"],"acts_visited":["Exordium","TheCity"],"potions_floor_usage":[27],"damage_taken":[{"damage":4.0,"enemies":"Cultist","floor":1.0,"turns":5.0},{"damage":0.0,"enemies":"Small Slimes","floor":2.0,"turns":3.0},{"damage":4.0,"enemies":"Jaw Worm","floor":3.0,"turns":3.0},{"damage":6.0,"enemies":"Looter","floor":4.0,"turns":3.0},{"damage":0.0,"enemies":"3 Louse","floor":5.0,"turns":2.0},{"damage":0.0,"enemies":"Large Slime","floor":7.0,"turns":4.0},{"damage":8.0,"enemies":"Lots of Slimes","floor":10.0,"turns":4.0},{"damage":22.0,"enemies":"3 Sentries","floor":11.0,"turns":7.0},{"damage":12.0,"enemies":"Gremlin Nob","floor":14.0,"turns":3.0},{"damage":21.0,"enemies":"The Guardian","floor":16.0,"turns":14.0},{"damage":19.0,"enemies":"2 Thieves","floor":18.0,"turns":4.0},{"damage":15.0,"enemies":"Shell Parasite","floor":19.0,"turns":6.0},{"damage":15.0,"enemies":"Centurion and Healer","floor":20.0,"turns":6.0},{"damage":20.0,"enemies":"Cultist and Chosen","floor":24.0,"turns":7.0},{"damage":10,"enemies":"3 Cultists","floor":27,"turns":3}],"seed_played":"3855516425015049654","potions_obtained":[{"floor":1.0,"key":"AttackPotion"},{"floor":11.0,"key":"Poison Potion"},{"floor":14.0,"key":"EntropicBrew"},{"floor":18.0,"key":"Swift Potion"}],"is_trial":false,"path_per_floor":["M","M","M","M","M","R","M","R","T","M","E","R","?","E","R","B",null,"M","M","M","$","?","R","M","?","T","M"],"character_chosen":"THE_SILENT","items_purchased":["ClockworkSouvenir","SpeedPotion"],"campfire_rested":2,"item_purchase_floors":[21,21],"current_hp_per_floor":[59,59,55,49,49,49,49,49,49,41,19,40,45,33,33,12,64,45,30,15,15,15,39,19,19,19,9,9],"gold":163,"neow_bonus":"THREE_RARE_CARDS","is_daily":false,"chose_seed":false,"campfire_upgraded":3,"win_rate":0.0,"timestamp":1614274791,"path_taken":["M","M","M","M","M","R","M","R","T","M","E","R","?","E","R","BOSS","M","M","M","$","?","R","M","?","T","M"],"items_purchased_type":["Relic","Potion"],"build_version":"2020-12-18","purchased_purges":1,"victory":false,"max_hp_per_floor":[70,70,70,70,70,70,70,70,70,70,70,70,75,75,75,75,80,80,80,80,80,80,80,80,80,80,80,80],"card_choices":[{"not_picked":["Glass Knife","Bullet Time"],"picked":"Venomology","floor":0.0},{"not_picked":["Slice","Acrobatics"],"picked":"Flying Knee","floor":1.0},{"not_picked":["Bane","Deflect"],"picked":"Blade Dance","floor":2.0},{"not_picked":["Flying Knee","Deadly Poison","Riddle With Holes"],"picked":"SKIP","floor":3.0},{"not_picked":["Dagger Spray","Dagger Throw"],"picked":"Accuracy","floor":4.0},{"not_picked":["Expertise","Escape Plan","Riddle With Holes"],"picked":"SKIP","floor":5.0},{"not_picked":["Cloak And Dagger","Caltrops"],"picked":"Finisher","floor":7.0},{"not_picked":["Sucker Punch","Quick Slash","Bane"],"picked":"Backflip","floor":10.0},{"not_picked":["Unload","Deadly Poison","Sucker Punch"],"picked":"PiercingWail","floor":11.0},{"not_picked":["Flying Knee","Setup","Cloak And Dagger"],"picked":"Adrenaline","floor":14.0},{"not_picked":["Night Terror","Venomology","Die Die Die"],"picked":"Envenom","floor":16.0},{"not_picked":["Bane","Prepared","Sucker Punch"],"picked":"Crippling Poison","floor":17.0},{"not_picked":["Predator","Quick Slash","Poisoned Stab"],"picked":"Finisher+1","floor":18.0},{"not_picked":["Deadly Poison","Reflex","Sucker Punch","Dagger Throw"],"picked":"SKIP","floor":18.0},{"not_picked":["Blur","Storm of Steel","Backstab"],"picked":"Noxious Fumes+1","floor":19.0},{"not_picked":["Acrobatics","Dagger Throw","Crippling Poison"],"picked":"Cloak And Dagger","floor":19.0},{"not_picked":["Acrobatics","Finisher","Quick Slash"],"picked":"Leg Sweep+1","floor":20.0},{"not_picked":["Bouncing Flask","Distraction","Dodge and Roll"],"picked":"Blade Dance","floor":20.0},{"not_picked":["Caltrops","Concentrate","Expertise"],"picked":"Calculated Gamble+1","floor":24.0},{"not_picked":["Setup+1","Distraction","Prepared"],"picked":"After Image","floor":24.0}],"player_experience":853862,"relics_obtained":[{"floor":9.0,"key":"Question Card"},{"floor":11.0,"key":"Prayer Wheel"},{"floor":14.0,"key":"Bronze Scales"},{"floor":26,"key":"Vajra"}],"event_choices":[{"damage_healed":0.0,"max_hp_gain":5.0,"max_hp_loss":0.0,"gold_gain":0.0,"event_name":"Big Fish","player_choice":"Donut","floor":13.0,"gold_loss":0.0,"damage_taken":0.0},{"damage_healed":0.0,"max_hp_gain":0.0,"max_hp_loss":0.0,"gold_gain":99.0,"event_name":"Nest","player_choice":"Stole From Cult","floor":22.0,"gold_loss":0.0,"damage_taken":0.0},{"damage_healed":0,"gold_gain":0,"player_choice":"Copied","damage_taken":0,"max_hp_gain":0,"max_hp_loss":0,"event_name":"Duplicator","floor":25,"gold_loss":0,"cards_obtained":["Adrenaline"]}],"is_beta":true,"boss_relics":[{"not_picked":["Busted Crown","Snecko Eye"],"picked":"Tiny House"}],"items_purged_floors":[21],"is_endless":false,"potions_floor_spawned":[1,4,10,11,14,18,24],"killed_by":"3 Cultists","ascension_level":13}}