{"host":"sav7uxregyirlf69","time":1614237584,"event":{"mods":["AchievementEnabler","BaseMod","Colored Map","DeckTracker","Keyboard Shortcuts","Minty Spire (QoL Compilation)","READ ME - Guardian Mod","StSLib","SuperFastMode"],"gold_per_floor":[119,134,134,134,145,171,171,186,186,24,50,64,95,75,75,149,149,160,179,195,207,44,44,78,91,114,143,4,37,66,78,90,174,186,217,254,286,350,362,374,386,429,441,463,475,507,519,245,245,245,245,245,245,4,36,36,36],"floor_reached":56,"language":"KOR","playtime":1367,"items_purged":["Strike_R","Strike_R","Strike_R","Defend_R"],"score":2010,"play_id":"e44cf166-b7e3-4e86-ba0b-0948bcde9ba4","local_time":"20210225161944","is_ascension_mode":true,"campfire_choices":[{"floor":7.0,"key":"REST"},{"data":"Flame Barrier","floor":15.0,"key":"SMITH"},{"data":"Dual Wield","floor":23.0,"key":"SMITH"},{"data":"Double Tap","floor":32.0,"key":"SMITH"},{"data":"Bludgeon","floor":40.0,"key":"SMITH"},{"data":"1","floor":45.0,"key":"LIFT"},{"data":"2","floor":47.0,"key":"LIFT"},{"floor":49.0,"key":"RECALL"},{"data":"3","floor":53.0,"key":"LIFT"}],"circlet_count":0,"master_deck":["AscendersBane","Defend_R","Defend_R","Defend_R","Bash","Bludgeon+1","Shrug It Off","Uppercut","Flame Barrier+1","Double Tap+1","Dual Wield+1","Bludgeon+1","Flame Barrier","Shrug It Off+1","Flame Barrier","Heavy Blade+1","Mayhem","Bludgeon+1","Feel No Pain","Shockwave"],"relics":["Burning Blood","Unceasing Top","Meat on the Bone","White Beast Statue","Letter Opener","Snecko Eye","Medical Kit","Gremlin Horn","Nunchaku","MawBank","Empty Cage","Girya","Calipers","Juzu Bracelet","Self Forming Clay","DollysMirror","Orichalcum"],"acts_visited":["Exordium","TheCity","TheBeyond","TheEnding"],"potions_floor_usage":[55,56],"damage_taken":[{"damage":8.0,"enemies":"Small Slimes","floor":1.0,"turns":3.0},{"damage":7.0,"enemies":"Jaw Worm","floor":2.0,"turns":2.0},{"damage":0.0,"enemies":"Cultist","floor":5.0,"turns":2.0},{"damage":35.0,"enemies":"3 Sentries","floor":6.0,"turns":7.0},{"damage":12.0,"enemies":"3 Louse","floor":8.0,"turns":4.0},{"damage":0.0,"enemies":"Lagavulin","floor":11.0,"turns":4.0},{"damage":26.0,"enemies":"Lots of Slimes","floor":12.0,"turns":6.0},{"damage":17.0,"enemies":"3 Sentries","floor":13.0,"turns":9.0},{"damage":31.0,"enemies":"The Guardian","floor":16.0,"turns":10.0},{"damage":0.0,"enemies":"Spheric Guardian","floor":18.0,"turns":2.0},{"damage":0.0,"enemies":"Shell Parasite","floor":19.0,"turns":1.0},{"damage":0.0,"enemies":"Snake Plant","floor":20.0,"turns":1.0},{"damage":11.0,"enemies":"3 Cultists","floor":21.0,"turns":5.0},{"damage":41.0,"enemies":"Slavers","floor":24.0,"turns":5.0},{"damage":10.0,"enemies":"Centurion and Healer","floor":25.0,"turns":3.0},{"damage":0.0,"enemies":"Gremlin Leader","floor":27.0,"turns":3.0},{"damage":1.0,"enemies":"Slavers","floor":29.0,"turns":3.0},{"damage":0.0,"enemies":"Snecko","floor":30.0,"turns":3.0},{"damage":60.0,"enemies":"Automaton","floor":33.0,"turns":9.0},{"damage":14.0,"enemies":"3 Darklings","floor":35.0,"turns":4.0},{"damage":0.0,"enemies":"Mind Bloom Boss Battle","floor":36.0,"turns":7.0},{"damage":0.0,"enemies":"3 Shapes","floor":37.0,"turns":3.0},{"damage":38.0,"enemies":"2 Orb Walkers","floor":38.0,"turns":5.0},{"damage":4.0,"enemies":"Giant Head","floor":42.0,"turns":5.0},{"damage":6.0,"enemies":"3 Darklings","floor":44.0,"turns":4.0},{"damage":0.0,"enemies":"4 Shapes","floor":46.0,"turns":4.0},{"damage":28.0,"enemies":"Awakened One","floor":50.0,"turns":7.0},{"damage":32.0,"enemies":"Donu and Deca","floor":51.0,"turns":6.0},{"damage":51,"enemies":"Shield and Spear","floor":55,"turns":5},{"damage":33,"enemies":"The Heart","floor":56,"turns":2}],"seed_played":"-434014228183803110","potions_obtained":[{"floor":2.0,"key":"Energy Potion"},{"floor":11.0,"key":"Ancient Potion"},{"floor":12.0,"key":"BloodPotion"},{"floor":13.0,"key":"Dexterity Potion"},{"floor":14.0,"key":"DuplicationPotion"},{"floor":16.0,"key":"AttackPotion"},{"floor":21.0,"key":"Energy Potion"},{"floor":24.0,"key":"DistilledChaos"},{"floor":25.0,"key":"PowerPotion"},{"floor":27.0,"key":"CultistPotion"},{"floor":29.0,"key":"SteroidPotion"},{"floor":30.0,"key":"Strength Potion"},{"floor":33.0,"key":"BloodPotion"},{"floor":35.0,"key":"BloodPotion"},{"floor":37.0,"key":"CultistPotion"},{"floor":38.0,"key":"BlessingOfTheForge"},{"floor":42.0,"key":"BloodPotion"},{"floor":44.0,"key":"Fire Potion"},{"floor":55,"key":"LiquidBronze"}],"is_trial":false,"path_per_floor":["M","M","?","?","M","E","R","M","T","$","E","M","E","?","R","B",null,"M","M","M","M","$","R","E","M","T","E","$","E","M","?","R","B",null,"M","?","M","?","?","R","?","E","T","M","R","M","R","$","R","B","B",null,"R","$","E","B"],"character_chosen":"IRONCLAD","items_purchased":["DistilledChaos","Medical Kit","Flame Barrier","DollysMirror","Feel No Pain","ColorlessPotion"],"campfire_rested":1,"item_purchase_floors":[10,22,28,48,54,54],"current_hp_per_floor":[48,47,47,47,53,24,46,40,40,40,46,38,54,54,54,41,67,73,75,75,70,70,70,47,55,55,61,61,66,72,72,72,30,64,71,75,75,55,55,55,45,47,47,62,62,68,68,68,68,46,32,64,64,64,31,0,0],"gold":36,"neow_bonus":"THREE_RARE_CARDS","is_daily":false,"chose_seed":false,"campfire_upgraded":4,"win_rate":0.0,"timestamp":1614237584,"path_taken":["M","M","?","?","M","E","R","?","T","$","E","M","E","?","R","BOSS","M","M","M","M","$","R","E","?","T","E","$","E","M","?","R","BOSS","M","?","M","?","?","R","?","E","T","M","R","M","R","$","R","BOSS","BOSS","R","$","E","BOSS"],"items_purchased_type":["Potion","Relic","Card","Relic","Card","Potion"],"build_version":"2020-12-22","purchased_purges":4,"victory":false,"max_hp_per_floor":[75,75,75,75,75,75,75,75,75,75,75,75,75,75,75,75,75,75,75,75,75,75,75,75,75,75,75,75,75,75,75,75,75,75,75,75,75,75,75,75,75,75,75,75,75,75,75,75,75,75,75,75,75,75,75,75,75],"card_choices":[{"not_picked":["Offering","Demon Form"],"picked":"Bludgeon","floor":0.0},{"not_picked":["Headbutt","Wild Strike","Sword Boomerang"],"picked":"SKIP","floor":1.0},{"not_picked":["Dark Embrace","Rampage","Havoc"],"picked":"SKIP","floor":2.0},{"not_picked":["Flame Barrier","Clothesline","Clash"],"picked":"SKIP","floor":5.0},{"not_picked":["Rupture","Thunderclap"],"picked":"Shrug It Off","floor":6.0},{"not_picked":["Second Wind","Sword Boomerang","Shrug It Off"],"picked":"SKIP","floor":8.0},{"not_picked":["Clash","Searing Blow","Pummel"],"picked":"SKIP","floor":11.0},{"not_picked":["Shrug It Off","Thunderclap"],"picked":"Uppercut","floor":12.0},{"not_picked":["Wild Strike","Shrug It Off"],"picked":"Flame Barrier","floor":13.0},{"not_picked":["Bludgeon","Juggernaut"],"picked":"Double Tap","floor":16.0},{"not_picked":["Clash","Combust"],"picked":"Dual Wield","floor":18.0},{"not_picked":["Anger","Sword Boomerang","Searing Blow"],"picked":"SKIP","floor":19.0},{"not_picked":["Sever Soul","Disarm","Infernal Blade"],"picked":"SKIP","floor":20.0},{"not_picked":["Thunderclap","Juggernaut","Fire Breathing+1"],"picked":"SKIP","floor":21.0},{"not_picked":["Wild Strike","Cleave"],"picked":"Bludgeon","floor":24.0},{"not_picked":["Heavy Blade","Warcry+1","Headbutt"],"picked":"SKIP","floor":25.0},{"not_picked":["Warcry","Evolve","Metallicize"],"picked":"SKIP","floor":27.0},{"not_picked":["True Grit","Armaments"],"picked":"Shrug It Off+1","floor":29.0},{"not_picked":["Searing Blow","Headbutt+1","Second Wind"],"picked":"SKIP","floor":30.0},{"not_picked":["Twin Strike+1","Flex+1","Headbutt"],"picked":"SKIP","floor":35.0},{"not_picked":["Heavy Blade","Bloodletting"],"picked":"Flame Barrier","floor":36.0},{"not_picked":["Headbutt+1","Perfected Strike+1"],"picked":"Heavy Blade+1","floor":37.0},{"not_picked":["Chrysalis","Flash of Steel"],"picked":"Mayhem","floor":41.0},{"not_picked":["Heavy Blade","Battle Trance","Pommel Strike"],"picked":"SKIP","floor":42.0},{"not_picked":["Iron Wave","Body Slam+1","Whirlwind+1"],"picked":"SKIP","floor":44.0},{"not_picked":["Second Wind","Shrug It Off","Sword Boomerang"],"picked":"SKIP","floor":46.0},{"not_picked":["Entrench+1","Disarm"],"picked":"Shockwave","floor":55}],"player_experience":1695200,"relics_obtained":[{"floor":6.0,"key":"Unceasing Top"},{"floor":9.0,"key":"Meat on the Bone"},{"floor":11.0,"key":"White Beast Statue"},{"floor":13.0,"key":"Letter Opener"},{"floor":24.0,"key":"Gremlin Horn"},{"floor":27.0,"key":"Nunchaku"},{"floor":29.0,"key":"MawBank"},{"floor":36.0,"key":"Girya"},{"floor":38.0,"key":"Calipers"},{"floor":42.0,"key":"Juzu Bracelet"},{"floor":43.0,"key":"Self Forming Clay"},{"floor":55,"key":"Orichalcum"}],"event_choices":[{"damage_healed":0.0,"max_hp_gain":0.0,"max_hp_loss":0.0,"gold_gain":0.0,"event_name":"Liars Game","player_choice":"Ignored","floor":3.0,"gold_loss":0.0,"damage_taken":0.0},{"damage_healed":0.0,"max_hp_gain":0.0,"max_hp_loss":0.0,"gold_gain":0.0,"event_name":"Upgrade Shrine","player_choice":"Upgraded","floor":4.0,"gold_loss":0.0,"damage_taken":0.0,"cards_upgraded":["Bludgeon"]},{"damage_healed":0.0,"max_hp_gain":0.0,"max_hp_loss":0.0,"gold_gain":0.0,"event_name":"The Woman in Blue","player_choice":"Bought 1 Potion","floor":14.0,"gold_loss":0.0,"damage_taken":0.0},{"damage_healed":0.0,"max_hp_gain":0.0,"max_hp_loss":0.0,"gold_gain":0.0,"event_name":"Vampires","player_choice":"Ignored","floor":31.0,"gold_loss":0.0,"damage_taken":0.0},{"damage_healed":0.0,"max_hp_gain":0.0,"max_hp_loss":0.0,"gold_gain":0.0,"event_name":"MindBloom","player_choice":"Fight","floor":36.0,"gold_loss":0.0,"damage_taken":0.0},{"damage_healed":0.0,"max_hp_gain":0.0,"max_hp_loss":0.0,"gold_gain":0.0,"event_name":"Mysterious Sphere","player_choice":"Fight","floor":38.0,"gold_loss":0.0,"damage_taken":0.0},{"damage_healed":0.0,"max_hp_gain":0.0,"max_hp_loss":0.0,"gold_gain":0.0,"event_name":"Tomb of Lord Red Mask","player_choice":"Ignored","floor":39.0,"gold_loss":0.0,"damage_taken":0.0},{"damage_healed":0.0,"max_hp_gain":0.0,"max_hp_loss":0.0,"gold_gain":0.0,"event_name":"SensoryStone","player_choice":"Memory 3","floor":41.0,"gold_loss":0.0,"damage_taken":10.0}],"is_beta":false,"boss_relics":[{"not_picked":["Coffee Dripper","SacredBark"],"picked":"Snecko Eye"},{"not_picked":["Runic Pyramid","Black Blood"],"picked":"Empty Cage"}],"items_purged_floors":[10,28,48,54],"is_endless":false,"potions_floor_spawned":[2,11,12,13,16,18,19,20,21,24,25,27,29,30,33,35,36,37,38,42,44,46,55],"killed_by":"The Heart","ascension_level":20}}