{"host":"f5sw8gynptrlgjtd","time":1614221767,"event":{"mods":["AchievementEnabler","BaseMod","Colored Map","Minty Spire (QoL Compilation)"],"gold_per_floor":[119,119,294,294,304,304,321,321,374,389,389,403,433,24,24,119,119,101,4,4,4,4,33,43,43,43,59,79,79,90,108,108,108,108],"floor_reached":33,"language":"ENG","playtime":2525,"items_purged":[],"score":282,"play_id":"d3a45164-6cce-4ad4-8948-144689db2205","local_time":"20210224185607","is_ascension_mode":false,"campfire_choices":[{"data":"CarveReality","floor":6.0,"key":"SMITH"},{"data":"LikeWater","floor":8.0,"key":"SMITH"},{"floor":11.0,"key":"REST"},{"floor":15.0,"key":"REST"},{"floor":25,"key":"REST"},{"floor":29,"key":"REST"},{"floor":32,"key":"REST"}],"circlet_count":0,"master_deck":["Strike_P+1","Strike_P+1","Strike_P+1","Strike_P+1","Defend_P+1","Defend_P+1","Defend_P+1","Defend_P+1","Eruption","Vigilance","LikeWater+1","CarveReality+1","JustLucky","Perseverance","SignatureMove","Establishment","Brilliance","Pray","Discovery","Pray+1","Halt","Protect+1","FlyingSleeves"],"relics":["PureWater","Tiny Chest","Odd Mushroom","Letter Opener","Toolbox","SlaversCollar","Kunai","Pear","Bottled Flame"],"acts_visited":["TheCity"],"potions_floor_usage":[23,28,33],"damage_taken":[{"damage":15.0,"enemies":"Small Slimes","floor":1.0,"turns":3.0},{"damage":0.0,"enemies":"2 Louse","floor":5.0,"turns":2.0},{"damage":5.0,"enemies":"Jaw Worm","floor":7.0,"turns":3.0},{"damage":0.0,"enemies":"3 Louse","floor":10.0,"turns":4.0},{"damage":8.0,"enemies":"Looter","floor":12.0,"turns":3.0},{"damage":22.0,"enemies":"The Mushroom Lair","floor":13.0,"turns":4.0},{"damage":2.0,"enemies":"Slime Boss","floor":16.0,"turns":12.0},{"damage":23,"enemies":"2 Thieves","floor":18,"turns":5},{"damage":15,"enemies":"Slavers","floor":23,"turns":6},{"damage":20,"enemies":"Chosen","floor":24,"turns":5},{"damage":17,"enemies":"Centurion and Healer","floor":27,"turns":5},{"damage":22,"enemies":"Cultist and Chosen","floor":28,"turns":7},{"damage":17,"enemies":"Snake Plant","floor":30,"turns":4},{"damage":9,"enemies":"Chosen and Byrds","floor":31,"turns":12},{"damage":99,"enemies":"Automaton","floor":33,"turns":12}],"seed_played":"3718888446742799878","potions_obtained":[{"floor":12.0,"key":"Explosive Potion"},{"floor":16.0,"key":"PowerPotion"},{"floor":23,"key":"FairyPotion"},{"floor":24,"key":"Regen Potion"},{"floor":31,"key":"Swift Potion"}],"is_trial":false,"path_per_floor":["M","$","?","?","M","R","M","R","T","M","R","M","?","$","R","B",null,"M","$","?","T","?","E","M","R","T","M","M","R","M","M","R","B"],"character_chosen":"WATCHER","items_purchased":["Letter Opener","Toolbox","Discovery"],"campfire_rested":5,"item_purchase_floors":[14,14,19],"current_hp_per_floor":[64,64,64,64,64,64,59,59,59,59,79,71,49,49,72,70,79,56,56,56,56,56,51,31,57,57,40,33,59,42,33,59,0,0],"gold":108,"neow_bonus":"TEN_PERCENT_HP_BONUS","is_daily":false,"chose_seed":false,"campfire_upgraded":2,"win_rate":0.0,"timestamp":1614221767,"path_taken":["M","$","?","?","M","R","M","R","T","M","R","M","?","?","R","BOSS","M","$","?","?","?","E","M","R","T","M","M","R","M","M","R","BOSS"],"items_purchased_type":["Relic","Relic","Card"],"build_version":"2020-12-22","purchased_purges":0,"victory":false,"max_hp_per_floor":[79,79,79,79,79,79,79,79,79,79,79,79,79,79,79,79,79,79,79,79,79,79,89,89,89,89,89,89,89,89,89,89,89,89],"card_choices":[{"not_picked":["ThirdEye","InnerPeace"],"picked":"LikeWater","floor":1.0},{"not_picked":["ClearTheMind","Protect"],"picked":"CarveReality","floor":5.0},{"not_picked":["Tantrum","FlyingSleeves"],"picked":"JustLucky","floor":7.0},{"not_picked":["CarveReality","CutThroughFate"],"picked":"Perseverance","floor":10.0},{"not_picked":["ClearTheMind","Meditate"],"picked":"SignatureMove","floor":12.0},{"not_picked":["CutThroughFate","SignatureMove"],"picked":"Establishment","floor":13.0},{"not_picked":["Omniscience","Establishment"],"picked":"Brilliance","floor":16.0},{"not_picked":["Sanctity","ClearTheMind"],"picked":"Pray","floor":18},{"not_picked":["Tantrum","ThirdEye"],"picked":"Pray+1","floor":23},{"not_picked":["InnerPeace","ReachHeaven","PathToVictory"],"picked":"SKIP","floor":24},{"not_picked":["FearNoEvil","ClearTheMind"],"picked":"Halt","floor":27},{"not_picked":["CutThroughFate","SandsOfTime"],"picked":"Protect+1","floor":28},{"not_picked":["ReachHeaven+1","LikeWater","SandsOfTime"],"picked":"SKIP","floor":30},{"not_picked":["Evaluate","Fasting2"],"picked":"FlyingSleeves","floor":31}],"player_experience":31905,"relics_obtained":[{"floor":9.0,"key":"Tiny Chest"},{"floor":13.0,"key":"Odd Mushroom"},{"floor":21,"key":"Kunai"},{"floor":23,"key":"Pear"},{"floor":26,"key":"Bottled Flame"}],"event_choices":[{"damage_healed":0.0,"max_hp_gain":0.0,"max_hp_loss":0.0,"gold_gain":175.0,"event_name":"Liars Game","player_choice":"AGREE","floor":3.0,"gold_loss":0.0,"damage_taken":0.0,"cards_obtained":["Doubt"]},{"cards_removed":["Doubt"],"damage_healed":0.0,"max_hp_gain":0.0,"max_hp_loss":0.0,"gold_gain":0.0,"event_name":"Living Wall","player_choice":"Forget","floor":4.0,"gold_loss":0.0,"damage_taken":0.0},{"damage_healed":0.0,"max_hp_gain":0.0,"max_hp_loss":0.0,"gold_gain":0.0,"event_name":"Mushrooms","player_choice":"Fought Mushrooms","floor":13.0,"gold_loss":0.0,"damage_taken":0.0},{"damage_healed":0,"gold_gain":0,"player_choice":"Ignored","damage_taken":0,"max_hp_gain":0,"max_hp_loss":0,"event_name":"Ghosts","floor":20,"gold_loss":0},{"damage_healed":0,"gold_gain":0,"player_choice":"Simplicity","damage_taken":0,"max_hp_gain":0,"max_hp_loss":0,"event_name":"Back to Basics","floor":22,"gold_loss":0,"cards_upgraded":["Strike_P","Strike_P","Strike_P","Strike_P","Defend_P","Defend_P","Defend_P","Defend_P"]}],"is_beta":false,"boss_relics":[{"not_picked":["Coffee Dripper","Black Star"],"picked":"SlaversCollar"}],"items_purged_floors":[],"is_endless":false,"potions_floor_spawned":[12,16,23,24,31],"killed_by":"Automaton","ascension_level":0}}