{"host":"k0cm6nn9mnmji9h1","time":1614260729,"event":{"mods":["2.2 Compatiblity","AchievementEnabler","BaseMod","Colored Map","DeckTracker","Downfall","Gremlin Skip","Highlight Path","Minty Spire (QoL Compilation)","Permanent Neow","StSLib","Waifu the Spire"],"gold_per_floor":[113,127,138,138,157,107,141,141,141,141,185,201,72,92,92,212,212,231,245,245,261,42,42,83,99,126,138,164,176,206,233,245,257,257],"floor_reached":33,"language":"ENG","playtime":2257,"items_purged":["Writhe"],"score":331,"play_id":"e095a3ee-db70-487a-8c15-dcfc8f58d198","local_time":"20210225224529","is_ascension_mode":false,"campfire_choices":[{"data":"Defend_B","floor":8,"key":"SMITH"},{"data":"Buffer","floor":10,"key":"SMITH"},{"floor":15,"key":"REST"},{"data":"Hologram","floor":23,"key":"SMITH"},{"floor":27,"key":"REST"},{"floor":32,"key":"REST"}],"circlet_count":0,"master_deck":["Strike_B","Strike_B","Strike_B","Strike_B","Defend_B","Defend_B","Defend_B","Defend_B+1","Zap","Dualcast","Blind","Gash","Go for the Eyes","Rebound","BootSequence","Buffer+1","Hologram","Conserve Battery","Self Repair","Conserve Battery","Core Surge","Hologram+1","Steam","Go for the Eyes","Seek","Streamline","Strike_B","Coolheaded+1","Skim"],"relics":["Cracked Core","Golden Idol","StoneCalendar","Question Card","Gremlin Horn","SlaversCollar","Cables","PreservedInsect","The Courier","MawBank"],"acts_visited":["Exordium","TheCity"],"potions_floor_usage":[7,24,24,28,33,33],"damage_taken":[{"damage":1,"enemies":"2 Louse","floor":1,"turns":2},{"damage":6,"enemies":"Jaw Worm","floor":2,"turns":3},{"damage":6,"enemies":"Small Slimes","floor":3,"turns":3},{"damage":10,"enemies":"2 Fungi Beasts","floor":5,"turns":4},{"damage":2,"enemies":"Gremlin Nob","floor":7,"turns":3},{"damage":10,"enemies":"3 Sentries","floor":11,"turns":7},{"damage":13,"enemies":"Gremlin Gang","floor":12,"turns":4},{"damage":0,"enemies":"Lots of Slimes","floor":14,"turns":4},{"damage":0,"enemies":"Slime Boss","floor":16,"turns":8},{"damage":13,"enemies":"Chosen","floor":18,"turns":6},{"damage":0,"enemies":"3 Byrds","floor":19,"turns":7},{"damage":34,"enemies":"Cultist and Chosen","floor":21,"turns":7},{"damage":29,"enemies":"Slavers","floor":24,"turns":4},{"damage":17,"enemies":"Snake Plant","floor":25,"turns":7},{"damage":27,"enemies":"3 Cultists","floor":28,"turns":7},{"damage":0,"enemies":"Cultist and Chosen","floor":30,"turns":6},{"damage":11,"enemies":"Snake Plant","floor":31,"turns":6},{"damage":49,"enemies":"Automaton","floor":33,"turns":10}],"seed_played":"-5289551537704394639","potions_obtained":[{"floor":2,"key":"FearPotion"},{"floor":3,"key":"EssenceOfDarkness"},{"floor":12,"key":"PotionOfCapacity"},{"floor":14,"key":"EssenceOfDarkness"},{"floor":24,"key":"Strength Potion"},{"floor":25,"key":"PotionOfCapacity"},{"floor":28,"key":"Energy Potion"}],"is_trial":false,"path_per_floor":["M","M","M","?","M","?","E","R","T","R","E","M","$","M","R","B",null,"M","M","?","M","$","R","E","M","T","R","M","?","M","M","R","B"],"character_chosen":"DEFECT","items_purchased":["Self Repair","Conserve Battery","PreservedInsect"],"campfire_rested":3,"item_purchase_floors":[13,13,22],"current_hp_per_floor":[74,68,62,62,52,52,50,50,50,50,40,27,27,34,56,63,75,69,75,75,48,48,48,26,16,16,38,18,18,25,21,43,0,0],"gold":257,"neow_bonus":"RANDOM_COLORLESS","is_daily":false,"chose_seed":false,"campfire_upgraded":3,"win_rate":0.0,"timestamp":1614260729,"path_taken":["M","M","M","?","M","?","E","R","T","R","E","M","?","M","R","BOSS","M","M","?","M","$","R","E","M","T","R","M","?","M","M","R","BOSS"],"items_purchased_type":["Card","Card","Relic"],"build_version":"2020-12-22","purchased_purges":1,"victory":false,"max_hp_per_floor":[75,75,75,75,75,75,75,75,75,75,75,75,75,75,75,75,75,75,75,75,75,75,75,75,75,75,75,75,75,75,75,75,75,75],"card_choices":[{"not_picked":["Deep Breath","Mind Blast"],"picked":"Blind","floor":0},{"not_picked":["Barrage","Leap"],"picked":"Gash","floor":1},{"not_picked":["Steam","Rip and Tear"],"picked":"Go for the Eyes","floor":2},{"not_picked":["BootSequence","Undo"],"picked":"Rebound","floor":3},{"not_picked":["Rebound","Leap"],"picked":"BootSequence","floor":5},{"not_picked":["Hello World","Cold Snap"],"picked":"Buffer","floor":7},{"not_picked":["Recycle","Defragment","Chaos"],"picked":"Hologram","floor":11},{"not_picked":["White Noise","Static Discharge","Turbo"],"picked":"Conserve Battery","floor":12},{"not_picked":["Compile Driver","Double Energy","Redo","Beam Cell"],"picked":"SKIP","floor":14},{"not_picked":["Reboot","Rainbow","Electrodynamics"],"picked":"Core Surge","floor":16},{"not_picked":["Sweeping Beam","Barrage+1","Rebound"],"picked":"Hologram","floor":18},{"not_picked":["Compile Driver","White Noise","Consume"],"picked":"Steam","floor":19},{"not_picked":["Fission","Redo","Turbo"],"picked":"Go for the Eyes","floor":21},{"not_picked":["Hologram","Coolheaded","Capacitor"],"picked":"Seek","floor":24},{"not_picked":["Tempest+1","Capacitor+1","Go for the Eyes+1"],"picked":"Streamline","floor":25},{"not_picked":["Doom and Gloom","Rainbow","Reprogram","Ball Lightning"],"picked":"SKIP","floor":28},{"not_picked":["Leap","Redo","Heatsinks+1"],"picked":"Coolheaded+1","floor":30},{"not_picked":["Conserve Battery","Biased Cognition","Streamline"],"picked":"Skim","floor":31}],"player_experience":550305,"relics_obtained":[{"floor":7,"key":"StoneCalendar"},{"floor":9,"key":"Question Card"},{"floor":11,"key":"Gremlin Horn"},{"floor":24,"key":"The Courier"},{"floor":26,"key":"MawBank"}],"event_choices":[{"damage_healed":0,"gold_gain":0,"player_choice":"Take Wound","damage_taken":0,"relics_obtained":["Golden Idol"],"max_hp_gain":0,"max_hp_loss":0,"event_name":"Golden Idol","floor":4,"gold_loss":0,"cards_obtained":["Injury"]},{"cards_removed":["Injury"],"damage_healed":0,"gold_gain":0,"player_choice":"Card Removal","damage_taken":0,"max_hp_gain":0,"max_hp_loss":0,"event_name":"The Cleric","floor":6,"gold_loss":50},{"damage_healed":0,"gold_gain":0,"player_choice":"Opened","damage_taken":0,"relics_obtained":["Cables"],"max_hp_gain":0,"max_hp_loss":0,"event_name":"The Mausoleum","floor":20,"gold_loss":0,"cards_obtained":["Writhe"]},{"damage_healed":0,"gold_gain":0,"player_choice":"Copied","damage_taken":0,"max_hp_gain":0,"max_hp_loss":0,"event_name":"Duplicator","floor":29,"gold_loss":0,"cards_obtained":["Strike_B"]}],"is_beta":false,"boss_relics":[{"not_picked":["Busted Crown","Sozu"],"picked":"SlaversCollar"}],"items_purged_floors":[22],"is_endless":false,"potions_floor_spawned":[2,3,12,14,16,18,19,24,25,28],"killed_by":"Automaton","ascension_level":0}}