{"host":"1bzbl1adcbkdzqlf","time":1614295629,"event":{"mods":["BaseMod","Minty Spire (QoL Compilation)","Slay the Relics Exporter"],"gold_per_floor":[365,39,39,49,59,92,92,119,119,137,152,210,224,14,14,112,112,126,26,26,43,57,85,85,119,119,119,145,158,183,108,108,211,211,222,240,240,294,307,307,307],"floor_reached":40,"language":"ENG","playtime":5827,"items_purged":["Defend_G","Defend_G"],"score":659,"play_id":"a4109da9-f3fa-4155-b81f-fff86952e664","local_time":"20210225172709","is_ascension_mode":true,"campfire_choices":[{"floor":7,"key":"REST"},{"floor":15,"key":"REST"},{"data":"Sucker Punch","floor":24,"key":"SMITH"},{"data":"Footwork","floor":27,"key":"SMITH"},{"data":"Envenom","floor":32,"key":"SMITH"}],"circlet_count":0,"master_deck":["Strike_G","Strike_G","Strike_G","Strike_G","Defend_G","Defend_G","Defend_G","Survivor","Neutralize","Sucker Punch+1","Footwork+1","Neutralize","Blind+1","Backflip+1","Corpse Explosion+1","Terror+1","Venomology+1","Heel Hook","Backflip+1","Leg Sweep+1","Cloak And Dagger+1","Deadly Poison+1","Noxious Fumes","Die Die Die","Prepared+1","PiercingWail+1","Poisoned Stab+1","Acrobatics+1","Outmaneuver+1","Setup+1","Poisoned Stab","Night Terror+1","Envenom+1","Die Die Die","Blade Dance+1","Madness+1","Madness+1","Bane","Quick Slash+1"],"relics":["Ring of the Snake","Toxic Egg 2","Bottled Flame","Pen Nib","Blue Candle","Question Card","Busted Crown","White Beast Statue","FossilizedHelix","Ornamental Fan","Eternal Feather","Orichalcum","Cursed Key","Ginger"],"acts_visited":["Exordium","TheCity","TheBeyond"],"potions_floor_usage":[10,11,12,12,12,12,16,16,21,21,22,22,25,28,28,29,29,30,30,33,36,38,39,40,40,40],"damage_taken":[{"damage":2,"enemies":"2 Louse","floor":1,"turns":3},{"damage":0,"enemies":"Cultist","floor":4,"turns":4},{"damage":0,"enemies":"Small Slimes","floor":5,"turns":3},{"damage":52,"enemies":"Gremlin Nob","floor":6,"turns":6},{"damage":11,"enemies":"3 Sentries","floor":8,"turns":5},{"damage":2,"enemies":"Exordium Thugs","floor":10,"turns":4},{"damage":0,"enemies":"Lots of Slimes","floor":11,"turns":2},{"damage":0,"enemies":"Gremlin Nob","floor":12,"turns":3},{"damage":0,"enemies":"Blue Slaver","floor":13,"turns":4},{"damage":8,"enemies":"Hexaghost","floor":16,"turns":7},{"damage":9,"enemies":"Shell Parasite","floor":18,"turns":5},{"damage":0,"enemies":"2 Thieves","floor":21,"turns":2},{"damage":4,"enemies":"Shelled Parasite and Fungi","floor":22,"turns":3},{"damage":10,"enemies":"Slavers","floor":23,"turns":4},{"damage":15,"enemies":"Book of Stabbing","floor":25,"turns":6},{"damage":0,"enemies":"Slavers","floor":28,"turns":2},{"damage":15,"enemies":"Chosen and Byrds","floor":29,"turns":5},{"damage":0,"enemies":"Gremlin Leader","floor":30,"turns":6},{"damage":39,"enemies":"Collector","floor":33,"turns":9},{"damage":0,"enemies":"Orb Walker","floor":35,"turns":4},{"damage":10,"enemies":"3 Shapes","floor":36,"turns":4},{"damage":12,"enemies":"2 Orb Walkers","floor":38,"turns":2},{"damage":24,"enemies":"Spire Growth","floor":39,"turns":5},{"damage":15,"enemies":"Giant Head","floor":40,"turns":5}],"seed_played":"-1966279158535128986","potions_obtained":[{"floor":6,"key":"Fruit Juice"},{"floor":8,"key":"Explosive Potion"},{"floor":10,"key":"Weak Potion"},{"floor":12,"key":"ColorlessPotion"},{"floor":18,"key":"LiquidMemories"},{"floor":25,"key":"SpeedPotion"},{"floor":29,"key":"GhostInAJar"},{"floor":30,"key":"FairyPotion"},{"floor":33,"key":"Weak Potion"},{"floor":35,"key":"Fire Potion"},{"floor":36,"key":"LiquidBronze"},{"floor":38,"key":"SpeedPotion"},{"floor":39,"key":"PowerPotion"}],"is_trial":false,"path_per_floor":["M","$","?","M","M","E","R","E","T","M","M","?","M","$","R","B",null,"M","$","?","M","M","E","R","E","T","R","E","M","E","?","R","B",null,"M","M","?","?","M","E"],"character_chosen":"THE_SILENT","items_purchased":["Toxic Egg 2","Footwork","Deadly Poison+1","Noxious Fumes"],"campfire_rested":2,"item_purchase_floors":[2,2,14,14],"current_hp_per_floor":[61,61,61,61,61,9,27,16,16,14,19,19,19,19,39,31,68,59,59,59,59,55,45,45,30,30,30,30,15,15,15,33,20,68,68,58,49,37,13,0,0],"gold":307,"neow_bonus":"TWO_FIFTY_GOLD","is_daily":false,"chose_seed":false,"campfire_upgraded":3,"win_rate":0.0,"timestamp":1614295629,"path_taken":["M","$","?","M","?","E","R","E","T","M","M","?","M","?","R","BOSS","M","?","?","M","M","E","R","E","T","R","E","M","E","?","R","BOSS","M","M","?","?","M","E"],"items_purchased_type":["Relic","Card","Card","Card"],"build_version":"2020-12-22","purchased_purges":2,"victory":false,"max_hp_per_floor":[63,63,63,63,63,63,63,63,63,63,68,68,68,68,68,68,68,68,68,68,68,68,68,68,68,68,68,68,68,68,68,68,68,68,68,68,68,68,68,68,68],"card_choices":[{"not_picked":["Poisoned Stab","Dagger Spray"],"picked":"Sucker Punch","floor":1},{"not_picked":["Underhanded Strike","Cloak And Dagger+1"],"picked":"Backflip+1","floor":4},{"not_picked":["Bane","Quick Slash"],"picked":"Corpse Explosion+1","floor":5},{"not_picked":["Concentrate+1","Prepared+1"],"picked":"Terror+1","floor":6},{"not_picked":["Riddle With Holes","Blade Dance+1"],"picked":"Venomology+1","floor":8},{"not_picked":["Quick Slash","Poisoned Stab"],"picked":"Heel Hook","floor":10},{"not_picked":["Flying Knee","Sucker Punch"],"picked":"Backflip+1","floor":11},{"not_picked":["Eviscerate","Deflect+1"],"picked":"Leg Sweep+1","floor":12},{"not_picked":["Outmaneuver+1","Backstab","Quick Slash"],"picked":"Cloak And Dagger+1","floor":13},{"not_picked":["After Image","Doppelganger+1","Bullet Time+1"],"picked":"Die Die Die","floor":16},{"not_picked":["Outmaneuver+1"],"picked":"Prepared+1","floor":18},{"not_picked":["Backflip+1"],"picked":"Poisoned Stab+1","floor":21},{"not_picked":["Prepared+1"],"picked":"Acrobatics+1","floor":22},{"not_picked":["Expertise+1"],"picked":"Outmaneuver+1","floor":23},{"not_picked":["Outmaneuver+1"],"picked":"Setup+1","floor":25},{"not_picked":["Predator"],"picked":"Poisoned Stab","floor":28},{"not_picked":["Cloak And Dagger+1"],"picked":"Night Terror+1","floor":29},{"not_picked":["Deadly Poison+1"],"picked":"Envenom","floor":30},{"not_picked":["Glass Knife"],"picked":"Die Die Die","floor":33},{"not_picked":["Cloak And Dagger+1"],"picked":"Blade Dance+1","floor":35},{"not_picked":["Prepared+1","Outmaneuver+1"],"picked":"SKIP","floor":36},{"not_picked":["Slice"],"picked":"Bane","floor":38},{"not_picked":["Flying Knee"],"picked":"Quick Slash+1","floor":39}],"player_experience":556548,"relics_obtained":[{"floor":6,"key":"Bottled Flame"},{"floor":8,"key":"Pen Nib"},{"floor":9,"key":"Blue Candle"},{"floor":12,"key":"Question Card"},{"floor":23,"key":"White Beast Statue"},{"floor":25,"key":"FossilizedHelix"},{"floor":26,"key":"Ornamental Fan"},{"floor":28,"key":"Eternal Feather"},{"floor":30,"key":"Orichalcum"},{"floor":38,"key":"Ginger"}],"event_choices":[{"damage_healed":0,"gold_gain":0,"player_choice":"2 cards matched","damage_taken":0,"max_hp_gain":0,"max_hp_loss":0,"event_name":"Match and Keep!","floor":3,"gold_loss":0,"cards_obtained":["Neutralize","Blind"]},{"damage_healed":0,"gold_gain":0,"player_choice":"Searched \u00271\u0027 times","damage_taken":0,"max_hp_gain":0,"max_hp_loss":0,"event_name":"Dead Adventurer","floor":12,"gold_loss":0},{"damage_healed":0,"gold_gain":0,"player_choice":"Read","damage_taken":0,"max_hp_gain":0,"max_hp_loss":0,"event_name":"The Library","floor":20,"gold_loss":0,"cards_obtained":["PiercingWail"]},{"cards_removed":["Strike_G"],"damage_healed":0,"gold_gain":0,"player_choice":"Gave Gold","damage_taken":0,"max_hp_gain":0,"max_hp_loss":0,"event_name":"Beggar","floor":31,"gold_loss":75},{"damage_healed":0,"gold_gain":0,"player_choice":"Embrace Madness","damage_taken":9,"max_hp_gain":0,"max_hp_loss":0,"event_name":"Winding Halls","floor":37,"gold_loss":0,"cards_obtained":["Madness","Madness"]},{"damage_healed":0,"gold_gain":0,"player_choice":"Fight","damage_taken":0,"max_hp_gain":0,"max_hp_loss":0,"event_name":"Mysterious Sphere","floor":38,"gold_loss":0}],"is_beta":false,"boss_relics":[{"not_picked":["Velvet Choker","SacredBark"],"picked":"Busted Crown"},{"not_picked":["Empty Cage","Snecko Eye"],"picked":"Cursed Key"}],"items_purged_floors":[14,19],"is_endless":false,"potions_floor_spawned":[6,8,10,12,18,25,28,29,30,33,35,36,38,39],"killed_by":"Giant Head","ascension_level":3}}