{"host":"kaame4qwxxqnygv7","time":1614269626,"event":{"mods":["AchievementEnabler","BaseMod","Better Match","Better Skull","Better Third Choice","BetterRewards","Block Reminder","Bossed Relics","DeckTracker","Energized Spire","GungeonMod","Minty Spire (QoL Compilation)","Quick Restart","Red Circlet Mod","StSLib","SuperFastMode","The Blue Laboratory"],"gold_per_floor":[114,79,79,154,173,173,7,7,7,7,22,57,69,89,89,163,113,125,143,143,143,154,154,186,186,186,186,200,212,225,238,249,249,249,324,324,337,74,91,91,136,162,162,162,189,214,227,243,143,153,153,153,153,153,112,145,145],"floor_reached":58,"language":"KOR","playtime":1895,"items_purged":["Strike_G","Writhe"],"score":1708,"play_id":"e405a7ae-4646-4044-bc6c-b0e821905eb9","local_time":"20210226011346","is_ascension_mode":true,"campfire_choices":[{"data":"Neutralize","floor":6.0,"key":"SMITH"},{"floor":8.0,"key":"REST"},{"data":"Blade Dance","floor":10.0,"key":"SMITH"},{"data":"Backstab","floor":15.0,"key":"SMITH"},{"data":"Terror","floor":23.0,"key":"SMITH"},{"data":"Noxious Fumes","floor":25.0,"key":"SMITH"},{"data":"Dagger Spray","floor":27.0,"key":"SMITH"},{"floor":33.0,"key":"REST"},{"data":"Apotheosis","floor":43,"key":"SMITH"},{"floor":51,"key":"RECALL"},{"floor":54,"key":"REST"}],"circlet_count":0,"master_deck":["AscendersBane","Strike_G","Strike_G","Strike_G","Strike_G+1","Defend_G","Defend_G","Defend_G","Defend_G","Defend_G","Survivor","Neutralize+1","Dagger Spray+1","All Out Attack+1","Cloak And Dagger","Blade Dance+1","Backstab+1","Strike_G","Dagger Throw","Outmaneuver+1","Noxious Fumes+1","Terror+1","After Image","Apotheosis+1","Flying Knee+1","Noxious Fumes+1","Caltrops"],"relics":["Ring of the Snake","DemoMod:SuperHotWatch","Lee\u0027s Waffle","PreservedInsect","Mango","Mercury Hourglass","Paper Crane","energizedSpire:HugeHouse","Torii","Ancient Tea Set","DemoMod:RatBoots","DemoMod:ResourcefulSack","DemoMod:PartiallyEatenCheese","Sozu","FossilizedHelix","Lantern","Akabeko","Centennial Puzzle"],"acts_visited":["Exordium","TheCity","DemoMod:Maze","TheBeyond","TheEnding"],"potions_floor_usage":[57],"damage_taken":[{"damage":0.0,"enemies":"Small Slimes","floor":1.0,"turns":4.0},{"damage":7.0,"enemies":"Jaw Worm","floor":5.0,"turns":4.0},{"damage":0.0,"enemies":"Cultist","floor":11.0,"turns":4.0},{"damage":0.0,"enemies":"Gremlin Nob","floor":12.0,"turns":4.0},{"damage":0.0,"enemies":"Large Slime","floor":13.0,"turns":5.0},{"damage":0.0,"enemies":"Blue Slaver","floor":14.0,"turns":2.0},{"damage":5.0,"enemies":"Hexaghost","floor":16.0,"turns":15.0},{"damage":4.0,"enemies":"2 Thieves","floor":18.0,"turns":4.0},{"damage":0.0,"enemies":"Chosen","floor":19.0,"turns":5.0},{"damage":9.0,"enemies":"Snecko","floor":22.0,"turns":9.0},{"damage":0.0,"enemies":"Gremlin Leader","floor":24.0,"turns":8.0},{"damage":10.0,"enemies":"DemoMod:Veteran_shot_gun_kin_and_bullet_kin","floor":28.0,"turns":4.0},{"damage":0.0,"enemies":"DemoMod:4_Bullet_Kins_with_one_veteran","floor":29.0,"turns":2.0},{"damage":5.0,"enemies":"DemoMod:Red_and_blue_shotgun_kin_with_gunsinger","floor":30.0,"turns":5.0},{"damage":0.0,"enemies":"DemoMod:2_Mousers","floor":31.0,"turns":4.0},{"damage":0.0,"enemies":"DemoMod:Veteran_shot_gun_kin_and_blue_shotgun_kin_with_gunsinger","floor":32.0,"turns":3.0},{"damage":18.0,"enemies":"DemoMod:ResourcefulRat","floor":34.0,"turns":13.0},{"damage":6.0,"enemies":"DemoMod:ResourcefulRat","floor":35.0,"turns":18.0},{"damage":0,"enemies":"3 Darklings","floor":37,"turns":6},{"damage":0,"enemies":"Orb Walker","floor":39,"turns":6},{"damage":0,"enemies":"2 Orb Walkers","floor":41,"turns":4},{"damage":0,"enemies":"Giant Head","floor":42,"turns":15},{"damage":15,"enemies":"4 Shapes","floor":47,"turns":7},{"damage":0,"enemies":"3 Darklings","floor":48,"turns":4},{"damage":0,"enemies":"Transient","floor":50,"turns":18},{"damage":17,"enemies":"Donu and Deca","floor":52,"turns":16},{"damage":12,"enemies":"Shield and Spear","floor":56,"turns":7},{"damage":11,"enemies":"The Heart","floor":57,"turns":15}],"seed_played":"-4268619522528928004","potions_obtained":[{"floor":1.0,"key":"PowerPotion"},{"floor":5.0,"key":"blueLaboratory:AbyssPotion"},{"floor":19.0,"key":"EssenceOfSteel"},{"floor":24.0,"key":"SteroidPotion"},{"floor":29.0,"key":"blueLaboratory:EmptyBottle"},{"floor":35.0,"key":"blueLaboratory:RecallPotion"}],"is_trial":false,"path_per_floor":["M","?","?","?","M","R","$","R","T","R","M","E","M","M","R","B",null,"M","M","?","?","M","R","E","R","T","R","M","M","M","M","M","R","B","B",null,"M","$","M","?","?","E","R","?","T","T","M","M","$","M","R","B",null,"R","$","E","B",null],"character_chosen":"THE_SILENT","items_purchased":["Lee\u0027s Waffle","PreservedInsect","DemoMod:GnawedKey","Dagger Spray","All Out Attack","DemoMod:WeirdEgg","Apotheosis","Caltrops"],"campfire_rested":3,"item_purchase_floors":[0,0,0,0,0,7,38,55],"current_hp_per_floor":[73,73,51,40,33,33,33,54,54,54,54,54,54,54,54,49,63,59,59,59,59,50,50,50,50,64,64,54,54,49,49,49,68,50,44,62,62,62,62,62,76,76,76,76,76,76,61,61,61,61,61,44,73,82,82,70,59],"gold":145,"neow_bonus":"","is_daily":false,"chose_seed":false,"campfire_upgraded":7,"win_rate":0.0,"timestamp":1614269626,"path_taken":["M","?","?","?","M","R","?","R","T","R","?","E","M","M","R","BOSS","M","M","?","?","M","R","E","R","T","R","M","M","M","M","M","R","BOSS","BOSS","M","$","M","?","?","E","R","?","T","?","?","M","$","M","R","BOSS","R","$","E","BOSS"],"items_purchased_type":["Relic","Relic","Relic","Card","Card","Relic","Card","Card"],"build_version":"2020-12-22","purchased_purges":2,"victory":true,"max_hp_per_floor":[73,73,73,73,73,73,73,73,73,73,73,73,73,73,73,73,68,68,68,68,68,68,68,68,68,68,68,68,68,68,68,68,68,68,68,68,68,68,68,68,82,82,82,82,82,82,82,82,82,82,82,82,82,82,82,82,82],"card_choices":[{"not_picked":["Concentrate","Dagger Throw"],"picked":"Cloak And Dagger","floor":1.0},{"not_picked":["Distraction","Noxious Fumes"],"picked":"Blade Dance","floor":5.0},{"not_picked":["Poisoned Stab","Grand Finale","Heel Hook"],"picked":"SKIP","floor":11.0},{"not_picked":["Skewer","Sucker Punch","Flying Knee"],"picked":"SKIP","floor":12.0},{"not_picked":["Riddle With Holes","PiercingWail","Flying Knee"],"picked":"SKIP","floor":13.0},{"not_picked":["Corpse Explosion","Backflip"],"picked":"Backstab","floor":14.0},{"not_picked":["Burst","Grand Finale"],"picked":"Malaise","floor":16.0},{"not_picked":["Dodge and Roll","Calculated Gamble"],"picked":"Outmaneuver+1","floor":18.0},{"not_picked":["Expertise","Catalyst"],"picked":"Noxious Fumes","floor":19.0},{"not_picked":["Catalyst","Slice"],"picked":"Terror","floor":22.0},{"not_picked":["Underhanded Strike","Acrobatics","Eviscerate"],"picked":"SKIP","floor":24.0},{"not_picked":["Dagger Throw","Bullet Time","Flying Knee"],"picked":"SKIP","floor":28.0},{"not_picked":["Finisher","Acrobatics","Slice"],"picked":"SKIP","floor":29.0},{"not_picked":["Flying Knee","Dodge and Roll","Cloak And Dagger"],"picked":"SKIP","floor":30.0},{"not_picked":["Skewer","Dagger Spray","Deadly Poison"],"picked":"SKIP","floor":31.0},{"not_picked":["Infinite Blades","Bullet Time","Flechettes"],"picked":"SKIP","floor":32.0},{"not_picked":["Burst","Grand Finale"],"picked":"After Image","floor":35.0},{"not_picked":["Dagger Spray","Sucker Punch","Dagger Throw"],"picked":"SKIP","floor":37},{"not_picked":["Calculated Gamble","Dagger Spray","Bouncing Flask"],"picked":"SKIP","floor":39},{"not_picked":["Dagger Throw+1","Accuracy+1"],"picked":"Flying Knee+1","floor":42},{"not_picked":["Expertise","Dodge and Roll"],"picked":"Noxious Fumes+1","floor":47},{"not_picked":["Quick Slash+1","Slice+1","Dagger Throw+1"],"picked":"SKIP","floor":48},{"not_picked":["Skewer","Heel Hook+1","Flying Knee"],"picked":"SKIP","floor":50},{"not_picked":["Prepared","Blur","Crippling Poison"],"picked":"SKIP","floor":56}],"player_experience":348033,"relics_obtained":[{"floor":9.0,"key":"Mercury Hourglass"},{"floor":12.0,"key":"Paper Crane"},{"floor":24.0,"key":"Ancient Tea Set"},{"floor":36,"key":"DemoMod:RatBoots"},{"floor":36,"key":"DemoMod:ResourcefulSack"},{"floor":36,"key":"DemoMod:PartiallyEatenCheese"},{"floor":36,"key":"Sozu"},{"floor":41,"key":"FossilizedHelix"},{"floor":42,"key":"Lantern"},{"floor":45,"key":"Akabeko"},{"floor":56,"key":"Centennial Puzzle"}],"event_choices":[{"damage_healed":18.0,"max_hp_gain":0.0,"max_hp_loss":0.0,"gold_gain":0.0,"event_name":"The Cleric","player_choice":"Healed","floor":2.0,"gold_loss":35.0,"damage_taken":0.0},{"damage_healed":73.0,"max_hp_gain":0.0,"max_hp_loss":73.0,"gold_gain":0.0,"event_name":"betterThird:BetterShining","player_choice":"Upgrade","floor":3.0,"gold_loss":0.0,"damage_taken":22.0,"cards_upgraded":["All Out Attack","Strike_G"]},{"damage_healed":0.0,"max_hp_gain":0.0,"max_hp_loss":0.0,"gold_gain":75.0,"event_name":"betterThird:BetterGoop","player_choice":"Gold","floor":4.0,"gold_loss":0.0,"damage_taken":11.0},{"damage_healed":0.0,"max_hp_gain":0.0,"max_hp_loss":0.0,"gold_gain":0.0,"event_name":"The Mausoleum","player_choice":"Opened","floor":20.0,"gold_loss":0.0,"damage_taken":0.0,"relics_obtained":["Torii"],"cards_obtained":["Writhe"]},{"damage_healed":0.0,"max_hp_gain":0.0,"max_hp_loss":0.0,"gold_gain":0.0,"event_name":"Ghosts","player_choice":"Ignored","floor":21.0,"gold_loss":0.0,"damage_taken":0.0},{"damage_healed":0,"gold_gain":0,"player_choice":"Ignored","damage_taken":0,"max_hp_gain":0,"max_hp_loss":0,"event_name":"Falling","floor":40,"gold_loss":0},{"damage_healed":0,"gold_gain":0,"player_choice":"Fight","damage_taken":0,"max_hp_gain":0,"max_hp_loss":0,"event_name":"Mysterious Sphere","floor":41,"gold_loss":0},{"damage_healed":0,"gold_gain":0,"player_choice":"Memory 1","damage_taken":0,"max_hp_gain":0,"max_hp_loss":0,"event_name":"SensoryStone","floor":44,"gold_loss":0}],"is_beta":false,"boss_relics":[{"not_picked":["energizedSpire:RedRose","DemoMod:WaxWing"],"picked":"energizedSpire:HugeHouse"},{"not_picked":[]}],"items_purged_floors":[38,49],"is_endless":false,"potions_floor_spawned":[1,5,14,19,24,28,29,35,42,48],"ascension_level":17}}