{"host":"eu6p4n7vldm4bcry","time":1614295248,"event":{"mods":["AchievementEnabler","BaseMod","Highlight Path","Minty Spire (QoL Compilation)","Relic Stats","StSLib","ojb\u0027s Info Mod"],"gold_per_floor":[115,135,115,127,127,127,127],"floor_reached":6,"language":"ENG","playtime":184,"items_purged":[],"score":72,"play_id":"11ddbc40-45b1-4b8d-a07c-c75a9bfe5089","local_time":"20210225182048","is_ascension_mode":true,"campfire_choices":[],"circlet_count":0,"master_deck":["AscendersBane","Strike_R","Strike_R","Strike_R","Strike_R","Strike_R","Defend_R","Defend_R","Defend_R","Defend_R","Bash","Thunderclap","Spot Weakness"],"relics":["Burning Blood","NeowsBlessing","Golden Idol"],"acts_visited":["Exordium"],"potions_floor_usage":[6,6],"damage_taken":[{"damage":0,"enemies":"Small Slimes","floor":1,"turns":1},{"damage":0,"enemies":"Cultist","floor":2,"turns":1},{"damage":0,"enemies":"Jaw Worm","floor":4,"turns":1},{"damage":58,"enemies":"Lagavulin","floor":6,"turns":13}],"seed_played":"-1513224194356738496","potions_obtained":[{"floor":1,"key":"HeartOfIron"},{"floor":3,"key":"PowerPotion"}],"is_trial":false,"path_per_floor":["M","M","?","M","?","E"],"character_chosen":"IRONCLAD","items_purchased":[],"campfire_rested":0,"item_purchase_floors":[],"current_hp_per_floor":[74,75,75,75,49,0,0],"gold":127,"neow_bonus":"THREE_ENEMY_KILL","is_daily":false,"chose_seed":false,"campfire_upgraded":0,"win_rate":0.0,"timestamp":1614295248,"path_taken":["M","M","?","?","?","E"],"items_purchased_type":[],"build_version":"2020-12-22","purchased_purges":0,"victory":false,"max_hp_per_floor":[75,75,75,75,75,75,75],"relic_stats":{"counters":[4,16],"Golden Idol":0,"obtain_stats":[{"NeowsBlessing":0,"Golden Idol":5,"Burning Blood":0},{"NeowsBlessing":0,"Golden Idol":3,"Burning Blood":0},{"NeowsBlessing":0,"Golden Idol":3,"Burning Blood":0}],"Burning Blood":7},"card_choices":[{"not_picked":["Entrench","Rupture"],"picked":"Thunderclap","floor":1},{"not_picked":["Heavy Blade","Thunderclap","Wild Strike"],"picked":"SKIP","floor":2},{"not_picked":["Heavy Blade","Thunderclap","Wild Strike"],"picked":"SKIP","floor":2},{"not_picked":["Impervious","Havoc"],"picked":"Spot Weakness","floor":4}],"player_experience":1929689,"relics_obtained":[],"event_choices":[{"damage_healed":0,"gold_gain":0,"player_choice":"Bought 1 Potion","damage_taken":0,"max_hp_gain":0,"max_hp_loss":0,"event_name":"The Woman in Blue","floor":3,"gold_loss":0},{"damage_healed":0,"gold_gain":0,"player_choice":"Take Damage","damage_taken":26,"relics_obtained":["Golden Idol"],"max_hp_gain":0,"max_hp_loss":0,"event_name":"Golden Idol","floor":5,"gold_loss":0}],"is_beta":false,"boss_relics":[],"items_purged_floors":[],"is_endless":false,"potions_floor_spawned":[1,4],"killed_by":"Lagavulin","ascension_level":20}}