{"host":"mi0eibewekhugwl1","time":1614248033,"event":{"mods":["AchievementEnabler","BaseMod","Colored Map","Colored Powertips","DeckTracker","Keyboard Shortcuts","Minty Spire (QoL Compilation)","Quick Restart","Rare Cards Sparkle","Relic Stats","StSLib","SuperFastMode","everything is the same but u backflip on backflip"],"gold_per_floor":[117,129,129,54,54,54,98,98,151,108,121,121,136,157,157,253,253,269,319,244,28,42,42,73,73,73,73,73],"floor_reached":27,"language":"KOR","playtime":485,"items_purged":[],"score":508,"play_id":"519f96d2-1276-4a06-b3cc-cfb9a20f8e15","local_time":"20210225191353","is_ascension_mode":true,"campfire_choices":[{"data":"Predator","floor":6,"key":"SMITH"},{"data":"Neutralize","floor":8,"key":"SMITH"},{"data":"Riddle With Holes","floor":12,"key":"SMITH"},{"data":"Caltrops","floor":15,"key":"SMITH"},{"data":"Adrenaline","floor":23,"key":"SMITH"}],"circlet_count":0,"master_deck":["AscendersBane","Survivor","Neutralize+1","Predator+1","Riddle With Holes+1","Poisoned Stab","Caltrops+1","Dagger Spray","Adrenaline+1","Outmaneuver","Cloak And Dagger","Acrobatics","Footwork","Setup","Footwork","Noxious Fumes","Dagger Throw","Well Laid Plans","Crippling Poison+1","Outmaneuver+1"],"relics":["Ring of the Snake","NeowsBlessing","Golden Idol","Toy Ornithopter","Juzu Bracelet","Pandora\u0027s Box","Medical Kit","Smiling Mask"],"acts_visited":["Exordium","TheCity"],"potions_floor_usage":[13,16,16,16,24],"damage_taken":[{"damage":0,"enemies":"Small Slimes","floor":1,"turns":1},{"damage":0,"enemies":"2 Louse","floor":2,"turns":1},{"damage":0,"enemies":"Gremlin Nob","floor":7,"turns":1},{"damage":4,"enemies":"Jaw Worm","floor":11,"turns":2},{"damage":18,"enemies":"Exordium Thugs","floor":13,"turns":4},{"damage":0,"enemies":"3 Louse","floor":14,"turns":3},{"damage":22,"enemies":"The Guardian","floor":16,"turns":13},{"damage":9,"enemies":"3 Byrds","floor":18,"turns":3},{"damage":0,"enemies":"Chosen","floor":22,"turns":6},{"damage":37,"enemies":"Book of Stabbing","floor":24,"turns":5},{"damage":13,"enemies":"Snake Plant","floor":27,"turns":3}],"seed_played":"2899217764951179737","potions_obtained":[{"floor":1,"key":"EntropicBrew"},{"floor":7,"key":"FearPotion"},{"floor":14,"key":"AttackPotion"},{"floor":16,"key":"SneckoOil"},{"floor":24,"key":"PowerPotion"}],"is_trial":false,"path_per_floor":["M","M","?","?","?","R","E","R","T","$","M","R","M","M","R","B",null,"M","?","?","$","M","R","E","$","T","M"],"character_chosen":"THE_SILENT","items_purchased":["Riddle With Holes","Medical Kit","Fire Potion"],"campfire_rested":0,"item_purchase_floors":[10,21,21],"current_hp_per_floor":[59,59,59,59,36,36,36,36,36,36,32,32,19,19,19,12,53,44,44,44,44,44,44,12,12,12,0,0],"gold":73,"neow_bonus":"THREE_ENEMY_KILL","is_daily":false,"chose_seed":false,"campfire_upgraded":5,"win_rate":0.0,"timestamp":1614248033,"path_taken":["M","M","?","?","?","R","E","R","T","?","M","R","M","M","R","BOSS","M","?","?","$","M","R","E","$","T","M"],"items_purchased_type":["Card","Relic","Potion"],"build_version":"2020-12-22","purchased_purges":0,"victory":false,"max_hp_per_floor":[66,66,66,66,66,66,66,66,66,66,66,66,66,66,66,66,66,66,66,66,66,66,66,66,66,66,66,66],"relic_stats":{"counters":[11,42],"Golden Idol":50,"Pandora\u0027s Box":["Outmaneuver","Cloak And Dagger","Acrobatics","Footwork","Setup","Footwork","Noxious Fumes","Skewer","Dagger Throw"],"Juzu Bracelet":0,"Medical Kit":[4],"Smiling Mask":0,"obtain_stats":[{"NeowsBlessing":0,"Golden Idol":5,"Pandora\u0027s Box":17,"Juzu Bracelet":9,"Medical Kit":21,"Smiling Mask":24,"Toy Ornithopter":7,"Ring of the Snake":0},{"NeowsBlessing":0,"Golden Idol":2,"Pandora\u0027s Box":7,"Juzu Bracelet":3,"Medical Kit":8,"Smiling Mask":10,"Toy Ornithopter":3,"Ring of the Snake":0},{"NeowsBlessing":0,"Golden Idol":2,"Pandora\u0027s Box":25,"Juzu Bracelet":3,"Medical Kit":28,"Smiling Mask":39,"Toy Ornithopter":3,"Ring of the Snake":0}],"Toy Ornithopter":25,"Ring of the Snake":[22]},"card_choices":[{"not_picked":["Bane","Prepared"],"picked":"Predator","floor":1},{"not_picked":["Acrobatics","Quick Slash","Slice"],"picked":"SKIP","floor":2},{"not_picked":["PiercingWail","Choke","Bane"],"picked":"SKIP","floor":7},{"not_picked":["Slice","Backflip"],"picked":"Poisoned Stab","floor":11},{"not_picked":["Deflect","Tactician"],"picked":"Caltrops","floor":13},{"not_picked":["Dodge and Roll","Dagger Throw"],"picked":"Dagger Spray","floor":14},{"not_picked":["Burst","Doppelganger"],"picked":"Adrenaline","floor":16},{"not_picked":["Blade Dance","Dagger Spray"],"picked":"Well Laid Plans","floor":18},{"not_picked":["Cloak And Dagger","Prepared"],"picked":"Crippling Poison+1","floor":22},{"not_picked":["Slice","Dagger Throw"],"picked":"Outmaneuver+1","floor":24}],"player_experience":1827995,"relics_obtained":[{"floor":7,"key":"Toy Ornithopter"},{"floor":9,"key":"Juzu Bracelet"},{"floor":24,"key":"Smiling Mask"}],"event_choices":[{"damage_healed":0,"gold_gain":0,"player_choice":"Ignored","damage_taken":0,"max_hp_gain":0,"max_hp_loss":0,"event_name":"Liars Game","floor":3,"gold_loss":0},{"cards_removed":["Strike_G"],"damage_healed":0,"gold_gain":0,"player_choice":"Card Removal","damage_taken":0,"max_hp_gain":0,"max_hp_loss":0,"event_name":"The Cleric","floor":4,"gold_loss":75},{"damage_healed":0,"gold_gain":0,"player_choice":"Take Damage","damage_taken":23,"relics_obtained":["Golden Idol"],"max_hp_gain":0,"max_hp_loss":0,"event_name":"Golden Idol","floor":5,"gold_loss":0},{"damage_healed":0,"gold_gain":50,"player_choice":"Stole From Cult","damage_taken":0,"max_hp_gain":0,"max_hp_loss":0,"event_name":"Nest","floor":19,"gold_loss":0},{"cards_removed":["Skewer"],"damage_healed":0,"gold_gain":0,"player_choice":"Gave Gold","damage_taken":0,"max_hp_gain":0,"max_hp_loss":0,"event_name":"Beggar","floor":20,"gold_loss":75}],"is_beta":false,"boss_relics":[{"not_picked":["Runic Dome","Runic Pyramid"],"picked":"Pandora\u0027s Box"}],"items_purged_floors":[],"is_endless":false,"potions_floor_spawned":[1,7,14,16,22,24],"killed_by":"Snake Plant","ascension_level":20}}