{"host":"jkrqlov8aogccnw1","time":1614220949,"event":{"mods":["Act Like it!","BaseMod","Colored Map","Colored Powertips","Library of Ruina","Library of Ruina Extra","Minty Spire (QoL Compilation)","Permanent Neow","Ruina","StSLib"],"gold_per_floor":[116,116,116,116,131,131,157,173,173,136,170,180,214,180,180,275,275,291,191,191,34,52,85,85,118,165,176,189,206,223,254,254,358,358,377,396,95,110,110,178,178,226,226,244,298,298,316,366,366,406,406],"floor_reached":52,"language":"ENG","playtime":8431,"items_purged":[],"score":1121,"play_id":"d16f823d-19ce-4096-bf06-d3fa4c8fe8b3","local_time":"20210224214229","is_ascension_mode":true,"campfire_choices":[{"data":"AsThePrescriptOrders","floor":6.0,"key":"SMITH"},{"data":"UnforgettableMelody","floor":15.0,"key":"SMITH"},{"data":"GutHarvesting","floor":24,"key":"SMITH"},{"data":"SharpenedBlade","floor":32,"key":"SMITH"},{"floor":49,"key":"RECALL"}],"circlet_count":0,"master_deck":["DegradedFairy","DegradedFairy","DegradedFairy","DegradedChain","DegradedChain","DegradedLock","DegradedPillar","DegradedPillar","DegradedShockwave+1","GuardingStance","Magnetism","Apotheosis+1","AsThePrescriptOrders+1","FrontalAssault+1","Brawl","SharpenedBlade+1","UnforgettableMelody+1","GutHarvesting+1","Commandeering+1","FrontalAssault","BiXi","FrontalAssault+1","UnforgettableMelody","TendonChords","TendonChords+1","SilentMist+1","Madness","Madness"],"relics":["PageOfLibrarian","NeowsBlessing","PageOfTheKnightOfDespair","PageOfTheQueenOfHatred","PageOfGreed","PageOfWrath","Sozu","PageOfNihil","PageOfBloodbath","War Paint","PageOfSpiderBud","Tiny Chest","Anchor","Fusion Hammer","PageOfTodaysShyLook","Sling","PageOfPinocchio","Ginger","PageOfQueenBee","Juzu Bracelet","PageOfFreischutz"],"acts_visited":["Exordium","Exordium","TheBeyond","TheEnding"],"potions_floor_usage":[],"damage_taken":[{"damage":0.0,"enemies":"Cultist","floor":1.0,"turns":1.0},{"damage":0.0,"enemies":"2 Louse","floor":5.0,"turns":1.0},{"damage":0.0,"enemies":"3 Sentries","floor":7.0,"turns":1.0},{"damage":0.0,"enemies":"Small Slimes","floor":8.0,"turns":2.0},{"damage":0.0,"enemies":"Gremlin Nob","floor":11.0,"turns":2.0},{"damage":0.0,"enemies":"Blue Slaver","floor":12.0,"turns":2.0},{"damage":0.0,"enemies":"3 Sentries","floor":13.0,"turns":3.0},{"damage":0.0,"enemies":"Slime Boss","floor":16.0,"turns":2.0},{"damage":53.0,"enemies":"ruina:Nosferatu","floor":18.0,"turns":6.0},{"damage":20,"enemies":"ruina:BadWolf","floor":22,"turns":3},{"damage":11,"enemies":"ruina:RoadHome","floor":23,"turns":4},{"damage":1,"enemies":"ruina:ServantOfWrath","floor":25,"turns":3},{"damage":0,"enemies":"ruina:KnightOfDespair","floor":27,"turns":2},{"damage":10,"enemies":"ruina:KingOfGreed","floor":28,"turns":2},{"damage":0,"enemies":"ruina:3_Scarecrows","floor":29,"turns":1},{"damage":0,"enemies":"ruina:Woodsman","floor":30,"turns":2},{"damage":0,"enemies":"ruina:RoadHome","floor":31,"turns":3},{"damage":9,"enemies":"ruina:Ozma","floor":33,"turns":5},{"damage":3,"enemies":"Orb Walker","floor":35,"turns":3},{"damage":0,"enemies":"3 Darklings","floor":36,"turns":3},{"damage":0,"enemies":"Jaw Worm Horde","floor":38,"turns":2},{"damage":0,"enemies":"Reptomancer","floor":40,"turns":2},{"damage":0,"enemies":"2 Orb Walkers","floor":42,"turns":2},{"damage":0,"enemies":"4 Shapes","floor":44,"turns":1},{"damage":0,"enemies":"3 Darklings","floor":47,"turns":1},{"damage":0,"enemies":"Mind Bloom Boss Battle","floor":48,"turns":1},{"damage":0,"enemies":"Donu and Deca","floor":50,"turns":3},{"damage":0,"enemies":"Donu and Deca","floor":51,"turns":7}],"seed_played":"-7914495363769202529","potions_obtained":[{"floor":5.0,"key":"AttackPotion"},{"floor":12.0,"key":"AttackPotion"},{"floor":16.0,"key":"AttackPotion"}],"is_trial":false,"path_per_floor":["M","?","?","?","M","R","E","M","T","$","E","M","E","$","R","B",null,"M","?","?","$","M","E","R","E","T","M","M","M","M","E","R","B",null,"M","M","$","M","?","E","?","?","T","M","T","?","M","?","R","B",null,null],"character_chosen":"Librarian","items_purchased":["SharpenedBlade","SilentMist","PageOfBloodbath","PageOfTodaysShyLook","Sling"],"campfire_rested":0,"item_purchase_floors":[10,14,21,37,37],"current_hp_per_floor":[60,60,60,60,60,60,60,60,60,60,61,62,65,65,65,67,90,44,44,44,44,26,19,19,22,22,33,34,44,50,61,61,69,90,90,90,90,90,90,90,79,88,88,90,90,90,90,90,90,90,90],"gold":406,"neow_bonus":"THREE_ENEMY_KILL","is_daily":false,"chose_seed":false,"campfire_upgraded":4,"win_rate":0.0,"timestamp":1614220949,"path_taken":["M","?","?","?","M","R","E","M","T","?","E","?","E","$","R","BOSS","M","?","?","$","M","E","R","E","T","M","M","M","M","E","R","BOSS","M","M","$","M","?","E","?","?","T","M","?","?","M","?","R","BOSS"],"items_purchased_type":["Card","Card","Relic","Relic","Relic"],"build_version":"2020-12-22","purchased_purges":0,"victory":true,"max_hp_per_floor":[90,90,90,90,90,90,90,90,90,90,90,90,90,90,90,90,90,90,90,90,90,90,90,90,90,90,90,90,90,90,90,90,90,90,90,90,90,90,90,90,90,90,90,90,90,90,90,90,90,90,90],"card_choices":[{"not_picked":["GrazeTheGrass","Laceration","SkitterAway","Quickness","IllEndYou","ViolentFlame","FieryDragonSlash","Crush"],"picked":"GuardingStance","floor":1.0},{"not_picked":["Impatience","Dark Shackles","Metamorphosis","Finesse","Mayhem","Blind","Purity","Dramatic Entrance"],"picked":"Magnetism","floor":3.0},{"not_picked":["AssaultOrder","SinglePointStab","Overcharge","MindPrepared","Duel_lor","ExtractFuel","TasteMyFlamingBat","BackAttack"],"picked":"AsThePrescriptOrders","floor":5.0},{"not_picked":["QuickSuppression","ShockRound","IllEndYou","ViolentFlame","HiddenBlade","IronWall","SnakesPrey","Marionette"],"picked":"FrontalAssault","floor":7.0},{"not_picked":["Standoff","Creak","ViolentFlame","SturdyDefense","UncannyStrike","Zzzzzap","GuardingStance","FleetEdge"],"picked":"Brawl","floor":8.0},{"not_picked":["ScratchThat","Leap_lor","InhaleSmoke","AsThePrescriptOrders","AssaultOrder","Parry2","RhinoRam","Guardian_lor"],"picked":"UnforgettableMelody","floor":11.0},{"not_picked":["HighKick","SnakesPrey","AlloutWar","Unlock1","Outburst","FierceOnslaught","RipSpace","FleetEdge","FleetFootsteps"],"picked":"SKIP","floor":12.0},{"not_picked":["QuickSuppression","SnakeSlit","Gamble","ConcentratedFire","Rewind","BiAn","NightInTheBackstreets","Standoff","SteelKnuckles"],"picked":"SKIP","floor":13.0},{"not_picked":["BlazingStrike","Cruelty"],"picked":"GutHarvesting","floor":16.0},{"not_picked":["SunsetBlade","BiAn","Track","ViolentFlame","MultiBlock","Thrust","AlloutWar","Standoff+1","DefenseOrder"],"picked":"SKIP","floor":18},{"not_picked":["SkitterAway+1","ScratchThat","FieryDragonSlash","DriedUp","SpearedSweep","MultiBlock","GuidanceOfTheGears","Wallop_lor","EnergyShield"],"picked":"SKIP","floor":22},{"not_picked":["FlashingStrike","DirtyBlow","Parry","GreatSerpentsImpact","CutIn","Struggle","Parry2+1","SpearedSweep"],"picked":"Commandeering","floor":23},{"not_picked":["BlowItUp+1","InnerArdor+1","CombatPreparation","FierceCharge","BoundaryOfDeath","WaitUp+1","Wallop_lor","BiAn","StrongStrike"],"picked":"SKIP","floor":25},{"not_picked":["KeepItFresh","FleetEdge","Rewind","SuppressingShot","WaitUp","StrongStrike+1","Diversion+1","SunsetBlade+1","Eject+1"],"picked":"SKIP","floor":27},{"not_picked":["Leap_lor","AlloutWar","Crush","UnavoidableGaze","MirageStorm","EndlessBattle","BiXi","MultiBlock"],"picked":"FrontalAssault","floor":28},{"not_picked":["DefenseOrder","GuardingStance","UpbeatPerformance","AsThePrescriptOrders","GuidanceOfTheGears","PreemptiveStrike","Rewind","SuppressingShot"],"picked":"BiXi","floor":29},{"not_picked":["Creak","DaringDecision","Unlock1","DarkCloud","Endure","NightInTheBackstreets+1","ForTheFamily+1","BayonetCombat","HighKick+1"],"picked":"SKIP","floor":30},{"not_picked":["PuppetBlockade+1","SerpentSwordTechnique","Quickness","HiddenBlade","Slice_lor","FleetFootsteps","SunsetBlade","UnavoidableGaze"],"picked":"FrontalAssault+1","floor":31},{"not_picked":["TieShanKao","BlazingStrike"],"picked":"UnforgettableMelody","floor":33},{"not_picked":["QuickSuppression+1","FleetEdge+1","Brawl","Gigigig","StartinOutLightly","RapidGashes","FierceCharge+1","UnavoidableGaze+1"],"picked":"TendonChords","floor":35},{"not_picked":["GreatSerpentsImpact","ChopItOff","SparkingSpear","VenomousFangs","ProselytesBlade","UnavoidableGaze+1","ShrineToMusic","BlazingStrike"],"picked":"TendonChords+1","floor":36},{"not_picked":["Diversion+1","Parry","SinglePointStab","Parry2","NightInTheBackstreets+1","CoordinatedAssault","SnakesPrey+1","IdentifyWeakpoint"],"picked":"SilentMist+1","floor":38},{"not_picked":["TraceOfFumes","DarkCloud+1","SunsetBlade","CoordinatedAssault","TheArtOfRapidSteps+1","ElectricShock+1","WrathOfTorment","LoosenUp+1","Thirst+1"],"picked":"SKIP","floor":40},{"not_picked":["InnerArdor+1","Quickness","GuidanceOfTheGears","FleetEdge","DefenseOrder+1","RipSpace","CumulusWall","SharpSwipe+1","FleetFootsteps+1"],"picked":"SKIP","floor":44},{"not_picked":["FierceCharge+1","FleetEdge","SunsetBlade","QuickSuppression","Wallop_lor+1","Quickness+1","EnergyShield+1","QuickAttack+1","CircusKnives+1"],"picked":"SKIP","floor":47}],"player_experience":168167,"relics_obtained":[{"floor":7.0,"key":"PageOfTheKnightOfDespair"},{"floor":9.0,"key":"PageOfTheQueenOfHatred"},{"floor":11.0,"key":"PageOfGreed"},{"floor":13.0,"key":"PageOfWrath"},{"floor":18,"key":"PageOfNihil"},{"floor":23,"key":"War Paint"},{"floor":25,"key":"PageOfSpiderBud"},{"floor":26,"key":"Tiny Chest"},{"floor":31,"key":"Anchor"},{"floor":40,"key":"PageOfPinocchio"},{"floor":42,"key":"Ginger"},{"floor":43,"key":"PageOfQueenBee"},{"floor":45,"key":"Juzu Bracelet"},{"floor":48,"key":"PageOfFreischutz"}],"event_choices":[{"damage_healed":0.0,"max_hp_gain":0.0,"max_hp_loss":0.0,"gold_gain":0.0,"event_name":"Living Wall","player_choice":"Grow","floor":2.0,"gold_loss":0.0,"damage_taken":0.0,"cards_upgraded":["DegradedShockwave"]},{"damage_healed":0.0,"max_hp_gain":0.0,"max_hp_loss":0.0,"gold_gain":1.0,"event_name":"betterStone:BetterStone","player_choice":"1","floor":3.0,"gold_loss":0.0,"damage_taken":0.0},{"damage_healed":60.0,"max_hp_gain":0.0,"max_hp_loss":90.0,"gold_gain":0.0,"event_name":"betterThird:BetterShining","player_choice":"Embrace","floor":4.0,"gold_loss":0.0,"damage_taken":0.0},{"damage_healed":0,"gold_gain":0,"player_choice":"Memory 1","damage_taken":0,"max_hp_gain":0,"max_hp_loss":0,"event_name":"SensoryStone","floor":39,"gold_loss":0},{"damage_healed":0,"gold_gain":0,"player_choice":"Embrace Madness","damage_taken":11,"max_hp_gain":0,"max_hp_loss":0,"event_name":"Winding Halls","floor":41,"gold_loss":0,"cards_obtained":["Madness","Madness"]},{"damage_healed":0,"gold_gain":0,"player_choice":"Fight","damage_taken":0,"max_hp_gain":0,"max_hp_loss":0,"event_name":"Mysterious Sphere","floor":42,"gold_loss":0},{"cards_removed":["SilentMist"],"damage_healed":0,"gold_gain":0,"player_choice":"Removed Power","damage_taken":0,"max_hp_gain":0,"max_hp_loss":0,"event_name":"Falling","floor":46,"gold_loss":0},{"damage_healed":0,"gold_gain":0,"player_choice":"Fight","damage_taken":0,"max_hp_gain":0,"max_hp_loss":0,"event_name":"MindBloom","floor":48,"gold_loss":0}],"is_beta":false,"boss_relics":[{"not_picked":["Busted Crown","Empty Cage"],"picked":"Sozu"},{"not_picked":["Philosopher\u0027s Stone","SacredBark"],"picked":"Fusion Hammer"}],"items_purged_floors":[],"is_endless":false,"potions_floor_spawned":[5,12,16,18,22,27,28,29,33,42,44,47],"ascension_level":1}}