{"host":"og21o26alpnbwmz8","time":1614290293,"event":{"mods":["100% Spire Juice","2.2 Compatiblity","Act Like it!","Aspiration","BaseMod","Conspire","Downfall","Gensokyo","Halation","Hermit","Hubris","Jedi Mod","Mimic Mod","Minty Spire (QoL Compilation)","Pale of the Ancients","Reliquary","Replay The Spire","Shop Mod","Spikes Relics","StSLib","The Alterego","The Animator","The Blue Laboratory","The Bug Knight","The Clintock","The Construct","Waifu the Spire","Yuri Mod"],"gold_per_floor":[199,276,296,296,313,339,339,537,565,577,265,284,284,1,219,324,324,324,336,336,347,362,47,74,105,143,155,155,155],"floor_reached":27,"language":"ENG","playtime":1138,"items_purged":["Slimebound:Strike_Slimebound","Slimebound:Strike_Slimebound"],"score":243,"play_id":"c86a41be-b678-4f7f-afe9-3971e6f52ef7","local_time":"20210225165813","is_ascension_mode":false,"campfire_choices":[{"data":"Slimebound:Split","floor":1,"key":"SMITH"},{"data":"Slimebound:FinishingTackle","floor":13,"key":"SMITH"},{"data":"Slimebound:FlameTackle","floor":18,"key":"SMITH"}],"circlet_count":0,"master_deck":["Slimebound:Defend_Slimebound+1","Slimebound:Defend_Slimebound+1","Slimebound:Defend_Slimebound","Slimebound:Defend_Slimebound","Slimebound:Split+1","Slimebound:CorrosiveSpit","Slimebound:RollThrough+1","Slimebound:FlameTackle+1","Slimebound:FinishingTackle+1","Slimebound:FinishingTackle","Slimebound:FlameTackle+1","Slimebound:Equalize","Replay:Parry","Slimebound:CheckThePlaybook","Slimebound:GoopTackle+1","Slimebound:ComboTackle","Slimebound:RollThrough"],"relics":["Slimebound:AbsorbEndCombat","Meat on the Bone","Happy Flower","reliquary:WeakTea","conspire:GlowingRock","Centennial Puzzle","Guide Book","Boot","hubris:DeckOfHolding","sneckomod:SneckoTalon","BargainBundle","Replay:Mystery Machine","Simple Rune","Replay:Bandana"],"acts_visited":["Exordium","TheCity"],"potions_floor_usage":[19,25],"damage_taken":[{"damage":2,"enemies":"Gensokyo:Gryphon","floor":3,"turns":4},{"damage":0,"enemies":"Gensokyo:Python","floor":5,"turns":3},{"damage":1,"enemies":"Gensokyo:Cirno","floor":6,"turns":4},{"damage":18,"enemies":"Gensokyo:Mamizou","floor":9,"turns":6},{"damage":1,"enemies":"Gensokyo:2_Kodama","floor":10,"turns":3},{"damage":0,"enemies":"Gensokyo:LivingMonolith","floor":12,"turns":3},{"damage":10,"enemies":"downfall:FleeingMerchant","floor":14,"turns":4},{"damage":14,"enemies":"Gensokyo:CorruptedTreant","floor":15,"turns":4},{"damage":15,"enemies":"SI_SHIV_ARCHETYPE","floor":16,"turns":7},{"damage":0,"enemies":"3 Byrds","floor":19,"turns":3},{"damage":13,"enemies":"Chosen","floor":21,"turns":3},{"damage":28,"enemies":"Shelled Parasite and Fungi","floor":22,"turns":4},{"damage":5,"enemies":"downfall:FleeingMerchant","floor":23,"turns":4},{"damage":20,"enemies":"conspire:SneckoGhost","floor":25,"turns":3},{"damage":28,"enemies":"Centurion and Healer","floor":26,"turns":4},{"damage":0,"enemies":"Snake Plant","floor":27,"turns":2}],"seed_played":"4233055346840419823","potions_obtained":[{"floor":5,"key":"jedi:StrikingPotion"},{"floor":16,"key":"blueLaboratory:HorrorPotion"},{"floor":21,"key":"Dexterity Potion"},{"floor":25,"key":"SpeedPotion"}],"is_trial":false,"path_per_floor":["R","T","M","?","M","E","T","?","E","M","COS","M","R","$","M","B",null,"R","M","?","M","M","$","T","E","M","M"],"character_chosen":"SLIMEBOUND","items_purchased":["Slimebound:FlameTackle","Slimebound:Equalize","Replay:Parry","blueLaboratory:Moonshine","BargainBundle","Replay:Mystery Machine","Adrenaline Potion","Slimebound:ComboTackle"],"campfire_rested":0,"item_purchase_floors":[14,14,14,23,23,23,23,23],"current_hp_per_floor":[65,65,65,65,65,65,65,65,49,50,50,52,52,46,38,39,65,65,65,65,54,34,33,33,25,13,13,13,13],"gold":155,"neow_bonus":"HUNDRED_GOLD","is_daily":false,"chose_seed":false,"campfire_upgraded":3,"win_rate":0.0,"timestamp":1614290293,"path_taken":["R","?","M","?","M","E","T","?","E","M","COS","?","R","$","M","BOSS","R","M","?","?","M","$","T","E","M","M"],"items_purchased_type":["Card","Card","Card","Potion","Relic","Relic","Potion","Card"],"build_version":"2020-12-22","purchased_purges":2,"victory":false,"max_hp_per_floor":[65,65,65,65,65,65,65,65,65,65,65,65,65,65,65,65,65,65,65,65,65,65,65,65,65,65,65,65,65],"card_choices":[{"not_picked":["Slimebound:Prepare","Slimebound:ItLooksTasty"],"picked":"Slimebound:RollThrough","floor":3},{"not_picked":["Slimebound:SplitMire","Slimebound:Chomp"],"picked":"Slimebound:FlameTackle","floor":5},{"not_picked":["Slimebound:SplitMire","Slimebound:SpikyOuterGoop","Slimebound:SamplingLick"],"picked":"SKIP","floor":6},{"not_picked":["Slimebound:LeechEnergy","Slimebound:GoopSpray"],"picked":"Slimebound:FinishingTackle","floor":8},{"not_picked":["Slimebound:ProtectTheBoss","Slimebound:PressTheAttack","Slimebound:Darklings"],"picked":"SKIP","floor":9},{"not_picked":["Slimebound:SpikyOuterGoop","Slimebound:SlimeBarrage","Slimebound:ServeAndProtect"],"picked":"SKIP","floor":10},{"not_picked":["Slimebound:MegaLick","Slimebound:HungryTackle"],"picked":"Slimebound:FinishingTackle","floor":12},{"not_picked":["Slimebound:GoopSpray","Slimebound:FinishingTackle","Slimebound:SamplingLick"],"picked":"SKIP","floor":14},{"not_picked":["Slimebound:Repurpose","Slimebound:Recollect","Slimebound:PressTheAttack"],"picked":"SKIP","floor":15},{"not_picked":["Slimebound:WasteNot","Slimebound:MinionMaster"],"picked":"Slimebound:CheckThePlaybook","floor":16},{"not_picked":["Slimebound:HungryTackle","Slimebound:SamplingLick","Slimebound:AcidTongue"],"picked":"SKIP","floor":19},{"not_picked":["Slimebound:LivingWall+1","Slimebound:SamplingLick","Slimebound:SpikyOuterGoop+1"],"picked":"SKIP","floor":21},{"not_picked":["Slimebound:FlameTackle","Slimebound:Nibble+1","Slimebound:SplitSpecialist"],"picked":"SKIP","floor":22},{"not_picked":["Slimebound:Repurpose+1","Slimebound:SplitLeeching"],"picked":"Slimebound:GoopTackle+1","floor":23},{"not_picked":["Slimebound:SplitAcid","Slimebound:GoopTackle","Slimebound:Teamwork"],"picked":"SKIP","floor":25},{"not_picked":["Slimebound:SlimeSpikes","Slimebound:SplitLeeching"],"picked":"Slimebound:RollThrough","floor":26}],"player_experience":470566,"relics_obtained":[{"floor":2,"key":"Meat on the Bone"},{"floor":6,"key":"reliquary:WeakTea"},{"floor":7,"key":"conspire:GlowingRock"},{"floor":9,"key":"Centennial Puzzle"},{"floor":24,"key":"Simple Rune"},{"floor":25,"key":"Replay:Bandana"}],"event_choices":[{"cards_removed":["Slimebound:Strike_Slimebound"],"damage_healed":0,"gold_gain":0,"player_choice":"Card Removal","damage_taken":0,"max_hp_gain":0,"max_hp_loss":0,"event_name":"Wheel of Change","floor":20,"gold_loss":0}],"is_beta":false,"boss_relics":[{"not_picked":["Honey Jar","Empty Cage"],"picked":"sneckomod:SneckoTalon"}],"items_purged_floors":[14,23],"is_endless":false,"potions_floor_spawned":[5,16,21,25],"killed_by":"Snake Plant","ascension_level":0}}