{"host":"ttzdpsscxkem3xrs","time":1614294435,"event":{"mods":["BaseMod","Colored Map","Downfall","Hermit","Minty Spire (QoL Compilation)","Replay The Spire","StSLib","The Cursed","The Hierophant"],"gold_per_floor":[110,285,298,298,317,349,368,368,391,417,417,449,459,470,470,572,572,589,245,160,60,77,104,0,0,0,0,24,74,108,108,108,233,233,263,289,249,276,344,393,393,439,439,439,439,486,508,538,538,560],"floor_reached":51,"language":"ENG","playtime":2289,"items_purged":["Doubt","hermit:Defend_Hermit"],"score":969,"play_id":"902f5980-6fe6-4ce6-b752-e94cc5982c6e","local_time":"20210225150715","is_ascension_mode":true,"campfire_choices":[{"floor":8,"key":"REST"},{"floor":11,"key":"REST"},{"floor":15,"key":"REST"},{"floor":25,"key":"REST"},{"floor":27,"key":"REST"},{"data":"hermit:Strike_Hermit","floor":32,"key":"PURGE"},{"floor":41,"key":"DIG"},{"data":"hermit:Defend_Hermit","floor":44,"key":"PURGE"},{"floor":49,"key":"REST"}],"circlet_count":0,"master_deck":["hermit:Strike_Hermit","hermit:Strike_Hermit","hermit:Defend_Hermit","hermit:Defend_Hermit","hermit:Snapshot","hermit:Covet+1","hermit:NoHoldsBarred","hermit:Dive+1","hermit:BigShot","hermit:CursedWeapon","hermit:GhostlyPresence","hermit:DeadMansHand+1","hermit:TrackingShot","hermit:Headshot","hermit:Gambit","hermit:Headshot","hermit:Deadeye","hermit:WideOpen+1","hermit:Gambit","hermit:BigShot","hermit:GhostlyPresence+1","hermit:Dive+1","hermit:Maintenance+1","Madness","Madness","hermit:EyeOfTheStorm"],"relics":["hermit:Momento","NeowsBlessing","Akabeko","Oddly Smooth Stone","Dream Catcher","FossilizedHelix","Busted Crown","Letter Opener","War Paint","Replay:Bandana","Snack Pack","Replay:Multitool","Fusion Hammer","Unceasing Top","Bottled Lightning","Garlic","Replay:Bottled Flurry","Molten Egg 2","Replay:PocketPolymizer"],"acts_visited":["Exordium","TheCity","TheBeyond"],"potions_floor_usage":[10,16,16,16,22,29,33,33,38,40,42,50],"damage_taken":[{"damage":0,"enemies":"Jaw Worm","floor":1,"turns":1},{"damage":0,"enemies":"2 Louse","floor":3,"turns":1},{"damage":0,"enemies":"Cultist","floor":5,"turns":1},{"damage":28,"enemies":"Replay:BlueRogue","floor":6,"turns":8},{"damage":8,"enemies":"Exordium Wildlife","floor":7,"turns":3},{"damage":11,"enemies":"Gremlin Nob","floor":10,"turns":3},{"damage":13,"enemies":"Replay:BlueRogue","floor":12,"turns":6},{"damage":0,"enemies":"2 Fungi Beasts","floor":13,"turns":3},{"damage":6,"enemies":"Blue Slaver","floor":14,"turns":3},{"damage":0,"enemies":"Slime Boss","floor":16,"turns":7},{"damage":13,"enemies":"2 Thieves","floor":18,"turns":5},{"damage":0,"enemies":"Spheric Guardian","floor":22,"turns":1},{"damage":27,"enemies":"Book of Stabbing","floor":23,"turns":4},{"damage":0,"enemies":"Shelled Parasite and Fungi","floor":28,"turns":2},{"damage":0,"enemies":"Slavers","floor":29,"turns":1},{"damage":0,"enemies":"3 Cultists","floor":30,"turns":3},{"damage":68,"enemies":"Collector","floor":33,"turns":9},{"damage":12,"enemies":"3 Shapes","floor":35,"turns":2},{"damage":2,"enemies":"Orb Walker","floor":36,"turns":2},{"damage":14,"enemies":"Transient","floor":38,"turns":5},{"damage":0,"enemies":"Mind Bloom Boss Battle","floor":39,"turns":4},{"damage":0,"enemies":"R_Hoarder","floor":40,"turns":4},{"damage":0,"enemies":"Nemesis","floor":42,"turns":3},{"damage":15,"enemies":"Giant Head","floor":46,"turns":6},{"damage":37,"enemies":"Writhing Mass","floor":47,"turns":5},{"damage":0,"enemies":"Jaw Worm Horde","floor":48,"turns":1},{"damage":44,"enemies":"Replay:Hell Engine","floor":50,"turns":10}],"seed_played":"5639396546910846807","potions_obtained":[{"floor":5,"key":"Reflective Coating"},{"floor":6,"key":"SteroidPotion"},{"floor":14,"key":"EntropicBrew"},{"floor":18,"key":"AttackPotion"},{"floor":22,"key":"Swift Potion"},{"floor":30,"key":"Cursed Concoction"},{"floor":36,"key":"SkillPotion"},{"floor":39,"key":"AttackPotion"},{"floor":40,"key":"Strength Potion"}],"is_trial":false,"path_per_floor":["M","?","M","?","M","E","M","R","T","E","R","E","M","M","R","B",null,"M","$","?","$","M","E","?","R","T","R","M","E","M","?","R","B",null,"M","M","?","M","?","E","R","E","T","R","?","E","M","M","R","B",null],"character_chosen":"HERMIT","items_purchased":["hermit:Headshot","Letter Opener"],"campfire_rested":6,"item_purchase_floors":[19,19],"current_hp_per_floor":[75,75,75,75,75,47,39,61,61,50,72,59,59,53,75,75,75,62,62,62,62,62,35,35,57,57,75,75,75,75,75,75,11,75,65,65,65,57,63,75,75,75,75,75,66,59,24,26,48,12],"gold":560,"neow_bonus":"THREE_ENEMY_KILL","is_daily":false,"chose_seed":false,"campfire_upgraded":0,"win_rate":0.0,"timestamp":1614294435,"path_taken":["M","?","M","?","?","E","M","R","T","E","R","E","M","M","R","BOSS","M","$","?","$","M","E","?","R","T","R","M","E","M","?","R","BOSS","M","M","?","?","?","E","R","E","T","R","?","E","M","M","R","BOSS"],"items_purchased_type":["Card","Relic"],"build_version":"2020-12-22","purchased_purges":2,"victory":true,"max_hp_per_floor":[75,75,75,75,75,75,75,75,75,75,75,75,75,75,75,75,75,75,75,75,75,75,75,75,75,75,75,75,75,75,75,75,75,75,75,75,75,75,75,75,75,75,75,75,75,75,75,75,75,75],"card_choices":[{"not_picked":["hermit:HoleUp","hermit:Misfire"],"picked":"hermit:NoHoldsBarred","floor":1},{"not_picked":["hermit:TakeCover","hermit:BodyArmor"],"picked":"hermit:Dive","floor":3},{"not_picked":["hermit:FullyLoaded","hermit:CalledShot"],"picked":"hermit:BigShot","floor":5},{"not_picked":["hermit:Adapt","hermit:SprayPray"],"picked":"hermit:CursedWeapon","floor":6},{"not_picked":["hermit:ItchyTrigger","hermit:HighCaliber","hermit:Maintenance"],"picked":"SKIP","floor":7},{"not_picked":["hermit:LuckOfTheDraw","hermit:Grudge","hermit:ItchyTrigger"],"picked":"SKIP","floor":10},{"not_picked":["hermit:Virtue","hermit:CalledShot"],"picked":"hermit:GhostlyPresence","floor":11},{"not_picked":["hermit:LowProfile","hermit:Showdown","hermit:HighCaliber"],"picked":"SKIP","floor":12},{"not_picked":["hermit:Feint","hermit:BlackWind"],"picked":"hermit:DeadMansHand","floor":13},{"not_picked":["hermit:Ricochet","hermit:ShadowCloak"],"picked":"hermit:TrackingShot","floor":14},{"not_picked":["hermit:LowProfile","hermit:NoHoldsBarred"],"picked":"hermit:Headshot","floor":15},{"not_picked":["hermit:Adapt","hermit:Reprieve"],"picked":"hermit:Gambit","floor":16},{"not_picked":["hermit:Coalescence"],"picked":"SKIP","floor":18},{"not_picked":["hermit:HoleUp+1"],"picked":"SKIP","floor":22},{"not_picked":["hermit:PistolWhip"],"picked":"SKIP","floor":23},{"not_picked":[],"picked":"hermit:Deadeye","floor":25},{"not_picked":[],"picked":"hermit:WideOpen+1","floor":28},{"not_picked":[],"picked":"hermit:Gambit","floor":29},{"not_picked":["hermit:HighCaliber"],"picked":"SKIP","floor":30},{"not_picked":["hermit:HoleUp+1"],"picked":"SKIP","floor":35},{"not_picked":[],"picked":"hermit:BigShot","floor":36},{"not_picked":[],"picked":"hermit:GhostlyPresence+1","floor":38},{"not_picked":[],"picked":"hermit:Dive+1","floor":39},{"not_picked":["hermit:WideOpen"],"picked":"SKIP","floor":40},{"not_picked":[],"picked":"hermit:Maintenance+1","floor":42},{"not_picked":["hermit:BodyArmor"],"picked":"SKIP","floor":46},{"not_picked":["hermit:Maintenance"],"picked":"SKIP","floor":47},{"not_picked":["hermit:LoneWolf"],"picked":"SKIP","floor":48},{"not_picked":[],"picked":"hermit:EyeOfTheStorm","floor":49}],"player_experience":1459030,"relics_obtained":[{"floor":6,"key":"Akabeko"},{"floor":9,"key":"Oddly Smooth Stone"},{"floor":10,"key":"Dream Catcher"},{"floor":12,"key":"FossilizedHelix"},{"floor":23,"key":"Replay:Bandana"},{"floor":26,"key":"Snack Pack"},{"floor":29,"key":"Replay:Multitool"},{"floor":39,"key":"Unceasing Top"},{"floor":40,"key":"Bottled Lightning"},{"floor":41,"key":"Garlic"},{"floor":42,"key":"Replay:Bottled Flurry"},{"floor":43,"key":"Molten Egg 2"},{"floor":46,"key":"Replay:PocketPolymizer"}],"event_choices":[{"damage_healed":0,"gold_gain":175,"player_choice":"AGREE","damage_taken":0,"max_hp_gain":0,"max_hp_loss":0,"event_name":"Liars Game","floor":2,"gold_loss":0,"cards_obtained":["Doubt"]},{"damage_healed":0,"gold_gain":0,"player_choice":"Obtained Relic","damage_taken":0,"relics_obtained":["War Paint"],"max_hp_gain":0,"max_hp_loss":0,"event_name":"Addict","floor":20,"gold_loss":85},{"damage_healed":0,"gold_gain":0,"player_choice":"Paid Fearfully","damage_taken":0,"max_hp_gain":0,"max_hp_loss":0,"event_name":"Masked Bandits","floor":24,"gold_loss":104},{"damage_healed":0,"gold_gain":0,"player_choice":"Upgrade","damage_taken":0,"max_hp_gain":0,"max_hp_loss":0,"event_name":"Designer","floor":37,"gold_loss":40,"cards_upgraded":["hermit:DeadMansHand"]},{"damage_healed":0,"gold_gain":0,"player_choice":"Fight","damage_taken":0,"max_hp_gain":0,"max_hp_loss":0,"event_name":"MindBloom","floor":39,"gold_loss":0},{"damage_healed":0,"gold_gain":0,"player_choice":"Embrace Madness","damage_taken":9,"max_hp_gain":0,"max_hp_loss":0,"event_name":"Winding Halls","floor":45,"gold_loss":0,"cards_obtained":["Madness","Madness"]}],"is_beta":false,"boss_relics":[{"not_picked":["hermit:ClaspedLocket","Empty Cage"],"picked":"Busted Crown"},{"not_picked":["hermit:BartenderGlass","Replay:Wanted Poster"],"picked":"Fusion Hammer"}],"items_purged_floors":[19,21],"is_endless":false,"potions_floor_spawned":[5,6,14,18,22,23,30,36,39,40],"ascension_level":4}}