{"host":"xb2tau8pgi8aflss","time":1614259093,"event":{"mods":["AchievementEnabler","BaseMod","Hermit","Minty Spire (QoL Compilation)","StSLib","SuperFastMode"],"gold_per_floor":[119,119,69,15,15,15,40,40,63,63,96,110,120,134,134,237,237,254,265,265,265],"floor_reached":20,"language":"KOR","playtime":424,"items_purged":[],"score":325,"play_id":"d56f34c3-4e6d-43c7-82ca-f0fc714bae72","local_time":"20210225221813","is_ascension_mode":true,"campfire_choices":[{"data":"Rebound","floor":6,"key":"SMITH"},{"data":"Go for the Eyes","floor":10,"key":"SMITH"},{"data":"Aggregate","floor":15,"key":"SMITH"}],"circlet_count":0,"master_deck":["Strike_B","Strike_B","Strike_B","Defend_B","Defend_B","Defend_B","Defend_B+1","Zap","Dualcast+1","FTL","Rebound+1","Go for the Eyes+1","Sweeping Beam","Conserve Battery","Streamline","Aggregate+1","Echo Form","Hologram"],"relics":["Cracked Core","NeowsBlessing","Art of War","FaceOfCleric","Toy Ornithopter","Letter Opener","SlaversCollar"],"acts_visited":["Exordium","TheCity"],"potions_floor_usage":[20,20],"damage_taken":[{"damage":0,"enemies":"2 Louse","floor":1,"turns":1},{"damage":0,"enemies":"Lagavulin","floor":7,"turns":1},{"damage":0,"enemies":"3 Sentries","floor":11,"turns":1},{"damage":1,"enemies":"Small Slimes","floor":12,"turns":2},{"damage":0,"enemies":"Jaw Worm","floor":13,"turns":2},{"damage":0,"enemies":"Large Slime","floor":14,"turns":3},{"damage":22,"enemies":"Slime Boss","floor":16,"turns":8},{"damage":38,"enemies":"Shell Parasite","floor":18,"turns":5},{"damage":23,"enemies":"3 Byrds","floor":19,"turns":5},{"damage":35,"enemies":"Shelled Parasite and Fungi","floor":20,"turns":3}],"seed_played":"-370194964306800351","potions_obtained":[{"floor":1,"key":"GamblersBrew"},{"floor":14,"key":"BlessingOfTheForge"},{"floor":16,"key":"Dexterity Potion"},{"floor":19,"key":"PotionOfCapacity"}],"is_trial":false,"path_per_floor":["M","?","?","$","?","R","E","?","T","R","E","M","M","M","R","B",null,"M","M","M"],"character_chosen":"DEFECT","items_purchased":["Rebound"],"campfire_rested":0,"item_purchase_floors":[4],"current_hp_per_floor":[68,53,53,53,58,58,58,58,58,58,59,59,60,61,61,40,74,37,15,0,0],"gold":265,"neow_bonus":"THREE_ENEMY_KILL","is_daily":false,"chose_seed":false,"campfire_upgraded":3,"win_rate":0.0,"timestamp":1614259093,"path_taken":["M","?","?","$","?","R","E","?","T","R","E","M","M","M","R","BOSS","M","M","M"],"items_purchased_type":["Card"],"build_version":"2020-12-22","purchased_purges":0,"victory":false,"max_hp_per_floor":[75,75,75,75,80,80,80,80,80,80,81,82,83,84,84,85,85,86,87,87,87],"card_choices":[{"not_picked":["Static Discharge","Steam"],"picked":"FTL","floor":1},{"not_picked":["Reprogram","Stack"],"picked":"Go for the Eyes","floor":7},{"not_picked":["Tempest","Static Discharge"],"picked":"Sweeping Beam","floor":11},{"not_picked":["Hello World","Barrage"],"picked":"Conserve Battery","floor":12},{"not_picked":["Streamline","Compile Driver","Tempest"],"picked":"SKIP","floor":13},{"not_picked":["Compile Driver","Tempest"],"picked":"Streamline","floor":13},{"not_picked":["Ball Lightning","Barrage"],"picked":"Aggregate","floor":14},{"not_picked":["Buffer","Thunder Strike"],"picked":"Echo Form","floor":16},{"not_picked":["Redo","Steam","Ball Lightning"],"picked":"SKIP","floor":18},{"not_picked":["Electrodynamics","Compile Driver"],"picked":"Hologram","floor":19}],"player_experience":858036,"relics_obtained":[{"floor":7,"key":"Art of War"},{"floor":9,"key":"Toy Ornithopter"},{"floor":11,"key":"Letter Opener"}],"event_choices":[{"damage_healed":0,"gold_gain":0,"player_choice":"Entered Light","damage_taken":15,"max_hp_gain":0,"max_hp_loss":0,"event_name":"Shining Light","floor":2,"gold_loss":0,"cards_upgraded":["Defend_B","Dualcast"]},{"cards_removed":["Strike_B"],"damage_healed":0,"gold_gain":0,"player_choice":"Card Removal","damage_taken":0,"max_hp_gain":0,"max_hp_loss":0,"event_name":"The Cleric","floor":3,"gold_loss":50},{"damage_healed":0,"gold_gain":0,"player_choice":"Donut","damage_taken":0,"max_hp_gain":5,"max_hp_loss":0,"event_name":"Big Fish","floor":5,"gold_loss":0},{"damage_healed":0,"gold_gain":0,"player_choice":"Trade","damage_taken":0,"relics_obtained":["FaceOfCleric"],"max_hp_gain":0,"max_hp_loss":0,"event_name":"FaceTrader","floor":8,"gold_loss":0}],"is_beta":false,"boss_relics":[{"not_picked":["Fusion Hammer","FrozenCore"],"picked":"SlaversCollar"}],"items_purged_floors":[],"is_endless":false,"potions_floor_spawned":[1,14,16,19],"killed_by":"Shelled Parasite and Fungi","ascension_level":8}}