{"host":"0cm5wy4nhuju7tij","time":1614217527,"event":{"mods":["2.2 Compatiblity","AchievementEnabler","BaseMod","Better Third Choice","BetterRewards","Colored Powertips","Curses Come First","Custom Start","Displayed Cursed Tome","Downfall","Energized Spire","Evolution","Filter the Spire","Fireblade Mod","Highlight Path","Jess\u0027s Bottle","Minty Spire (QoL Compilation)","Permanent Neow","Poor People Problems","Relic Filter Mod","Relic Stats","Shop Mod","Spicy Shops","StSLib","The Cursed","The Servant 0.9.4","The Valiant","TheSwordswoman","TheVacant","Weighted Paths"],"gold_per_floor":[111,122,140,140,140,176,201,240,308,341,341,7,7,32,32,156,156,175,189,189,202,215,251,275,309,309,329,34,34,34,34,34,131,131,142,142,162,174,186,186,212,212,212,212,87,87,103,137,137,137,137,137,23,51,51],"floor_reached":56,"language":"ENG","playtime":4633,"items_purged":["Strike_S","Strike_S","Strike_S"],"score":1317,"play_id":"e06fbb82-d193-46bd-8d86-3259bedc464e","local_time":"20210224204527","is_ascension_mode":true,"campfire_choices":[{"data":"Luminosity","floor":11.0,"key":"SMITH"},{"data":"SurpressingFire","floor":13.0,"key":"SMITH"},{"data":"SilverBlades","floor":15.0,"key":"SMITH"},{"data":"MurderousAura","floor":30,"key":"SMITH"},{"data":"RitualDagger","floor":32,"key":"SMITH"},{"data":"FlawlessForm","floor":40,"key":"SMITH"},{"data":"PendulumOfEternity","floor":42,"key":"SMITH"},{"data":"Exchange","floor":44,"key":"SMITH"},{"floor":49,"key":"RECALL"},{"data":"Hightail","floor":52,"key":"SMITH"}],"circlet_count":0,"master_deck":["Spin+1","Defend_S","Defend_S","Defend_S","KidneyShot","Exchange+1","Luminosity+1","Potential","GearUp","Defy","BottledTime","Moondial","SurpressingFire+1","SilverBlades+1","Solidify","Ricochet+1","MurderousAura+1","Rearm+1","Starlight","DoubleEdge+1","ForgedInTime","Rearm","PendulumOfEternity+1","Defy","RitualDagger+1","FlawlessForm+1","GearUp+1","Madness","Madness","Spin+1","Barrier","Rearm","Manipulate","Collapse","Contraction","Hightail+1","Luminosity","Ricochet"],"relics":["Uniform","EVO:Axolotl","Bloody Idol","MealTicket","Unceasing Top","Eternal Feather","Akabeko","Meat on the Bone","jessBottle:WaterBottleRelic","Bag of Marbles","Toy Ornithopter","Oddly Smooth Stone","energizedSpire:OgreHead","Bottled Lightning","Omamori","Letter Opener","Vajra"],"acts_visited":["Exordium","TheCity","TheBeyond","TheEnding"],"potions_floor_usage":[50,55,55,55],"damage_taken":[{"damage":0.0,"enemies":"Jaw Worm","floor":1.0,"turns":4.0},{"damage":0.0,"enemies":"Cultist","floor":2.0,"turns":3.0},{"damage":0.0,"enemies":"2 Louse","floor":3.0,"turns":1.0},{"damage":18.0,"enemies":"3 Sentries","floor":6.0,"turns":5.0},{"damage":4.0,"enemies":"Large Slime","floor":7.0,"turns":7.0},{"damage":9.0,"enemies":"Gremlin Nob","floor":8.0,"turns":4.0},{"damage":0.0,"enemies":"Lagavulin","floor":10.0,"turns":8.0},{"damage":15.0,"enemies":"Exordium Wildlife","floor":14.0,"turns":4.0},{"damage":18.0,"enemies":"The Guardian","floor":16.0,"turns":17.0},{"damage":0.0,"enemies":"Spheric Guardian","floor":18.0,"turns":4.0},{"damage":18.0,"enemies":"3 Byrds","floor":19.0,"turns":5.0},{"damage":26.0,"enemies":"Snecko","floor":21.0,"turns":7.0},{"damage":5.0,"enemies":"Cultist and Chosen","floor":22.0,"turns":5.0},{"damage":34.0,"enemies":"Slavers","floor":23.0,"turns":4.0},{"damage":7,"enemies":"Sentry and Sphere","floor":24,"turns":5},{"damage":7,"enemies":"Gremlin Leader","floor":25,"turns":5},{"damage":0,"enemies":"Snecko","floor":27,"turns":7},{"damage":46,"enemies":"Collector","floor":33,"turns":10},{"damage":0,"enemies":"3 Darklings","floor":35,"turns":4},{"damage":36,"enemies":"3 Shapes","floor":37,"turns":4},{"damage":13,"enemies":"Maw","floor":38,"turns":7},{"damage":7,"enemies":"Sphere and 2 Shapes","floor":39,"turns":5},{"damage":18,"enemies":"Giant Head","floor":41,"turns":9},{"damage":5,"enemies":"3 Darklings","floor":47,"turns":5},{"damage":0,"enemies":"Nemesis","floor":48,"turns":9},{"damage":7,"enemies":"Time Eater","floor":50,"turns":13},{"damage":19,"enemies":"Shield and Spear","floor":54,"turns":11},{"damage":50,"enemies":"The Heart","floor":55,"turns":14}],"seed_played":"-5905454314275221344","potions_obtained":[{"floor":3.0,"key":"Energy Potion"},{"floor":5.0,"key":"SneckoOil"},{"floor":5.0,"key":"SteroidPotion"},{"floor":37,"key":"Energy Potion"},{"floor":39,"key":"SkillPotion"},{"floor":54,"key":"EntropicBrew"}],"is_trial":false,"path_per_floor":["M","M","M","?","?","E","M","E","T","E","R","$","R","M","R","B",null,"M","M","?","M","M","E","M","E","T","M","$","?","R","?","R","B",null,"M","?","M","M","M","R","E","R","T","R","$","?","M","E","R","B",null,"R","$","E","B",null],"character_chosen":"THE_SERVANT","items_purchased":["Meat on the Bone","Oddly Smooth Stone","Defy","Luminosity"],"campfire_rested":0,"item_purchase_floors":[12,28,28,53],"current_hp_per_floor":[65,65,65,60,60,42,38,29,29,29,38,53,60,45,54,36,60,60,42,42,28,35,13,18,23,23,35,50,50,60,54,60,31,60,60,52,33,37,47,60,47,60,60,60,60,60,60,60,60,58,60,60,60,46,23],"gold":51,"neow_bonus":"UPGRADE_CARD","is_daily":false,"chose_seed":false,"campfire_upgraded":9,"win_rate":0.0,"timestamp":1614217527,"path_taken":["M","M","M","?","?","E","M","E","T","E","R","$","R","?","R","BOSS","M","M","?","M","M","E","M","E","T","M","$","?","R","?","R","BOSS","M","?","M","M","M","R","E","R","T","R","$","?","M","E","R","BOSS","R","$","E","BOSS"],"items_purchased_type":["Relic","Relic","Card","Card"],"build_version":"2020-12-22","purchased_purges":3,"victory":true,"max_hp_per_floor":[65,65,65,60,60,60,60,60,60,60,60,60,60,60,60,60,60,60,60,60,60,60,60,60,60,60,60,60,60,60,60,60,60,60,60,60,60,60,60,60,60,60,60,60,60,60,60,60,60,60,60,60,60,60,60],"relic_stats":{"counters":[14,108],"Bloody Idol":35,"MealTicket":15,"Eternal Feather":42,"Letter Opener":[112],"obtain_stats":[{"Golden Idol":0,"Oddly Smooth Stone":28,"Vajra":54,"Eternal Feather":0,"Uniform":0,"energizedSpire:OgreHead":34,"Omamori":43,"EVO:Axolotl":0,"Letter Opener":48,"Akabeko":0,"Bloody Idol":29,"MealTicket":0,"Bag of Marbles":23,"Bottled Lightning":41,"jessBottle:WaterBottleRelic":0,"Unceasing Top":0,"Toy Ornithopter":25,"Meat on the Bone":0},{"Golden Idol":0,"Oddly Smooth Stone":3,"Vajra":13,"Eternal Feather":0,"Uniform":0,"energizedSpire:OgreHead":4,"Omamori":9,"EVO:Axolotl":0,"Letter Opener":11,"Akabeko":0,"Bloody Idol":3,"MealTicket":0,"Bag of Marbles":0,"Bottled Lightning":9,"jessBottle:WaterBottleRelic":0,"Unceasing Top":0,"Toy Ornithopter":2,"Meat on the Bone":0},{"Golden Idol":0,"Oddly Smooth Stone":17,"Vajra":94,"Eternal Feather":0,"Uniform":0,"energizedSpire:OgreHead":27,"Omamori":56,"EVO:Axolotl":0,"Letter Opener":70,"Akabeko":0,"Bloody Idol":17,"MealTicket":0,"Bag of Marbles":0,"Bottled Lightning":56,"jessBottle:WaterBottleRelic":0,"Unceasing Top":0,"Toy Ornithopter":10,"Meat on the Bone":0}],"Unceasing Top":[57],"Toy Ornithopter":20,"Meat on the Bone":96},"card_choices":[{"not_picked":["Alleviate","Spin"],"picked":"Luminosity","floor":1.0},{"not_picked":["Alleviate","Revamp"],"picked":"Potential","floor":2.0},{"not_picked":["BottledTime","MoonPhase"],"picked":"GearUp","floor":3.0},{"not_picked":["Initiator","TimeTheft"],"picked":"Defy","floor":6.0},{"not_picked":["Unruled","Replace"],"picked":"BottledTime","floor":7.0},{"not_picked":["Replace","Spin"],"picked":"Moondial","floor":8.0},{"not_picked":["Read","Foresight"],"picked":"SurpressingFire","floor":10.0},{"not_picked":["Rearm","Potential"],"picked":"SilverBlades","floor":14.0},{"not_picked":["Sunlight","Duplication"],"picked":"Solidify","floor":16.0},{"not_picked":["FastForward","Defy"],"picked":"Ricochet+1","floor":18.0},{"not_picked":["DualDimension","Alleviate+1"],"picked":"MurderousAura","floor":19.0},{"not_picked":["Revamp","ShatteredReality"],"picked":"Rearm+1","floor":21.0},{"not_picked":["DoubleEdge","BottledTime"],"picked":"Starlight","floor":22.0},{"not_picked":["TimeTheft","Revamp+1"],"picked":"DoubleEdge+1","floor":23},{"not_picked":["Deadline","Ricochet+1"],"picked":"ForgedInTime","floor":24},{"not_picked":["Unruled","DualDimension"],"picked":"Rearm","floor":25},{"not_picked":["ShatteredReality","Alleviate"],"picked":"PendulumOfEternity","floor":27},{"not_picked":["MurderousAura","FloweringNight"],"picked":"FlawlessForm","floor":33},{"not_picked":["Foresight+1","Rewind"],"picked":"GearUp+1","floor":35},{"not_picked":["FastForward","Defy+1"],"picked":"Spin+1","floor":37},{"not_picked":["Desolation","Unruled"],"picked":"Barrier","floor":38},{"not_picked":["Spin","Deadline+1"],"picked":"Rearm","floor":39},{"not_picked":["DoubleEdge+1","Alleviate+1"],"picked":"Manipulate","floor":41},{"not_picked":["DoubleEdge","Starlight"],"picked":"Contraction","floor":47},{"not_picked":["MurderousAura","Orbit"],"picked":"Hightail","floor":48},{"not_picked":["Alleviate","Comet"],"picked":"Ricochet","floor":54}],"player_experience":445047,"relics_obtained":[{"floor":6.0,"key":"MealTicket"},{"floor":8.0,"key":"Unceasing Top"},{"floor":9.0,"key":"Eternal Feather"},{"floor":10.0,"key":"Akabeko"},{"floor":23,"key":"Bag of Marbles"},{"floor":25,"key":"Toy Ornithopter"},{"floor":41,"key":"Bottled Lightning"},{"floor":43,"key":"Omamori"},{"floor":48,"key":"Letter Opener"},{"floor":54,"key":"Vajra"}],"event_choices":[{"damage_healed":0.0,"max_hp_gain":0.0,"max_hp_loss":5.0,"gold_gain":0.0,"event_name":"Golden Idol","player_choice":"Lose Max HP","floor":4.0,"gold_loss":0.0,"damage_taken":0.0,"relics_obtained":["Golden Idol"]},{"damage_healed":0.0,"max_hp_gain":0.0,"max_hp_loss":0.0,"gold_gain":0.0,"event_name":"Lab","player_choice":"Got Potions","floor":5.0,"gold_loss":0.0,"damage_taken":0.0},{"damage_healed":0.0,"max_hp_gain":0.0,"max_hp_loss":0.0,"gold_gain":0.0,"event_name":"Ghosts","player_choice":"Ignored","floor":20.0,"gold_loss":0.0,"damage_taken":0.0},{"damage_healed":0,"gold_gain":0,"player_choice":"Gave Idol","damage_taken":0,"relics_obtained":["Bloody Idol"],"max_hp_gain":0,"max_hp_loss":0,"event_name":"Forgotten Altar","floor":29,"relics_lost":["Golden Idol"],"gold_loss":0},{"damage_healed":0,"gold_gain":0,"player_choice":"Dagger","damage_taken":6,"max_hp_gain":0,"max_hp_loss":0,"event_name":"betterThird:BetterNest","floor":31,"gold_loss":0,"cards_obtained":["RitualDagger"]},{"damage_healed":0,"gold_gain":0,"player_choice":"Embrace Madness","damage_taken":8,"max_hp_gain":0,"max_hp_loss":0,"event_name":"Winding Halls","floor":36,"gold_loss":0,"cards_obtained":["Madness","Madness"]},{"damage_healed":0,"gold_gain":0,"cards_transformed":["Defend_S"],"player_choice":"Transformed","damage_taken":0,"max_hp_gain":0,"max_hp_loss":0,"event_name":"Transmorgrifier","floor":46,"gold_loss":0,"cards_obtained":["Collapse"]}],"is_beta":false,"boss_relics":[{"not_picked":["Busted Crown","Ectoplasm"],"picked":"jessBottle:WaterBottleRelic"},{"not_picked":["energizedSpire:SpiderWeb","SacredBark"],"picked":"energizedSpire:OgreHead"}],"items_purged_floors":[12,28,45],"is_endless":false,"potions_floor_spawned":[3,6,7,14,18,19,21,24,37,39,47,54],"ascension_level":1}}