{"host":"17xjy7b7ubl548g2","time":1614219470,"event":{"mods":["2.2 Compatiblity","Act Like it!","Aspiration","Astrologer","Bard","BaseMod","Challenge The Spire","ChefMod","Colored Map","Colored Powertips","Conspire","Elementarium","Energized Spire","Gensokyo","GifTheSpireLib","Halation","Hallownest","Hermit","Hubris","Infinite Spire","Jedi Mod","Jorbs\u0027s Wanderer Trilogy","Marisa（霧雨　魔理沙）","Marked Mod","Menagerie","Minty Spire (QoL Compilation)","Permanent Neow","Reliquary","Replay The Spire","Robot Space Explorer","Ruina","Shapeshifter Mod","Spicy Shops","Spire Arcade","StSLib","Stuff the Spire","The Blue Laboratory","The Bug Knight","The Construct","The Disciple","The Hayseed","The Hierophant","The Marked","The Runesmith","The Sage","TheFirefly"],"gold_per_floor":[115,115,115,35,47,47,77,77,150,150,180,190,190,31,31,132,132,152,152,165,179,198,229,63,88,88,101,135,135,207,220,220,298,298,315,315,106,116,135,166,166,180,180,180,16,16,51,64,64,64,64,64,16,49,49],"floor_reached":56,"language":"ENG","playtime":5678,"items_purged":["Injury","jedi:BattleThirst","stsjorbsmod:Strike_Wanderer","stsjorbsmod:Strike_Wanderer"],"score":2426,"play_id":"ba1ff668-77d4-48b0-a8bd-f54a3f46c853","local_time":"20210224211750","is_ascension_mode":true,"campfire_choices":[{"data":"stsjorbsmod:Prestidigitation","floor":6,"key":"SMITH"},{"data":"Dramatic Entrance","floor":8,"key":"SMITH"},{"data":"stsjorbsmod:FreshAdventure","floor":10,"key":"SMITH"},{"data":"stsjorbsmod:TrueStrike","floor":13,"key":"SMITH"},{"data":"stsjorbsmod:EyeOfTheStorm","floor":15,"key":"SMITH"},{"data":"infinitespire:SevenWalls","floor":32,"key":"SMITH"},{"data":"stsjorbsmod:TinyHut","floor":41,"key":"SMITH"},{"data":"infinitespire:Punishment","floor":44,"key":"SMITH"},{"floor":46,"key":"RECALL"},{"data":"stsjorbsmod:MageArmor","floor":49,"key":"SMITH"},{"data":"stsjorbsmod:Defend_Wanderer","floor":52,"key":"SMITH"}],"circlet_count":0,"master_deck":["AscendersBane","stsjorbsmod:ForbiddenGrimoire+1","stsjorbsmod:Strike_Wanderer+1","stsjorbsmod:Strike_Wanderer+1","stsjorbsmod:Defend_Wanderer+1","stsjorbsmod:Defend_Wanderer+1","stsjorbsmod:Defend_Wanderer+1","stsjorbsmod:Defend_Wanderer+1","stsjorbsmod:FreshAdventure+1","stsjorbsmod:EyeOfTheStorm+1","Dramatic Entrance+1","stsjorbsmod:Prestidigitation+1","stsjorbsmod:ChainLightning+1","stsjorbsmod:Materialize+1","stsjorbsmod:MageArmor+1","stsjorbsmod:TollTheDead+1","stsjorbsmod:TrueStrike+1","stsjorbsmod:RayOfFrost+1","stsjorbsmod:LoseGrip+1","stsjorbsmod:TinyHut+1","stsjorbsmod:Channel+1","stsjorbsmod:ScorchingRay+1","stsjorbsmod:Fireball+1","infinitespire:SevenWalls+1","infinitespire:Punishment+1","stsjorbsmod:ArcaneWeapon+1","stsjorbsmod:Feast+1","Replay:Bootleg Shield Generator+1"],"relics":["stsjorbsmod:GrimoireRelic","halation:EternalFortune","ReplayTheSpireMod:Lightbulb","Golden Egg","Replay:Accelerometer","Bronze Scales","Busted Crown","TungstenRod","hubris:CrystalStatue","hubris:Potato","Art of War","Onion Ring","Question Card","hubris:TerracottaHorce","Replay:Lucky Slots","energizedSpire:StickyHand","Potion Belt","Runesmith:Nanobots","StuffTheSpire:Rhapsscallions","Membership Card","StuffTheSpire:MayFlowers","Thread and Needle"],"acts_visited":["Exordium","Hallownest:Greenpath","Hallownest:CityofTears","TheEnding"],"potions_floor_usage":[23,25,31,54,55,55],"damage_taken":[{"damage":2,"enemies":"Hallownest:monsterHuskWarrior","floor":1,"turns":4},{"damage":0,"enemies":"2_ Uuma","floor":5,"turns":4},{"damage":0,"enemies":"Hallownest:eliteMossKnight","floor":7,"turns":7},{"damage":0,"enemies":"Hallownest:eliteVengeflyKing","floor":11,"turns":4},{"damage":0,"enemies":"Hallownest:monsterHuskGuard","floor":12,"turns":2},{"damage":31,"enemies":"Hallownest:BossFalseKnight","floor":16,"turns":8},{"damage":3,"enemies":"Hallownest:2_Mistakes","floor":18,"turns":4},{"damage":0,"enemies":"Hallownest:3_Youths","floor":20,"turns":6},{"damage":0,"enemies":"Hallownest:Warrior_and_Youth","floor":21,"turns":5},{"damage":0,"enemies":"Hallownest:Master_and_Novice","floor":22,"turns":2},{"damage":10,"enemies":"Hallownest:eliteSoulWarrior","floor":23,"turns":5},{"damage":0,"enemies":"Hallownest:eliteWatcherKnight","floor":25,"turns":10},{"damage":0,"enemies":"Hallownest:3_Mistakes","floor":27,"turns":4},{"damage":6,"enemies":"Hallownest:Nosk","floor":28,"turns":7},{"damage":7,"enemies":"Hallownest:Warrior_and_Youth","floor":31,"turns":2},{"damage":0,"enemies":"Hallownest:BossSoulMaster","floor":33,"turns":6},{"damage":5,"enemies":"Hallownest:3_Siblings","floor":35,"turns":3},{"damage":0,"enemies":"Hallownest:Shield_Heavy","floor":38,"turns":4},{"damage":0,"enemies":"Hallownest:Xero_Hu_Marmu","floor":39,"turns":3},{"damage":0,"enemies":"Hallownest:StalkingDevout","floor":40,"turns":3},{"damage":0,"enemies":"Hallownest:monsterPrimalAspid","floor":42,"turns":2},{"damage":0,"enemies":"Hallownest:eliteCollector","floor":47,"turns":3},{"damage":0,"enemies":"Hallownest:2_Soldiers_and_1_Guardian","floor":48,"turns":1},{"damage":0,"enemies":"Hallownest:Radiance","floor":50,"turns":7},{"damage":1,"enemies":"Shield and Spear","floor":54,"turns":5},{"damage":23,"enemies":"The Heart","floor":55,"turns":8}],"seed_played":"-526450290089682911","potions_obtained":[{"floor":5,"key":"blueLaboratory:ImpenetrablePotion"},{"floor":16,"key":"infinitespire:BlackPotion"},{"floor":28,"key":"blueLaboratory:PhilterOfMotion"},{"floor":31,"key":"Elixir"},{"floor":40,"key":"LiquidMemories"}],"is_trial":false,"path_per_floor":["M","?","?","$","M","R","E","R","T","R","E","M","R","$","R","B",null,"M","?","M","M","M","E","$","E","T","M","E","AVR","T","M","R","B",null,"M","?","$","M","M","E","R","M","T","R","$","R","E","M","R","B",null,"R","$","E","B",null],"character_chosen":"WANDERER","items_purchased":["stsjorbsmod:ChainLightning","stsjorbsmod:RayOfFrost","Bronze Scales","hubris:Potato","EssenceOfSteel","Membership Card","Replay:Bootleg Shield Generator"],"campfire_rested":0,"item_purchase_floors":[4,14,14,24,37,45,53],"current_hp_per_floor":[60,60,63,63,65,65,68,68,68,68,70,71,71,71,71,40,63,62,62,63,64,64,55,55,55,55,57,53,53,53,49,49,51,68,64,45,45,47,53,55,55,62,64,64,64,64,67,68,68,74,86,86,86,92,75],"gold":49,"neow_bonus":"RANDOM_COLORLESS","is_daily":false,"chose_seed":false,"campfire_upgraded":10,"win_rate":0.0,"timestamp":1614219470,"path_taken":["M","?","?","?","?","R","E","R","T","R","E","M","R","$","R","BOSS","M","?","M","M","M","E","$","E","T","?","E","AVR","?","M","R","BOSS","M","?","$","M","M","E","R","?","T","R","$","R","E","M","R","BOSS","R","$","E","BOSS"],"items_purchased_type":["Card","Card","Relic","Relic","Potion","Relic","Card"],"build_version":"2020-12-22","purchased_purges":4,"victory":true,"max_hp_per_floor":[68,68,71,71,71,71,71,71,71,71,71,71,71,71,71,71,71,71,71,71,71,71,71,71,71,71,71,71,71,71,74,74,74,74,74,74,74,76,81,81,81,86,88,88,88,88,90,90,90,90,90,90,90,92,92],"card_choices":[{"not_picked":["ReplayTheSpireMod:Private Reserves","Replay:Sssssssssshield"],"picked":"Dramatic Entrance","floor":0},{"not_picked":["stsjorbsmod:Introspection","stsjorbsmod:Mania"],"picked":"stsjorbsmod:Prestidigitation","floor":1},{"not_picked":["stsjorbsmod:MageArmor","stsjorbsmod:ParryingBlow"],"picked":"stsjorbsmod:Materialize","floor":5},{"not_picked":["stsjorbsmod:Message","stsjorbsmod:LocateObject"],"picked":"stsjorbsmod:MageArmor","floor":7},{"not_picked":["stsjorbsmod:Thorns","stsjorbsmod:FracturedMind"],"picked":"stsjorbsmod:TollTheDead","floor":11},{"not_picked":["stsjorbsmod:RefuseToForget","stsjorbsmod:ArcaneWeapon"],"picked":"stsjorbsmod:TrueStrike","floor":12},{"not_picked":["stsjorbsmod:SiphonEnergy","stsjorbsmod:IvoryTower"],"picked":"stsjorbsmod:Determination","floor":16},{"not_picked":[],"picked":"stsjorbsmod:LoseGrip","floor":18},{"not_picked":["stsjorbsmod:Prestidigitation"],"picked":"SKIP","floor":20},{"not_picked":["stsjorbsmod:Message"],"picked":"SKIP","floor":21},{"not_picked":[],"picked":"stsjorbsmod:TinyHut","floor":22},{"not_picked":[],"picked":"stsjorbsmod:Channel","floor":23},{"not_picked":[],"picked":"stsjorbsmod:ScorchingRay","floor":25},{"not_picked":["stsjorbsmod:AnimateObjects"],"picked":"SKIP","floor":27},{"not_picked":[],"picked":"stsjorbsmod:Fireball","floor":28},{"not_picked":["stsjorbsmod:Prepare"],"picked":"stsjorbsmod:ArcaneWeapon+1","floor":31},{"not_picked":["stsjorbsmod:PurgeMind"],"picked":"stsjorbsmod:Feast","floor":33},{"not_picked":["stsjorbsmod:ChainLightning+1","stsjorbsmod:Hurt"],"picked":"SKIP","floor":35},{"not_picked":["stsjorbsmod:LocateObject","stsjorbsmod:MistyStep"],"picked":"SKIP","floor":38},{"not_picked":["stsjorbsmod:BlackTentacles","stsjorbsmod:TrueStrike"],"picked":"SKIP","floor":39},{"not_picked":["stsjorbsmod:ParryingBlow+1","stsjorbsmod:WanderingMind"],"picked":"SKIP","floor":40},{"not_picked":["stsjorbsmod:AnimateObjects","stsjorbsmod:BurningFlask+1"],"picked":"SKIP","floor":42},{"not_picked":["stsjorbsmod:Thorns","stsjorbsmod:ChatteringStrike"],"picked":"SKIP","floor":47},{"not_picked":["stsjorbsmod:Hibernate","stsjorbsmod:ColorSpray+1"],"picked":"SKIP","floor":48},{"not_picked":["stsjorbsmod:MageArmor","stsjorbsmod:DoubleCheck+1"],"picked":"SKIP","floor":54}],"player_experience":2267128,"relics_obtained":[{"floor":7,"key":"ReplayTheSpireMod:Lightbulb"},{"floor":9,"key":"Golden Egg"},{"floor":11,"key":"Replay:Accelerometer"},{"floor":23,"key":"hubris:CrystalStatue"},{"floor":25,"key":"Art of War"},{"floor":26,"key":"Onion Ring"},{"floor":28,"key":"Question Card"},{"floor":31,"key":"halation:EternalFortune"},{"floor":39,"key":"halation:EternalFortune"},{"floor":40,"key":"Runesmith:Nanobots"},{"floor":42,"key":"halation:EternalFortune"},{"floor":43,"key":"StuffTheSpire:Rhapsscallions"},{"floor":47,"key":"StuffTheSpire:MayFlowers"},{"floor":54,"key":"Thread and Needle"}],"event_choices":[],"is_beta":false,"boss_relics":[{"not_picked":["aspiration:SecretTechniqueScroll","StuffTheSpire:Kangaroo"],"picked":"Busted Crown"},{"not_picked":["Replay:Drink Me","Astrolabe"],"picked":"energizedSpire:StickyHand"}],"items_purged_floors":[14,24,29,37],"is_endless":false,"potions_floor_spawned":[5,16,18,20,22,28,31,35,40,48],"ascension_level":17}}