{"host":"ibonnlq6s1c814xj","time":1614227454,"event":{"mods":["BaseMod","BetterRewards","Minty Spire (QoL Compilation)","Quick Restart","Shop Mod","[功能]功能增强和修复MOD","【遗物卡牌】REMEMod"],"gold_per_floor":[113,13,13,13,28,28,28],"floor_reached":6,"language":"ZHS","playtime":219,"items_purged":["Strike_G","Accuracy","Strike_G"],"score":41,"play_id":"0fb2906e-c46a-40e6-9c35-a4c80e17f237","local_time":"20210225123054","is_ascension_mode":true,"campfire_choices":[],"circlet_count":0,"master_deck":["Strike_G+1","Strike_G+1","Defend_G","Defend_G","Defend_G","Defend_G","Defend_G","Survivor","Neutralize","Reflex","REME_FirmDetermination"],"relics":["Ring of the Snake","REME_ComplimentaryCards","Membership Card","Anchor","Turnip","Shuriken","TheAbacus","Dead Branch","MerchantsRug"],"acts_visited":["Exordium"],"potions_floor_usage":[],"damage_taken":[{"damage":0,"enemies":"2 Louse","floor":1,"turns":4},{"damage":2,"enemies":"Cultist","floor":5,"turns":4},{"damage":0,"enemies":"3 Sentries","floor":6,"turns":1}],"seed_played":"8037939888840153554","potions_obtained":[{"floor":1,"key":"CunningPotion"}],"is_trial":false,"path_per_floor":["M","$","?","?","M","E"],"character_chosen":"THE_SILENT","items_purchased":["Membership Card","Anchor","Shuriken","TheAbacus","MerchantsRug","REME_FirmDetermination"],"campfire_rested":0,"item_purchase_floors":[0,0,0,0,2,2],"current_hp_per_floor":[70,70,56,56,54,54,54],"gold":28,"neow_bonus":"","is_daily":false,"chose_seed":false,"campfire_upgraded":0,"win_rate":0.0,"timestamp":1614227454,"path_taken":["M","$","?","?","?","E"],"items_purchased_type":["Relic","Relic","Relic","Relic","Relic","Card"],"build_version":"2020-12-22","purchased_purges":3,"victory":false,"max_hp_per_floor":[70,70,70,70,70,70,70],"card_choices":[{"not_picked":["Flechettes","Riddle With Holes","Accuracy"],"picked":"SKIP","floor":1},{"not_picked":["Bane","Choke","Catalyst"],"picked":"SKIP","floor":5}],"player_experience":208008,"relics_obtained":[],"event_choices":[{"damage_healed":0,"gold_gain":0,"player_choice":"Entered Light","damage_taken":14,"max_hp_gain":0,"max_hp_loss":0,"event_name":"Shining Light","floor":3,"gold_loss":0,"cards_upgraded":["Strike_G","Strike_G"]},{"cards_removed":["Strike_G"],"damage_healed":0,"gold_gain":0,"player_choice":"Card Removal","damage_taken":0,"max_hp_gain":0,"max_hp_loss":0,"event_name":"Wheel of Change","floor":4,"gold_loss":0}],"is_beta":false,"boss_relics":[],"items_purged_floors":[0,0,2],"is_endless":false,"potions_floor_spawned":[1],"killed_by":"3 Sentries","ascension_level":4}}