{"host":"5opvyw7i0efvkr4b","time":1614287364,"event":{"mods":["100% Spire Juice","2.2 Compatiblity","Act Like it!","Arknights","Bard","BaseMod","Better Third Choice","BetterRewards","CapriCore","Colored Map","Conspire","Downfall","Duelist Mod","Gensokyo","Gremlin Mod","Hallownest","Jorbs\u0027s Wanderer Trilogy","KinomotoSakuraMod(????)","LagranYue(???·?)","Luminous","Marisa????????","Minty Spire (QoL Compilation)","Pale of the Ancients","Prisma Mod","Relic Stats","Robot Space Explorer","Slimebound Mod","StSLib","Td1madao Mod","The Administrix","The Alterego","The Animator","The Blackbeard","The Gatherer","The Immortal","The Mystic","The Poker Player","The Senshi","The Servant 0.9.4","The Wild Card","TheBandit","TheSwordswoman","WarShipGirlsR/????R mod","Yakumo Yukari mod","Yuyuko"],"gold_per_floor":[99,112,112,131,41,41,41,41,55,155,172,172,172,185,205,301,301,301,318,332,332,351,351,351,370,388,388,399,333,333,333,351,351,351,351],"floor_reached":33,"language":"ENG","playtime":3981,"items_purged":["Slimebound:AcidTongue"],"score":241,"play_id":"52d3b23e-ad29-4f15-889b-79a98f795c21","local_time":"20210225160924","is_ascension_mode":false,"campfire_choices":[{"data":"Slimebound:CorrosiveSpit","floor":1,"key":"SMITH"},{"data":"Slimebound:Split","floor":6,"key":"SMITH"},{"data":"Slimebound:MassRepurpose","floor":13,"key":"SMITH"},{"data":"Slimebound:SlimeBarrage","floor":18,"key":"SMITH"},{"data":"Slimebound:Teamwork","floor":27,"key":"SMITH"},{"data":"Slimebound:SplitSpecialist","floor":30,"key":"SMITH"}],"circlet_count":0,"master_deck":["Slimebound:Tackle","Slimebound:Defend_Slimebound","Slimebound:Defend_Slimebound","Slimebound:Defend_Slimebound","Slimebound:Defend_Slimebound","Slimebound:Split+1","Slimebound:CorrosiveSpit+1","Slimebound:LeechingTouch+1","Slimebound:SlimeSpikes","Slimebound:SlimeBarrage+1","Slimebound:Chomp","Slimebound:MassRepurpose+1","Slimebound:Nibble","Slimebound:SlimeSlap","Slimebound:SplitSpecialist+1","Slimebound:Teamwork+1","Slimebound:SplitMire","Slimebound:Tackle+1","Slimebound:Tackle+1","Slimebound:Tackle+1","Slimebound:RallyTheTroops"],"relics":["LagranYue:RandomDrawCardRelic","SlaversCollar","InkBottle","Sozu","conspire:GiftBox"],"acts_visited":["Exordium","TheCity"],"potions_floor_usage":[16,33],"damage_taken":[{"damage":3,"enemies":"Small Slimes","floor":2,"turns":3},{"damage":1,"enemies":"conspire:RoseBush","floor":4,"turns":4},{"damage":8,"enemies":"downfall:FleeingMerchant","floor":5,"turns":4},{"damage":3,"enemies":"ats:Genji","floor":9,"turns":3},{"damage":10,"enemies":"downfall:Heads","floor":10,"turns":5},{"damage":3,"enemies":"downfall:LooterAlt","floor":11,"turns":3},{"damage":2,"enemies":"Blue Slaver","floor":14,"turns":2},{"damage":4,"enemies":"Exordium Wildlife","floor":15,"turns":3},{"damage":20,"enemies":"IC_STATUS_ARCHETYPE","floor":16,"turns":5},{"damage":0,"enemies":"3 Byrds","floor":19,"turns":3},{"damage":3,"enemies":"Chosen","floor":20,"turns":4},{"damage":18,"enemies":"Centurion and Healer","floor":22,"turns":5},{"damage":3,"enemies":"Snake Plant","floor":25,"turns":2},{"damage":0,"enemies":"Cultist and Chosen","floor":26,"turns":4},{"damage":11,"enemies":"Centurion and Healer","floor":28,"turns":5},{"damage":0,"enemies":"Sentry and Sphere","floor":32,"turns":4},{"damage":52,"enemies":"SI_MIRROR_ARCHETYPE","floor":33,"turns":8}],"seed_played":"5565164324207318727","potions_obtained":[{"floor":9,"key":"Slimebound:SlimedPotion"},{"floor":10,"key":"Fire Potion"},{"floor":15,"key":"DuplicationPotion"}],"is_trial":false,"path_per_floor":["R","M","?","M","$","R","T","?","M","?","M","?","R","M","M","B",null,"R","M","M","?","M","?","T","M","M","R","M","?","R","?","M","B"],"character_chosen":"SLIMEBOUND","items_purchased":[],"campfire_rested":0,"item_purchase_floors":[],"current_hp_per_floor":[65,62,62,61,53,53,53,53,50,40,37,37,37,35,31,11,65,65,65,62,62,44,44,44,41,41,41,30,50,50,50,50,0,0,0],"gold":351,"neow_bonus":"BOSS_RELIC","is_daily":false,"chose_seed":false,"campfire_upgraded":6,"win_rate":0.0,"timestamp":1614287364,"path_taken":["R","M","?","M","$","R","T","?","M","?","M","?","R","M","M","BOSS","R","M","M","?","M","?","T","M","?","R","M","?","R","?","M","BOSS"],"items_purchased_type":[],"build_version":"2020-12-22","purchased_purges":1,"victory":false,"max_hp_per_floor":[65,65,65,65,65,65,65,65,65,65,65,65,65,65,65,65,65,65,65,65,65,65,65,65,65,65,65,65,65,65,65,65,65,65,65],"relic_stats":{"Sozu":3,"counters":[17,64],"obtain_stats":[{"Sozu":17,"SlaversCollar":0,"conspire:GiftBox":24,"LagranYue:RandomDrawCardRelic":0,"Slimebound:AbsorbEndCombat":0,"InkBottle":7},{"Sozu":9,"SlaversCollar":0,"conspire:GiftBox":12,"LagranYue:RandomDrawCardRelic":0,"Slimebound:AbsorbEndCombat":0,"InkBottle":3},{"Sozu":31,"SlaversCollar":0,"conspire:GiftBox":43,"LagranYue:RandomDrawCardRelic":0,"Slimebound:AbsorbEndCombat":0,"InkBottle":11}],"InkBottle":[20]},"card_choices":[{"not_picked":["Slimebound:SlimeSpikes","Slimebound:HungryTackle"],"picked":"Slimebound:LeechingTouch","floor":2},{"not_picked":["Slimebound:Chomp","Slimebound:Prepare"],"picked":"Slimebound:MassRepurpose","floor":4},{"not_picked":["Slimebound:Replication","Slimebound:AcidTongue"],"picked":"Slimebound:Nibble","floor":5},{"not_picked":["Slimebound:Recollect","Slimebound:HauntingLick","Slimebound:SpikyOuterGoop"],"picked":"SKIP","floor":9},{"not_picked":["Slimebound:SplitAcid","Slimebound:SplitMire","Slimebound:RollThrough"],"picked":"SKIP","floor":11},{"not_picked":["Slimebound:SlimeBarrage","Slimebound:GoopSpray","Slimebound:SplitMire"],"picked":"SKIP","floor":14},{"not_picked":["Slimebound:MegaLick","Slimebound:OneTwoCombo"],"picked":"Slimebound:SplitSpecialist","floor":15},{"not_picked":["Slimebound:TagTeam","Slimebound:CheckThePlaybook"],"picked":"Slimebound:Teamwork","floor":16},{"not_picked":["Slimebound:LeechEnergy","Slimebound:Schlurp"],"picked":"Slimebound:SplitMire","floor":19},{"not_picked":["Slimebound:LivingWall","Slimebound:Chomp","Slimebound:Grow"],"picked":"SKIP","floor":20},{"not_picked":["Slimebound:SplitAcid+1","Slimebound:ViciousTackle+1","Slimebound:SamplingLick"],"picked":"SKIP","floor":22},{"not_picked":["Slimebound:OozeBath","Slimebound:SlimeSlap"],"picked":"Slimebound:RallyTheTroops","floor":24},{"not_picked":["Slimebound:SplitLeeching","Slimebound:Nibble","Slimebound:Recollect"],"picked":"SKIP","floor":25},{"not_picked":["Slimebound:MegaLick+1","Slimebound:FinishingTackle","Slimebound:Equalize"],"picked":"SKIP","floor":26},{"not_picked":["Slimebound:LeechEnergy","Slimebound:GoopSpray","Slimebound:LivingWall"],"picked":"SKIP","floor":28},{"not_picked":["Slimebound:Equalize","Slimebound:Replication+1","Slimebound:LevelUp"],"picked":"SKIP","floor":32}],"player_experience":882807,"relics_obtained":[{"floor":7,"key":"InkBottle"},{"floor":24,"key":"conspire:GiftBox"}],"event_choices":[],"is_beta":false,"boss_relics":[{"not_picked":["Calling Bell","bronze:MakeshiftBattery"],"picked":"Sozu"}],"items_purged_floors":[5],"is_endless":false,"potions_floor_spawned":[9,10,15,19,25,26],"killed_by":"SI_MIRROR_ARCHETYPE","ascension_level":0}}