{"host":"g3bty4prdobmknyh","time":1614226741,"event":{"mods":["Act Like it!","Aspiration","BaseMod","Hermit","Minty Spire (QoL Compilation)","Pale of the Ancients","Reliquary","Replay The Spire","Ruina","StSLib","The Blackbeard","The Hierophant"],"gold_per_floor":[114,54,54,69,69,69,99,114,189,189,219,234,264,279,279,379,379,394,394,409,434,449,449,449],"floor_reached":23,"language":"ENG","playtime":1513,"items_purged":[],"score":211,"play_id":"97d6114c-1001-4205-a816-cd8048494787","local_time":"20210224231901","daily_mods":["Heirloom","Purple Cards","DeadlyEvents"],"is_ascension_mode":false,"campfire_choices":[{"data":"hermit:FullyLoaded","floor":6.0,"key":"SMITH"},{"floor":10.0,"key":"REST"},{"floor":15.0,"key":"REST"}],"circlet_count":0,"master_deck":["hermit:Strike_Hermit","hermit:Strike_Hermit","hermit:Strike_Hermit","hermit:Strike_Hermit","hermit:Defend_Hermit+1","hermit:Defend_Hermit","hermit:Snapshot","hermit:Covet","hermit:CalledShot","hermit:Brawl","hermit:Brawl","hermit:Deadeye","hermit:FullyLoaded+1","hermit:Magnum","hermit:BodyArmor+1","hermit:Showdown","hermit:EyeOfTheStorm","hermit:TakeAim","hermit:EternalForm","Beam Cell+1","hermit:Malice"],"relics":["hermit:Momento","Counterbalance","Dead Branch","reliquary:QuartzCube","Regal Pillow","reliquary:BallBearing","aspiration:DefectSkillbook","ruina:Prescript","War Paint"],"acts_visited":["Exordium","Exordium"],"potions_floor_usage":[],"damage_taken":[{"damage":10.0,"enemies":"Cultist","floor":1.0,"turns":4.0},{"damage":8.0,"enemies":"Jaw Worm","floor":4.0,"turns":3.0},{"damage":31.0,"enemies":"Lagavulin","floor":7.0,"turns":6.0},{"damage":5.0,"enemies":"2 Louse","floor":8.0,"turns":3.0},{"damage":16.0,"enemies":"Gremlin Nob","floor":11.0,"turns":4.0},{"damage":4.0,"enemies":"Blue Slaver","floor":12.0,"turns":3.0},{"damage":8.0,"enemies":"Lagavulin","floor":13.0,"turns":5.0},{"damage":0.0,"enemies":"3 Louse","floor":14.0,"turns":4.0},{"damage":30.0,"enemies":"Hexaghost","floor":16.0,"turns":9.0},{"damage":23.0,"enemies":"ruina:Nosferatu","floor":18.0,"turns":4.0},{"damage":22.0,"enemies":"ruina:2_Scarecrows","floor":20.0,"turns":4.0},{"damage":19.0,"enemies":"ruina:QueenOfHate","floor":22.0,"turns":3.0},{"damage":0,"enemies":"ruina:RoadHome","floor":23,"turns":1}],"seed_played":"1986488565424594500","potions_obtained":[{"floor":7.0,"key":"Toxic Potion"},{"floor":8.0,"key":"hermit:Tonic"},{"floor":13.0,"key":"Ancient Potion"},{"floor":14.0,"key":"Weak Potion"},{"floor":18.0,"key":"GamblersBrew"}],"is_trial":false,"path_per_floor":["M","$","?","M","?","R","E","M","T","R","E","M","E","M","R","B",null,"M","?","M","T","M","E"],"character_chosen":"HERMIT","items_purchased":["hermit:Brawl"],"campfire_rested":2,"item_purchase_floors":[2],"current_hp_per_floor":[65,65,65,57,50,50,19,14,14,36,20,16,8,8,45,15,75,52,52,30,30,11,11,11],"gold":449,"neow_bonus":"","is_daily":true,"chose_seed":false,"campfire_upgraded":1,"win_rate":0.0,"timestamp":1614226741,"path_taken":["M","?","?","?","?","R","E","?","T","R","?","M","E","M","R","BOSS","M","?","M","?","?","E"],"items_purchased_type":["Card"],"build_version":"2020-12-22","purchased_purges":0,"victory":false,"max_hp_per_floor":[75,75,75,75,75,75,75,75,75,75,75,75,75,75,75,75,75,75,75,75,75,75,75,75],"card_choices":[{"not_picked":["hermit:Coalescence","hermit:Feint"],"picked":"hermit:CalledShot","floor":1.0},{"not_picked":["hermit:BodyArmor","hermit:Ricochet"],"picked":"hermit:FullyLoaded","floor":4.0},{"not_picked":["hermit:LoneWolf","hermit:Snipe"],"picked":"hermit:Magnum","floor":7.0},{"not_picked":["hermit:Dive","hermit:HoleUp"],"picked":"hermit:BodyArmor","floor":8.0},{"not_picked":["hermit:Feint","hermit:WideOpen"],"picked":"hermit:Showdown","floor":11.0},{"not_picked":["hermit:TakeCover","hermit:LuckOfTheDraw","hermit:GhostlyPresence"],"picked":"SKIP","floor":12.0},{"not_picked":["hermit:CalledShot","hermit:WideOpen"],"picked":"hermit:EyeOfTheStorm","floor":13.0},{"not_picked":["hermit:BigShot","hermit:FinalCanter"],"picked":"hermit:TakeAim","floor":14.0},{"not_picked":["hermit:Reprieve","hermit:HeroicBravado"],"picked":"hermit:EternalForm","floor":16.0},{"not_picked":["BasicCrystalCard","Ball Lightning","ReplayTheSpireMod:System Scan+1","hermit:PistolWhip"],"picked":"SKIP","floor":18.0},{"not_picked":["Scrape","hermit:BodyArmor","Compile Driver"],"picked":"Beam Cell+1","floor":20.0},{"not_picked":["hermit:Maintenance","Darkness","Recycle"],"picked":"hermit:Malice","floor":22.0}],"player_experience":953686,"relics_obtained":[{"floor":7.0,"key":"Dead Branch"},{"floor":9.0,"key":"reliquary:QuartzCube"},{"floor":11.0,"key":"Regal Pillow"},{"floor":13.0,"key":"reliquary:BallBearing"},{"floor":21.0,"key":"War Paint"}],"event_choices":[{"damage_healed":0.0,"max_hp_gain":0.0,"max_hp_loss":0.0,"gold_gain":0.0,"cards_transformed":["hermit:Defend_Hermit"],"event_name":"Transmorgrifier","player_choice":"Transformed","floor":3.0,"gold_loss":0.0,"damage_taken":0.0,"cards_obtained":["hermit:Deadeye"]},{"cards_removed":["hermit:Defend_Hermit"],"damage_healed":0.0,"max_hp_gain":0.0,"max_hp_loss":0.0,"gold_gain":0.0,"event_name":"Golden Wing","player_choice":"Card Removal","floor":5.0,"gold_loss":0.0,"damage_taken":7.0}],"is_beta":false,"boss_relics":[{"not_picked":["aspiration:PoetsPen_weak","Honey Jar"],"picked":"aspiration:DefectSkillbook"}],"items_purged_floors":[],"is_endless":false,"potions_floor_spawned":[7,8,13,14,18],"killed_by":"ruina:RoadHome","ascension_level":0}}