{"host":"9oysz4knkucnjyyz","time":1614226913,"event":{"mods":["100% Spire Juice","2.2 Compatiblity","A Penny For Your Troubles","Act Like it!","BaseMod","Better Altar","Better Match","Better Note","Better Sensory Stone","Better Skull","Better Third Choice","BetterRewards","Displayed Cursed Tome","Downfall","Friendly Minions","Googly Eyes","GungeonMod","Hallownest","Hermit","Library of Ruina","Library of Ruina Extra","Lobotomy","LobotomyExtend","Minty Spire (QoL Compilation)","Reliquary","Spicy Shops","Spire Arcade","Spire Birthday Party","StSLib","The Bug Knight","Wide Potions","everything is the same but u backflip on backflip","slay the spire mod where everything is the same but ironclad has a cowboy hat"],"gold_per_floor":[274,289,303,322,60,95,95,123,123,123,138,149,161,175,175,274,274,285,300,300,81,81,116,116,131,131,131,131,142,154,167,180,180,180,280,280,300,314,328,328,346,346,360,58,140,140,170,182,182,182,182,182,182],"floor_reached":52,"language":"ENG","playtime":2074,"items_purged":["EnergyConversion"],"score":647,"play_id":"8e2dc628-4914-4e34-a3c7-e00bd67a2583","local_time":"20210224232153","is_ascension_mode":false,"campfire_choices":[{"data":"DegradedShockwave","floor":10,"key":"SMITH"},{"data":"SenseQuarry","floor":15,"key":"SMITH"},{"data":"DegradedLock","floor":24,"key":"SMITH"},{"data":"DegradedChain","floor":27,"key":"SMITH"},{"data":"Tttonst","floor":33,"key":"SMITH"},{"data":"Faith","floor":42,"key":"SMITH"},{"data":"CleanUp","floor":46,"key":"SMITH"},{"data":"FrontalAssault","floor":49,"key":"SMITH"},{"data":"CrackOfDawn","floor":51,"key":"SMITH"}],"circlet_count":0,"master_deck":["BodiesMountain","BigBird","LongBird","DegradedFairy","DegradedFairy","DegradedFairy","DegradedChain+1","DegradedChain","DegradedLock+1","DegradedPillar","DegradedPillar","DegradedShockwave+1","OSAHOGD","WallGazer","FrontalAssault+1","Scorched","HardRehearsal","SenseQuarry+1","SavageMode","Commandeering","Duel_lor+1","MHz","Tttonst+1","BlackArmy","DemoMod:Elimentaler","RedShoes","Commandeering","LaLuna","GoinFirst","Wellcheers","Faith+1","NothingThere","CleanUp+1","Suppress","CrackOfDawn+1"],"relics":["PageOfLibrarian","CogitoBucket","RabbitCall","LetterFromLob","PageOfBloodbath","PageOfDeadButterflies","Ornamental Fan","DemoMod:BlueGuonStone","BackwardClock","reliquary:RedCape","SkinProphecy","reliquary:ExpiredCoupon","PageOfScarecrow","HellTrain","DemoMod:RatBoots","DemoMod:ResourcefulSack","DemoMod:PartiallyEatenCheese","reliquary:Ember","reliquary:Craggleroot","DemoMod:PoisonVial","HandDrill","PageOfGreed","PageOfTheQueenOfHatred","Blue Candle","Justitia_r","Lamp_r","TheSmile_r"],"acts_visited":["Exordium","TheCity","TheCity","TheBeyond"],"potions_floor_usage":[11,30,30,52,52],"damage_taken":[{"damage":0,"enemies":"Small Slimes","floor":1,"turns":1},{"damage":0,"enemies":"Jaw Worm","floor":2,"turns":1},{"damage":0,"enemies":"Cultist","floor":3,"turns":1},{"damage":2,"enemies":"Blue Slaver","floor":4,"turns":2},{"damage":2,"enemies":"3 Sentries","floor":6,"turns":2},{"damage":2,"enemies":"Gremlin Nob","floor":8,"turns":2},{"damage":2,"enemies":"3 Louse","floor":11,"turns":3},{"damage":0,"enemies":"Large Slime","floor":12,"turns":1},{"damage":2,"enemies":"Looter","floor":13,"turns":1},{"damage":0,"enemies":"Blue Slaver","floor":14,"turns":2},{"damage":3,"enemies":"The Guardian","floor":16,"turns":4},{"damage":6,"enemies":"Shell Parasite","floor":18,"turns":6},{"damage":5,"enemies":"Chosen","floor":19,"turns":2},{"damage":0,"enemies":"Gremlin Leader","floor":23,"turns":2},{"damage":2,"enemies":"Snake Plant","floor":25,"turns":2},{"damage":0,"enemies":"DemoMod:4_Bullet_Kins_with_one_veteran","floor":29,"turns":1},{"damage":62,"enemies":"DemoMod:Veteran_shot_gun_kin_and_bullet_kin","floor":30,"turns":10},{"damage":0,"enemies":"DemoMod:Veteran_shot_gun_kin_and_red_shotgun_kin_with_gunsinger","floor":31,"turns":1},{"damage":14,"enemies":"DemoMod:Veteran_shot_gun_kin_and_blue_shotgun_kin_with_gunsinger","floor":32,"turns":2},{"damage":21,"enemies":"DemoMod:ResourcefulRat","floor":35,"turns":7},{"damage":2,"enemies":"3 Darklings","floor":37,"turns":1},{"damage":1,"enemies":"Orb Walker","floor":38,"turns":1},{"damage":2,"enemies":"3 Darklings","floor":39,"turns":1},{"damage":2,"enemies":"Jaw Worm Horde","floor":41,"turns":2},{"damage":3,"enemies":"HollowMod:SlobberingHusk","floor":43,"turns":3},{"damage":33,"enemies":"Reptomancer","floor":47,"turns":2},{"damage":29,"enemies":"Writhing Mass","floor":48,"turns":2},{"damage":263,"enemies":"FixerMidnight","floor":52,"turns":7}],"seed_played":"3749248296661771967","potions_obtained":[{"floor":2,"key":"SteroidPotion"},{"floor":11,"key":"hexamod:SoulburnPotion"},{"floor":12,"key":"BlessingOfTheForge"},{"floor":14,"key":"Block Potion"},{"floor":16,"key":"Fire Potion"},{"floor":29,"key":"Explosive Potion"},{"floor":32,"key":"BlessingOfTheForge"},{"floor":38,"key":"AttackPotion"},{"floor":43,"key":"PowerPotion"},{"floor":47,"key":"DuplicationPotion"}],"is_trial":false,"path_per_floor":["M","M","M","M","$","E","?","E","T","R","M","M","M","M","R","B",null,"M","M","?","$","?","E","R","M","T","R","M","M","M","M","M","R","B","B",null,"M","M","M","?","M","R","M","$","T","R","E","M","R","?","R","B"],"character_chosen":"Librarian","items_purchased":["PageOfBloodbath","DemoMod:GnawedKey","reliquary:ExpiredCoupon","DemoMod:PoisonVial","HandDrill"],"campfire_rested":0,"item_purchase_floors":[5,5,21,44,44],"current_hp_per_floor":[60,60,60,58,58,56,61,59,59,59,57,57,55,55,55,64,95,89,81,81,81,81,77,77,72,101,101,101,97,107,103,89,89,80,102,115,109,104,98,98,123,123,125,125,125,125,127,115,115,110,110,0,0],"gold":182,"neow_bonus":"","is_daily":false,"chose_seed":false,"campfire_upgraded":9,"win_rate":0.0,"timestamp":1614226913,"path_taken":["M","M","M","M","$","E","?","E","T","R","M","M","M","M","R","BOSS","M","M","?","$","?","E","R","M","T","R","M","M","M","M","M","R","BOSS","BOSS","M","M","M","?","M","R","M","$","T","R","E","M","R","?","R","BOSS"],"items_purchased_type":["Relic","Relic","Relic","Relic","Relic"],"build_version":"2020-12-22","purchased_purges":1,"victory":false,"max_hp_per_floor":[90,90,90,90,90,90,95,95,95,95,95,95,95,95,95,95,95,95,97,97,97,97,99,99,101,101,101,101,103,107,109,111,111,113,115,115,117,119,121,121,123,123,125,125,125,125,127,129,129,129,129,131,131],"card_choices":[{"not_picked":["MeatLantern","PunishingBird","Murderer"],"picked":"Singing Bowl","floor":1},{"not_picked":["Yin","Wellcheers"],"picked":"OSAHOGD","floor":1},{"not_picked":["SharpSwipe","SparkingSpear","HiddenBlade","Wallop_lor","Thrust","EnergyStrike","ExtremeEdge","Outburst","StructuralAnalysis"],"picked":"SKIP","floor":1},{"not_picked":["Murderer","LittlePrince","Laetitia"],"picked":"Singing Bowl","floor":2},{"not_picked":["Wellcheers","NakedNest"],"picked":"WallGazer","floor":2},{"not_picked":["Quickness","RushDown","Parry2","HiddenBlade","SummaryJudgment","UnforgettableMelody","HighKick","EnergyCycle"],"picked":"FrontalAssault","floor":2},{"not_picked":["Bloodbath","CherryBlossoms"],"picked":"Scorched","floor":3},{"not_picked":["UncannyStrike","Ripple","ButterflySlash","GuidanceOfTheGears","QuickAttack","Standoff","LossOfSenses","DeepDrag","BackstreetsDash"],"picked":"SKIP","floor":3},{"not_picked":["Alriune","SpiderBud","FairyFestival"],"picked":"Singing Bowl","floor":4},{"not_picked":["WillOfThePrescript","HiddenBlade","Marionette","Eliminate","ForcefulGesture","Quickness","AutonomousRush","ReadyUp","MultiBlock"],"picked":"SKIP","floor":4},{"not_picked":["UniverseFragment","CrumblingArmor"],"picked":"BigBird","floor":6},{"not_picked":["FierceCharge","BiAn","YoureTooSlow","QuickSuppression","SharpenedBlade","Outburst","RushDown","RipSpace"],"picked":"HardRehearsal","floor":6},{"not_picked":["QueenOfHatred","CherryBlossoms","ShyLook"],"picked":"Singing Bowl","floor":8},{"not_picked":["Reload","Thrust","StructuralAnalysis","VioletBlade","LossOfSenses","Castigation","ReadyUp","SweepTheBackstreets","Wallop_lor"],"picked":"SKIP","floor":8},{"not_picked":["VoidDream","CherryBlossoms","MHz"],"picked":"Singing Bowl","floor":11},{"not_picked":["StrongStrike","Wallop_lor","TraceOfFumes","Execute_lor","Multislash","Transpierce","GreatSerpentsImpact","UnavoidableGaze","Pound"],"picked":"SKIP","floor":11},{"not_picked":["MHz","GalaxyChild","UniverseFragment"],"picked":"Singing Bowl","floor":12},{"not_picked":["Rampage_lor","FierceCharge","UnavoidableGaze","YoureAHindrance","Diversion","AsThePrescriptOrders","SnakesPrey","BiAn"],"picked":"SenseQuarry","floor":12},{"not_picked":["OldLady","BeautyBeast"],"picked":"CENSORED","floor":13},{"not_picked":["Rewind","WillOfThePrescript","HighKick","QuickAttack","PreemptiveStrike","EnergyCycle","FervidEmotions","Overpower"],"picked":"EnergyConversion","floor":13},{"not_picked":["PunishingBird","SingingMachine","Bloodbath"],"picked":"Singing Bowl","floor":14},{"not_picked":["Unlock1","SharpSwipe","PinpointShot","Riposte","ButterflySlash","FocusFire","ShockRound","FierceCharge","FieryDragonSlash"],"picked":"SKIP","floor":14},{"not_picked":["Mercenary","ShyLook","QueenOfHatred"],"picked":"Singing Bowl","floor":16},{"not_picked":["BlazingStrike","SenseQuarry"],"picked":"SavageMode","floor":16},{"not_picked":["CherryBlossoms","Wellcheers","MHz"],"picked":"Singing Bowl","floor":18},{"not_picked":["GuardingStance+1","InnerArdor","HandleRequest","DarkCloud+1","NonstopAssault","ViolentFlame","CoordinatedAssault","Concentration"],"picked":"Commandeering","floor":18},{"not_picked":["MeatLantern","Bloodbath","SnowQueen"],"picked":"Singing Bowl","floor":19},{"not_picked":["SpiderBud","GreedKing"],"picked":"LongBird","floor":19},{"not_picked":["VioletBlade","SunsetBlade","EnergyCycle+1","BurningFlash","GutHarvesting","QuickSuppression","Diversion+1","WillBeTasty","GuardingStance+1"],"picked":"SKIP","floor":19},{"not_picked":["FieryBird","Wellcheers"],"picked":"BlueStar","floor":23},{"not_picked":["ExtractFuel","SmokingPipe","SweepTheBackstreets","Faith","Rewind","Pound+1","Creak+1","FlashOfSunup","Standoff+1"],"picked":"SKIP","floor":23},{"not_picked":["MeatLantern","Variant","OldLady"],"picked":"Singing Bowl","floor":25},{"not_picked":["StructuralAnalysis","Standoff","FlashOfSunup","SnakesPrey","Outburst+1","SharpenedBlade","AutomatedMovement","Decapitation","ClassAndRespect"],"picked":"SKIP","floor":25},{"not_picked":["CherryBlossoms","FairyFestival","SilentOrchestra"],"picked":"Singing Bowl","floor":29},{"not_picked":["UnavoidableGaze","YoureTooSlow","SuppressingShot+1","Bvapour","BurningFlash","SunsetBlade","FendThisOffIfYouCan+1","ClassAndRespect"],"picked":"Duel_lor+1","floor":29},{"not_picked":["PunishingBird","Wellcheers"],"picked":"MHz","floor":30},{"not_picked":["Pound","ChiWen","Unlock1","TimeForALittleTest","DriedUp","Track+1","GreatSerpentsImpact","Collision"],"picked":"Tttonst","floor":30},{"not_picked":["GalaxyChild","BigBadWolf"],"picked":"BlackArmy","floor":31},{"not_picked":["EndlessBattle+1","PinpointShot","NonstopAssault+1","IllEndYou+1","FleetFootsteps+1","QuickSuppression+1","FierceCharge+1","SilentNight","Parry+1"],"picked":"SKIP","floor":31},{"not_picked":["SpiderBud","Scarecrow","VoidDream"],"picked":"Singing Bowl","floor":32},{"not_picked":["SpearedSweep","QuickAttack+1","NightInTheBackstreets","SunsetBlade+1","Diversion","Duel_lor+1","InkOver+1","Castigation","FleetFootsteps+1"],"picked":"SKIP","floor":32},{"not_picked":[],"picked":"DemoMod:Elimentaler","floor":35},{"not_picked":["UniverseFragment","Freischutz"],"picked":"RedShoes","floor":35},{"not_picked":["Tttonst","GoinFirst"],"picked":"Commandeering","floor":35},{"not_picked":["LittlePrince","VoidDream"],"picked":"LaLuna","floor":37},{"not_picked":["IronWall","SunsetBlade","Eject","TendonChords+1","Parry+1","EnergyStrike","SnakesPrey+1","DesperateStruggle"],"picked":"GoinFirst","floor":37},{"not_picked":["SnowQueen","LittleHelper","Mercenary"],"picked":"Singing Bowl","floor":38},{"not_picked":["SpiderBud","FairyFestival"],"picked":"Wellcheers","floor":38},{"not_picked":["MultiHit","PinpointShot","Retaliate","StructuralAnalysis+1","DevastatingThrash","SharpSwipe+1","QuickSuppression+1","Wallop_lor+1"],"picked":"Faith","floor":38},{"not_picked":["HeroicMonk","Alriune","BeautyBeast"],"picked":"Singing Bowl","floor":39},{"not_picked":["SingingMachine","BeautyBeast"],"picked":"NothingThere","floor":39},{"not_picked":["DefenseOrder+1","ToWhereThePrescriptPoints","AsThePrescriptOrders+1","SetFire+1","SharpSwipe+1","Standoff","WillOfThePrescript+1","MultiHit"],"picked":"CleanUp","floor":39},{"not_picked":["Bloodbath","Yin"],"picked":"BodiesMountain","floor":41},{"not_picked":["FieryWaltz","ICanCookAnything","DefenseOrder+1","EnergyCycle+1","CutIn+1","CombatPreparation+1","Outburst+1","RhinoRam+1"],"picked":"Suppress","floor":41},{"not_picked":["FieryBird","Woodsman","FairyFestival"],"picked":"Singing Bowl","floor":43},{"not_picked":["Faith+1","StructuralAnalysis","SinglePointStab","UnavoidableGaze","MindPrepared+1","CoordinatedAssault+1","EnergyShield","SnakesPrey","Gigigig"],"picked":"SKIP","floor":43},{"not_picked":["BigBadWolf","Scarecrow","Porccubus"],"picked":"Singing Bowl","floor":47},{"not_picked":["Riposte+1","LeRegole","AlloutWar+1","MindPrepared","ViolentFlame+1","SearingSword+1","Reload","ScratchThat"],"picked":"CrackOfDawn","floor":47},{"not_picked":["Scarecrow","Variant","PunishingBird"],"picked":"Singing Bowl","floor":48},{"not_picked":["SinglePointStab+1","StructuralAnalysis+1","BackAttack","DefenseOrder+1","ToWhereThePrescriptPoints","HighKick+1","PreemptiveStrike","FierceCharge","SnakesPrey"],"picked":"SKIP","floor":48}],"player_experience":384398,"relics_obtained":[{"floor":1,"key":"LetterFromLob"},{"floor":6,"key":"PageOfDeadButterflies"},{"floor":8,"key":"Ornamental Fan"},{"floor":9,"key":"DemoMod:BlueGuonStone"},{"floor":23,"key":"PageOfScarecrow"},{"floor":36,"key":"DemoMod:RatBoots"},{"floor":36,"key":"DemoMod:ResourcefulSack"},{"floor":36,"key":"DemoMod:PartiallyEatenCheese"},{"floor":36,"key":"reliquary:Ember"},{"floor":36,"key":"reliquary:Craggleroot"},{"floor":45,"key":"PageOfGreed"},{"floor":47,"key":"PageOfTheQueenOfHatred"}],"event_choices":[{"damage_healed":0,"gold_gain":0,"player_choice":"Donut","damage_taken":0,"max_hp_gain":5,"max_hp_loss":0,"event_name":"Big Fish","floor":7,"gold_loss":0},{"damage_healed":0,"gold_gain":0,"player_choice":"Ignored","damage_taken":0,"max_hp_gain":0,"max_hp_loss":0,"event_name":"betterNote:BetterNote","floor":20,"gold_loss":0,"cards_obtained":["SuanNi"]},{"damage_healed":0,"gold_gain":0,"player_choice":"Ignored","damage_taken":0,"max_hp_gain":0,"max_hp_loss":0,"event_name":"Tomb of Lord Red Mask","floor":40,"gold_loss":0}],"is_beta":false,"boss_relics":[{"not_picked":["Busted Crown","Runic Pyramid"],"picked":"reliquary:RedCape"},{"not_picked":[]}],"items_purged_floors":[21],"is_endless":false,"potions_floor_spawned":[2,11,12,14,16,25,29,32,38,43,47,48],"killed_by":"FixerMidnight","ascension_level":0}}