{"host":"ix852c3kagn44fat","time":1614287084,"event":{"mods":["AchievementEnabler","BaseMod","BetterRewards","Colored Map","Colored Powertips","Downfall","Hermit","Hubris","Infinite Spire","Marisa????????","Minty Spire (QoL Compilation)","Replay The Spire","Shop Mod","StSLib","SuperFastMode","The Cursed","The Hierophant","The Jungle","The Mystic","The Servant 0.9.4"],"gold_per_floor":[165,74,86,103,118,150,150,165,165,165,255,255,265,290,303,399,399,399,416,416,431,431,466,466,500,500,512,512,527,545,564,582,683,683,683,701,719,719,769,769,769,803,816,850,861,878,878,878,895,895,895,895],"floor_reached":50,"language":"ENG","playtime":13252,"items_purged":[],"score":710,"play_id":"31ddea67-455f-4db8-9a36-448d6bb75a4d","local_time":"20210225220444","is_ascension_mode":false,"campfire_choices":[{"floor":10.0,"key":"REST"},{"floor":12.0,"key":"REST"},{"data":"Slimebound:Overexert","floor":18.0,"key":"SMITH"},{"floor":28.0,"key":"REST"},{"data":"Slimebound:Split","floor":35.0,"key":"SMITH"},{"data":"Slimebound:OozeBath","floor":40.0,"key":"SMITH"},{"floor":47.0,"key":"REST"}],"circlet_count":0,"master_deck":["Slimebound:Strike_Slimebound","Slimebound:Strike_Slimebound","Slimebound:Tackle","Slimebound:Defend_Slimebound+1","Slimebound:Defend_Slimebound","Slimebound:Defend_Slimebound","Slimebound:Split+1","Slimebound:CorrosiveSpit","Slimebound:Gluttony","Slimebound:LevelUp","Slimebound:SplitAcid","Slimebound:PressTheAttack","Slimebound:SplitBruiser","Slimebound:SplitAcid","Slimebound:SplitLeeching","Slimebound:SlimeSpikes+1","Slimebound:ProtectTheBoss","Slimebound:LivingWall","Slimebound:Schlurp","Slimebound:Repurpose","Slimebound:Overexert+1","downfall:Haunted","Slimebound:FormOfPuddle+1","Slimebound:MegaLick+1","Slimebound:SplitAcid","Slimebound:ForwardTackle","Replay:SS_forest_2","Slimebound:SlimeBrawl+1","Slimebound:LeechingTouch","Slimebound:SpikyOuterGoop","Slimebound:RollThrough","Slimebound:Nibble","Slimebound:SelfFormingGoo","Slimebound:OozeBath+1","Slimebound:Repurpose+1","Slimebound:ItLooksTasty+1","Slimebound:LeechingTouch+1","Slimebound:LeadByExample+1","Slimebound:LevelUp+1","Slimebound:SplitBruiser+1","Slimebound:GoopSpray+1"],"relics":["Slimebound:AbsorbEndCombat","infinitespire:Joker Card","hubris:Potato","ReplayTheSpireMod:Ring of Addiction","Ring of Panic","White Beast Statue","SacredBark","Astrolabe","downfall:RedIOU","Girya","hubris:SlimyHat","War Paint","hubris:Backtick","PreservedInsect","hubris:MobiusCoin","infinitespire:Lychee Nut","Replay:Multitool","Happy Flower","Ornamental Fan"],"acts_visited":["Exordium","TheCity","TheBeyond"],"potions_floor_usage":[49,49,50,50],"damage_taken":[{"damage":0.0,"enemies":"downfall:FleeingMerchant","floor":2.0,"turns":4.0},{"damage":5.0,"enemies":"2 Louse","floor":3.0,"turns":4.0},{"damage":9.0,"enemies":"Small Slimes","floor":4.0,"turns":3.0},{"damage":9.0,"enemies":"Jaw Worm","floor":5.0,"turns":4.0},{"damage":38.0,"enemies":"Gremlin Nob","floor":6.0,"turns":4.0},{"damage":18.0,"enemies":"Lots of Slimes","floor":8.0,"turns":3.0},{"damage":0.0,"enemies":"Gremlin Gang","floor":13.0,"turns":3.0},{"damage":6.0,"enemies":"Lagavulin","floor":14.0,"turns":6.0},{"damage":4.0,"enemies":"Exordium Thugs","floor":15.0,"turns":3.0},{"damage":0.0,"enemies":"IC_STATUS_ARCHETYPE","floor":16.0,"turns":7.0},{"damage":0.0,"enemies":"Spheric Guardian","floor":19.0,"turns":3.0},{"damage":10.0,"enemies":"Chosen","floor":21.0,"turns":4.0},{"damage":30.0,"enemies":"Gremlin Leader","floor":23.0,"turns":7.0},{"damage":23.0,"enemies":"Slavers","floor":25.0,"turns":4.0},{"damage":0.0,"enemies":"Snake Plant","floor":26.0,"turns":2.0},{"damage":6.0,"enemies":"Snecko","floor":27.0,"turns":5.0},{"damage":10.0,"enemies":"3 Cultists","floor":29.0,"turns":5.0},{"damage":0.0,"enemies":"Snake Plant","floor":30.0,"turns":3.0},{"damage":0.0,"enemies":"Snecko","floor":31.0,"turns":5.0},{"damage":9.0,"enemies":"Centurion and Healer","floor":32.0,"turns":7.0},{"damage":31.0,"enemies":"WA_ARCHETYPE_CALM","floor":33.0,"turns":8.0},{"damage":13.0,"enemies":"Orb Walker","floor":36.0,"turns":5.0},{"damage":0.0,"enemies":"3 Darklings","floor":37.0,"turns":5.0},{"damage":0.0,"enemies":"3 Darklings","floor":39.0,"turns":3.0},{"damage":0.0,"enemies":"Nemesis","floor":42.0,"turns":2.0},{"damage":20.0,"enemies":"Maw","floor":43.0,"turns":7.0},{"damage":45.0,"enemies":"Nightmare","floor":44.0,"turns":7.0},{"damage":0.0,"enemies":"Transient","floor":45.0,"turns":5.0},{"damage":5.0,"enemies":"Jaw Worm Horde","floor":46.0,"turns":4.0},{"damage":22,"enemies":"Sphere and 2 Shapes","floor":49,"turns":4},{"damage":27,"enemies":"DF_ARCHETYPE_ORBS","floor":50,"turns":2}],"seed_played":"2584725533483862659","potions_obtained":[{"floor":3.0,"key":"LiquidBronze"},{"floor":4.0,"key":"FearPotion"},{"floor":8.0,"key":"BlessingOfTheForge"},{"floor":9.0,"key":"Block Potion"},{"floor":15.0,"key":"EssenceOfSteel"},{"floor":16.0,"key":"Weak Potion"},{"floor":19.0,"key":"Slimebound:SlimyTonguePotion"},{"floor":21.0,"key":"bronze:BurnAndBuffPotion"},{"floor":23.0,"key":"champ:CounterPotion"},{"floor":25.0,"key":"SmokeBomb"},{"floor":27.0,"key":"Dexterity Potion"},{"floor":29.0,"key":"SkillPotion"},{"floor":30.0,"key":"Weak Potion"},{"floor":31.0,"key":"Adrenaline Potion"},{"floor":32.0,"key":"AttackPotion"},{"floor":33.0,"key":"Death Potion"},{"floor":36.0,"key":"DuplicationPotion"},{"floor":37.0,"key":"DuplicationPotion"},{"floor":39.0,"key":"Cursed Concoction"},{"floor":42.0,"key":"Slimebound:SlimedPotion"},{"floor":43.0,"key":"Strength Potion"},{"floor":44.0,"key":"Slimebound:ThreeZeroPotion"},{"floor":45.0,"key":"Slimebound:SlimedPotion"},{"floor":46.0,"key":"LiquidBronze"},{"floor":48.0,"key":"Strength Potion"},{"floor":49,"key":"Slimebound:SpawnSlimePotion"}],"is_trial":false,"path_per_floor":["R_BF","$","M","M","M","E","T","M","?","R","?","R","M","E","M","B",null,"R","M","?","M","?","E","T","E","M","M","R","M","M","M","M","B",null,"R","M","M","?","?","R","T","E","M","NM","M","M","R","?","M","B"],"character_chosen":"SLIMEBOUND","items_purchased":["Slimebound:LevelUp"],"campfire_rested":4,"item_purchase_floors":[2],"current_hp_per_floor":[71,71,70,65,60,26,26,8,8,29,12,33,33,29,29,37,73,73,73,71,63,63,41,41,20,20,20,40,38,40,44,41,18,69,69,58,66,66,50,50,50,50,32,1,15,18,33,33,19,0,0,0],"gold":895,"neow_bonus":"TEN_PERCENT_HP_BONUS","is_daily":false,"chose_seed":false,"campfire_upgraded":3,"win_rate":0.0,"timestamp":1614287084,"path_taken":["R_BF","$","M","M","M","E","T","M","?","R","?","R","M","E","M","BOSS","R","M","?","M","?","E","T","E","M","M","R","?","M","?","M","BOSS","R","M","M","?","?","R","T","E","M","NM","M","M","R","?","M","BOSS"],"items_purchased_type":["Card"],"build_version":"2020-12-22","purchased_purges":0,"victory":false,"max_hp_per_floor":[71,71,71,71,71,71,71,71,71,71,71,71,69,69,69,67,73,73,73,71,71,71,69,69,69,69,69,69,69,69,69,69,69,69,69,69,67,67,50,50,50,50,50,50,50,50,50,50,50,50,50,50],"card_choices":[{"not_picked":["Slimebound:GoopSpray","Slimebound:BestDefense"],"picked":"Slimebound:Gluttony","floor":2.0},{"not_picked":["Slimebound:BestDefense","Slimebound:RejuvenatingLick"],"picked":"Slimebound:SplitAcid","floor":3.0},{"not_picked":["Slimebound:AcidTongue","Slimebound:Repurpose"],"picked":"Slimebound:PressTheAttack","floor":4.0},{"not_picked":["Slimebound:ProtectTheBoss","Slimebound:BestDefense"],"picked":"Slimebound:SplitBruiser","floor":5.0},{"not_picked":["Slimebound:SlimeTap","Slimebound:Replication"],"picked":"Slimebound:SplitAcid","floor":6.0},{"not_picked":["Slimebound:SplitMire","Slimebound:ItLooksTasty"],"picked":"Slimebound:SplitLeeching","floor":8.0},{"not_picked":["Slimebound:TongueLash","Slimebound:SplitBruiser"],"picked":"Slimebound:SlimeSpikes","floor":11.0},{"not_picked":["Slimebound:TongueLash","Slimebound:SplitLeeching"],"picked":"Slimebound:ProtectTheBoss","floor":11.0},{"not_picked":["Slimebound:Prepare","Slimebound:DouseInSlime"],"picked":"Slimebound:LivingWall","floor":11.0},{"not_picked":["Slimebound:PressTheAttack","Slimebound:LevelUp"],"picked":"Slimebound:Schlurp","floor":13.0},{"not_picked":["Slimebound:RollThrough","Slimebound:Replication"],"picked":"Slimebound:Repurpose","floor":14.0},{"not_picked":["Slimebound:FinishingTackle","Slimebound:SplitAcid","Slimebound:ComboTackle"],"picked":"SKIP","floor":15.0},{"not_picked":["Slimebound:DuplicatedForm","Slimebound:DouseInSlime"],"picked":"Slimebound:Overexert","floor":16.0},{"not_picked":["Slimebound:Dissolve","Slimebound:SplitMire"],"picked":"Slimebound:SplitAcid","floor":19.0},{"not_picked":["Slimebound:ItLooksTasty","Slimebound:Grow+1"],"picked":"Slimebound:ForwardTackle","floor":21.0},{"not_picked":["Slimebound:GoopSpray","Slimebound:RollThrough"],"picked":"Slimebound:SlimeBrawl+1","floor":23.0},{"not_picked":["Slimebound:Dissolve","Slimebound:FlameTackle","Slimebound:HauntingLick"],"picked":"SKIP","floor":25.0},{"not_picked":["Slimebound:SplitBruiser","Slimebound:ForwardTackle"],"picked":"Slimebound:LeechingTouch","floor":27.0},{"not_picked":["Slimebound:FormOfPuddle","Slimebound:SplitBruiser"],"picked":"Slimebound:SpikyOuterGoop","floor":29.0},{"not_picked":["Slimebound:Chomp+1","Slimebound:ViciousTackle"],"picked":"Slimebound:RollThrough","floor":30.0},{"not_picked":["Slimebound:SplitBruiser+1","Slimebound:FormOfPuddle"],"picked":"Slimebound:Nibble","floor":31.0},{"not_picked":["Slimebound:SamplingLick","Slimebound:Replication"],"picked":"Slimebound:SelfFormingGoo","floor":32.0},{"not_picked":["Slimebound:OneTwoCombo","Slimebound:Overexert"],"picked":"Slimebound:OozeBath","floor":33.0},{"not_picked":["Slimebound:LeechEnergy+1","Slimebound:SplitLeeching+1"],"picked":"Slimebound:Repurpose+1","floor":36.0},{"not_picked":["Slimebound:SlimeBrawl","Slimebound:BestDefense+1"],"picked":"Slimebound:ItLooksTasty+1","floor":37.0},{"not_picked":["Slimebound:Chomp","Slimebound:ViciousTackle+1"],"picked":"Slimebound:LeechingTouch+1","floor":39.0},{"not_picked":["Slimebound:HauntingLick","Slimebound:TongueLash"],"picked":"Slimebound:LeadByExample+1","floor":42.0},{"not_picked":["Slimebound:Schlurp+1","Slimebound:SplitLeeching+1"],"picked":"Slimebound:LevelUp+1","floor":43.0},{"not_picked":["Slimebound:PressTheAttack","Slimebound:SplitLeeching"],"picked":"Slimebound:SplitBruiser+1","floor":44.0},{"not_picked":["Slimebound:DisruptingSlam+1","Slimebound:RollThrough","Slimebound:Grow+1"],"picked":"SKIP","floor":45.0},{"not_picked":["Slimebound:GrowthPunch+1","Slimebound:SlimeSpikes"],"picked":"Slimebound:GoopSpray+1","floor":46.0},{"not_picked":["Slimebound:ItLooksTasty+1","Slimebound:SlimeBrawl+1","Slimebound:GoopTackle+1"],"picked":"SKIP","floor":49}],"player_experience":9987,"relics_obtained":[{"floor":6.0,"key":"infinitespire:Joker Card"},{"floor":7.0,"key":"hubris:Potato"},{"floor":9.0,"key":"ReplayTheSpireMod:Ring of Addiction"},{"floor":9.0,"key":"Ring of Panic"},{"floor":9.0,"key":"White Beast Statue"},{"floor":9.0,"key":"SacredBark"},{"floor":14.0,"key":"Darkstone Periapt"},{"floor":23.0,"key":"Girya"},{"floor":24.0,"key":"hubris:SlimyHat"},{"floor":25.0,"key":"War Paint"},{"floor":38.0,"key":"hubris:MobiusCoin"},{"floor":39.0,"key":"infinitespire:Lychee Nut"},{"floor":41.0,"key":"Replay:Multitool"},{"floor":42.0,"key":"Happy Flower"},{"floor":44.0,"key":"Ornamental Fan"}],"event_choices":[{"damage_healed":0.0,"max_hp_gain":0.0,"max_hp_loss":0.0,"gold_gain":0.0,"event_name":"The Library","player_choice":"Read","floor":22.0,"gold_loss":0.0,"damage_taken":0.0,"cards_obtained":["Replay:SS_forest_2"]},{"damage_healed":0.0,"max_hp_gain":0.0,"max_hp_loss":0.0,"gold_gain":0.0,"event_name":"Lab","player_choice":"Got Potions","floor":48.0,"gold_loss":0.0,"damage_taken":0.0}],"is_beta":false,"boss_relics":[{"not_picked":["Painkiller Herb","Replay:Ancient Bell"],"picked":"Astrolabe"},{"not_picked":["hubris:HollowSoul","hubris:TerracottaHorce"],"picked":"hubris:Backtick"}],"items_purged_floors":[],"is_endless":false,"potions_floor_spawned":[3,4,8,13,14,15,16,19,21,23,25,26,27,29,30,31,32,33,36,37,39,42,43,44,45,46,49],"killed_by":"DF_ARCHETYPE_ORBS","ascension_level":0}}