{"host":"ovcza0gnr2tscsgg","time":1614249326,"event":{"mods":["BaseMod","Colored Powertips","Marisa£®ÏF”Í°°ƒß¿Ì…≥£©","Minty Spire (QoL Compilation)","StSLib","The Bug Knight","UnlockEverythingMod","noobMod"],"gold_per_floor":[118,130,55,55,55,89,105,105,131,156,197,197,97,115,115,245,308,332,332,357,456,556,556,592,592,592,606,606,640,661,701,701,832,832,847,910,928,928,311,351,351,395,449,472,492,42,75,100,100,100],"floor_reached":51,"language":"ZHS","playtime":4612,"items_purged":["Defend_B","Defend_B","Defend_B","Defend_B+1"],"score":1239,"play_id":"32c56659-938c-40a5-85e6-6d5e69b0455d","local_time":"20210225183526","is_ascension_mode":true,"campfire_choices":[{"data":"Reboot","floor":12,"key":"SMITH"},{"data":"Storm","floor":15,"key":"SMITH"},{"data":"Echo Form","floor":23,"key":"SMITH"},{"data":"Heatsinks","floor":25,"key":"SMITH"},{"data":"Loop","floor":32,"key":"SMITH"},{"data":"Heatsinks","floor":49,"key":"SMITH"}],"circlet_count":0,"master_deck":["Zap","Dualcast","Skim","Genetic Algorithm","Redo","Heatsinks+1","Go for the Eyes","Reboot+1","Storm+1","Echo Form+1","Leap","Lockon","Storm+1","Loop+1","Bite","Bite","Bite","Bite","Bite","Storm+1","Amplify+1","Jack Of All Trades+1","Metamorphosis+1","Thinking Ahead+1","Heatsinks+1","Hello World","Heatsinks","Storm+1","Echo Form+1","Consume+1"],"relics":["Cracked Core","ice","NeowsBlessing","Omamori","Golden Idol","Mummified Hand","Tiny House","StrikeDummy","Bottled Tornado","Happy Flower","Toxic Egg 2","Runic Pyramid","Bird Faced Urn","Sling","Vajra","Oddly Smooth Stone","PreservedInsect","Nunchaku","Centennial Puzzle","Bag of Preparation","DollysMirror","Symbiotic Virus"],"acts_visited":["Exordium","TheCity","TheBeyond"],"potions_floor_usage":[6,10,16,16,16,31,33,33],"damage_taken":[{"damage":0,"enemies":"Cultist","floor":1,"turns":1},{"damage":0,"enemies":"Small Slimes","floor":2,"turns":1},{"damage":0,"enemies":"Gremlin Nob","floor":6,"turns":1},{"damage":9,"enemies":"Jaw Worm","floor":7,"turns":4},{"damage":14,"enemies":"Exordium Wildlife","floor":10,"turns":6},{"damage":40,"enemies":"Lagavulin","floor":11,"turns":9},{"damage":8,"enemies":"Exordium Thugs","floor":14,"turns":4},{"damage":45,"enemies":"The Guardian","floor":16,"turns":8},{"damage":23,"enemies":"Spheric Guardian","floor":18,"turns":4},{"damage":6,"enemies":"Chosen","floor":20,"turns":5},{"damage":42,"enemies":"Gremlin Leader","floor":24,"turns":6},{"damage":17,"enemies":"Centurion and Healer","floor":27,"turns":7},{"damage":0,"enemies":"HollowMod:Nosk","floor":29,"turns":5},{"damage":35,"enemies":"Cultist and Chosen","floor":30,"turns":5},{"damage":11,"enemies":"Book of Stabbing","floor":31,"turns":4},{"damage":7,"enemies":"Collector","floor":33,"turns":5},{"damage":7,"enemies":"3 Shapes","floor":35,"turns":2},{"damage":0,"enemies":"Mind Bloom Boss Battle","floor":36,"turns":2},{"damage":11,"enemies":"Orb Walker","floor":37,"turns":2},{"damage":0,"enemies":"Nemesis","floor":40,"turns":1},{"damage":0,"enemies":"Giant Head","floor":42,"turns":3},{"damage":0,"enemies":"Maw","floor":44,"turns":2},{"damage":0,"enemies":"Writhing Mass","floor":45,"turns":1},{"damage":0,"enemies":"HollowMod:StalkingDevout","floor":47,"turns":1},{"damage":0,"enemies":"3 Darklings","floor":48,"turns":1},{"damage":0,"enemies":"Time Eater","floor":50,"turns":3}],"seed_played":"248549766213952564","potions_obtained":[{"floor":1,"key":"DuplicationPotion"},{"floor":2,"key":"LiquidBronze"},{"floor":5,"key":"PotionOfCapacity"},{"floor":5,"key":"DuplicationPotion"},{"floor":6,"key":"Dexterity Potion"},{"floor":7,"key":"PotionOfCapacity"},{"floor":14,"key":"FocusPotion"},{"floor":17,"key":"DuplicationPotion"},{"floor":24,"key":"ColorlessPotion"},{"floor":27,"key":"PotionOfCapacity"},{"floor":33,"key":"ColorlessPotion"},{"floor":36,"key":"Explosive Potion"},{"floor":37,"key":"PowerPotion"}],"is_trial":false,"path_per_floor":["M","M","$","?","?","E","M","?","T","M","E","R","$","M","R","B",null,"M","?","M","?","?","R","E","R","T","M","?","E","M","E","R","B",null,"M","?","M","?","$","E","?","E","T","M","M","$","E","M","R","B",null],"character_chosen":"DEFECT","items_purchased":["Heatsinks","Sling","Vajra","Oddly Smooth Stone","Bag of Preparation","DollysMirror"],"campfire_rested":0,"item_purchase_floors":[39,39,39,39,46,46],"current_hp_per_floor":[75,75,75,80,80,80,71,51,51,39,80,80,80,72,72,29,99,76,76,72,72,72,72,32,32,32,17,17,29,4,5,5,128,128,121,129,120,110,110,132,132,132,132,132,132,132,132,132,132,135],"gold":100,"neow_bonus":"THREE_ENEMY_KILL","is_daily":false,"chose_seed":false,"campfire_upgraded":6,"win_rate":0.0,"timestamp":1614249326,"path_taken":["M","M","$","?","?","E","?","?","T","M","E","R","?","M","R","BOSS","M","?","M","?","?","R","E","R","T","?","?","E","M","E","R","BOSS","M","?","M","?","$","E","?","E","T","?","M","$","E","M","R","BOSS"],"items_purchased_type":["Card","Relic","Relic","Relic","Relic","Relic"],"build_version":"2020-12-22","purchased_purges":4,"victory":true,"max_hp_per_floor":[75,75,75,80,80,80,80,80,80,80,80,80,80,82,82,94,99,102,102,106,106,106,106,110,110,110,115,115,117,121,127,127,128,128,131,131,132,132,132,132,132,132,132,132,132,132,132,132,132,135],"card_choices":[{"not_picked":["Beam Cell","BootSequence"],"picked":"Skim","floor":1},{"not_picked":["Cold Snap","White Noise"],"picked":"Genetic Algorithm","floor":2},{"not_picked":["Go for the Eyes","Stack"],"picked":"Redo","floor":6},{"not_picked":["Genetic Algorithm","Auto Shields"],"picked":"Heatsinks","floor":7},{"not_picked":["Streamline","Heatsinks"],"picked":"Go for the Eyes","floor":10},{"not_picked":["All For One","Hologram"],"picked":"Reboot","floor":11},{"not_picked":["Blizzard","Compile Driver"],"picked":"Storm","floor":14},{"not_picked":["Buffer","Meteor Strike"],"picked":"Echo Form","floor":16},{"not_picked":["Chill","Gash"],"picked":"Leap","floor":17},{"not_picked":["Scrape","Streamline","Go for the Eyes"],"picked":"SKIP","floor":18},{"not_picked":["Compile Driver","Rebound"],"picked":"Storm+1","floor":20},{"not_picked":["Barrage","Reinforced Body","Darkness+1"],"picked":"SKIP","floor":24},{"not_picked":["Coolheaded","Blizzard"],"picked":"Loop","floor":27},{"not_picked":["Compile Driver+1","Sunder","Reprogram"],"picked":"SKIP","floor":29},{"not_picked":["Compile Driver","Reprogram","Go for the Eyes"],"picked":"SKIP","floor":30},{"not_picked":["Compile Driver","Force Field+1"],"picked":"Storm+1","floor":31},{"not_picked":["Multi-Cast+1","All For One"],"picked":"Amplify+1","floor":33},{"not_picked":["Sunder+1","Aggregate+1","Go for the Eyes+1"],"picked":"SKIP","floor":35},{"not_picked":["Barrage+1","Stack+1","Turbo+1"],"picked":"SKIP","floor":37},{"not_picked":["Trip+1","Mind Blast"],"picked":"Jack Of All Trades+1","floor":38},{"not_picked":["Mind Blast","Swift Strike"],"picked":"Metamorphosis+1","floor":38},{"not_picked":["Forethought+1","HandOfGreed"],"picked":"Thinking Ahead+1","floor":38},{"not_picked":["Storm","Melter+1"],"picked":"Hello World","floor":40},{"not_picked":["Hologram+1","Turbo+1"],"picked":"Heatsinks","floor":42},{"not_picked":["Scrape","Leap+1","Reinforced Body+1"],"picked":"SKIP","floor":44},{"not_picked":["Redo+1","Beam Cell"],"picked":"Storm+1","floor":45},{"not_picked":["Double Energy+1","Gash"],"picked":"Consume+1","floor":47},{"not_picked":["Beam Cell","Undo+1","Coolheaded+1"],"picked":"SKIP","floor":48}],"player_experience":143060,"relics_obtained":[{"floor":6,"key":"Omamori"},{"floor":9,"key":"Blood Vial"},{"floor":11,"key":"Mummified Hand"},{"floor":24,"key":"StrikeDummy"},{"floor":26,"key":"Bottled Tornado"},{"floor":29,"key":"Happy Flower"},{"floor":31,"key":"Toxic Egg 2"},{"floor":36,"key":"Bird Faced Urn"},{"floor":40,"key":"PreservedInsect"},{"floor":42,"key":"Nunchaku"},{"floor":43,"key":"Centennial Puzzle"},{"floor":47,"key":"Symbiotic Virus"}],"event_choices":[{"damage_healed":0,"gold_gain":0,"player_choice":"Donut","damage_taken":0,"max_hp_gain":5,"max_hp_loss":0,"event_name":"Big Fish","floor":4,"gold_loss":0},{"damage_healed":0,"gold_gain":0,"player_choice":"Got Potions","damage_taken":0,"max_hp_gain":0,"max_hp_loss":0,"event_name":"Lab","floor":5,"gold_loss":0},{"damage_healed":0,"gold_gain":0,"player_choice":"Take Damage","damage_taken":20,"relics_obtained":["Golden Idol"],"max_hp_gain":0,"max_hp_loss":0,"event_name":"Golden Idol","floor":8,"gold_loss":0},{"damage_healed":0,"gold_gain":0,"player_choice":"Read","damage_taken":0,"max_hp_gain":0,"max_hp_loss":0,"event_name":"The Library","floor":19,"gold_loss":0,"cards_obtained":["Lockon"]},{"damage_healed":0,"gold_gain":99,"player_choice":"Stole From Cult","damage_taken":0,"max_hp_gain":0,"max_hp_loss":0,"event_name":"Nest","floor":21,"gold_loss":0},{"damage_healed":0,"gold_gain":100,"player_choice":"Pray","damage_taken":0,"max_hp_gain":0,"max_hp_loss":0,"event_name":"Golden Shrine","floor":22,"gold_loss":0},{"damage_healed":0,"gold_gain":0,"player_choice":"Became a vampire (Vial)","damage_taken":0,"max_hp_gain":0,"max_hp_loss":0,"event_name":"Vampires","floor":28,"relics_lost":["Blood Vial"],"gold_loss":0,"cards_obtained":["Bite","Bite","Bite","Bite","Bite"]},{"damage_healed":0,"gold_gain":0,"player_choice":"Fight","damage_taken":0,"max_hp_gain":0,"max_hp_loss":0,"event_name":"MindBloom","floor":36,"gold_loss":0},{"damage_healed":0,"gold_gain":0,"player_choice":"Memory 3","damage_taken":10,"max_hp_gain":0,"max_hp_loss":0,"event_name":"SensoryStone","floor":38,"gold_loss":0},{"damage_healed":0,"gold_gain":0,"player_choice":"Ignored","damage_taken":0,"max_hp_gain":0,"max_hp_loss":0,"event_name":"NoteForYourself","floor":41,"gold_loss":0}],"is_beta":false,"boss_relics":[{"not_picked":["Runic Dome","Ectoplasm"],"picked":"Tiny House"},{"not_picked":["Philosopher\u0027s Stone","Pandora\u0027s Box"],"picked":"Runic Pyramid"}],"items_purged_floors":[3,13,39,46],"is_endless":false,"potions_floor_spawned":[1,2,6,7,14,24,27,29,33,36,37,42],"ascension_level":4}}