{"host":"aovbmu76o5toxav1","time":1614265848,"event":{"mods":["BaseMod","Jorbs\u0027s Wanderer Trilogy","Marisa????????","Minty Spire (QoL Compilation)","StSLib","The Bug Knight","The Servant 0.9.4"],"gold_per_floor":[115,115,132,150,161,193,204,239,239,252,252,252,262,272,272,370,370,386,386,396,396,407,407,438,438,517,533,533,546,546,400,400,498,498,518,172,222,232,232,264,289,317,344,41,52,52,78,78,78,78,78,78,3,29,29,29],"floor_reached":55,"language":"ENG","playtime":7432,"items_purged":["Pain","Wraith"],"score":709,"play_id":"6f31cb82-692c-49fe-b241-b7be5e1d9691","local_time":"20210225101048","is_ascension_mode":false,"campfire_choices":[{"data":"stsjorbsmod:DoubleCheck","floor":11.0,"key":"SMITH"},{"floor":15.0,"key":"REST"},{"data":"stsjorbsmod:BookOfTongues","floor":23,"key":"SMITH"},{"data":"stsjorbsmod:FracturedMind","floor":25,"key":"SMITH"},{"data":"stsjorbsmod:FlameWard","floor":30,"key":"SMITH"},{"data":"stsjorbsmod:Mania","floor":32,"key":"SMITH"},{"floor":46,"key":"RECALL"},{"data":"stsjorbsmod:MagicMissiles","floor":49,"key":"SMITH"},{"data":"stsjorbsmod:Fireball","floor":52,"key":"SMITH"}],"circlet_count":0,"master_deck":["stsjorbsmod:ForbiddenGrimoire+1","stsjorbsmod:Strike_Wanderer+1","stsjorbsmod:Defend_Wanderer","stsjorbsmod:FreshAdventure+1","stsjorbsmod:EyeOfTheStorm+1","stsjorbsmod:DoubleCheck+1","stsjorbsmod:Prepare+1","stsjorbsmod:TinyHut","stsjorbsmod:WanderingMind","stsjorbsmod:MistyStep+1","stsjorbsmod:Materialize","stsjorbsmod:Prestidigitation","stsjorbsmod:ParryingBlow+1","stsjorbsmod:Counterspell+1","stsjorbsmod:Thorns","stsjorbsmod:Will","stsjorbsmod:Entangle","stsjorbsmod:Stalwart+1","stsjorbsmod:ThirstingSword+1","stsjorbsmod:FindFamiliar+1","stsjorbsmod:FracturedMind+1","stsjorbsmod:BookOfTongues+1","stsjorbsmod:Introspection+1","stsjorbsmod:SmithingStrike+1","stsjorbsmod:FlameWard+1","stsjorbsmod:Mania+1","stsjorbsmod:Fireball+1","stsjorbsmod:Firebolt+1","stsjorbsmod:Hibernate+1","stsjorbsmod:MageArmor","stsjorbsmod:MagicMissiles+1","stsjorbsmod:ArcaneForm","stsjorbsmod:ArcaneWeapon","stsjorbsmod:WeightOfMemory+1"],"relics":["stsjorbsmod:GrimoireRelic","NeowsBlessing","Anchor","Question Card","Matryoshka","Astrolabe","Regal Pillow","Ancient Tea Set","Letter Opener","WarpedTongs","Sozu","Membership Card","War Paint","Meat on the Bone","Unceasing Top","HollowMod:PaleOreRelic","Bag of Marbles","Lantern","Toy Ornithopter","FossilizedHelix","Bag of Preparation","Bronze Scales"],"acts_visited":["Exordium","TheCity","TheBeyond","TheEnding"],"potions_floor_usage":[22,33,33,33,40,50,50],"damage_taken":[{"damage":0.0,"enemies":"Jaw Worm","floor":1.0,"turns":1.0},{"damage":0.0,"enemies":"Cultist","floor":3.0,"turns":1.0},{"damage":0.0,"enemies":"2 Louse","floor":4.0,"turns":1.0},{"damage":4.0,"enemies":"2 Fungi Beasts","floor":5.0,"turns":4.0},{"damage":20.0,"enemies":"3 Sentries","floor":6.0,"turns":6.0},{"damage":0.0,"enemies":"Lots of Slimes","floor":7.0,"turns":2.0},{"damage":24.0,"enemies":"HollowMod:MossKnight","floor":8.0,"turns":9.0},{"damage":9.0,"enemies":"Looter","floor":10.0,"turns":3.0},{"damage":0.0,"enemies":"Blue Slaver","floor":13.0,"turns":4.0},{"damage":5.0,"enemies":"Exordium Wildlife","floor":14.0,"turns":5.0},{"damage":23.0,"enemies":"Slime Boss","floor":16.0,"turns":11.0},{"damage":0,"enemies":"Chosen","floor":18,"turns":6},{"damage":0,"enemies":"3 Byrds","floor":20,"turns":5},{"damage":17,"enemies":"Snecko","floor":22,"turns":6},{"damage":10,"enemies":"Book of Stabbing","floor":24,"turns":6},{"damage":9,"enemies":"Centurion and Healer","floor":27,"turns":6},{"damage":14,"enemies":"Snake Plant","floor":29,"turns":4},{"damage":34,"enemies":"Collector","floor":33,"turns":7},{"damage":0,"enemies":"Orb Walker","floor":35,"turns":4},{"damage":8,"enemies":"Mind Bloom Boss Battle","floor":37,"turns":6},{"damage":1,"enemies":"3 Shapes","floor":38,"turns":3},{"damage":7,"enemies":"Reptomancer","floor":40,"turns":5},{"damage":34,"enemies":"Giant Head","floor":42,"turns":7},{"damage":0,"enemies":"Jaw Worm Horde","floor":45,"turns":3},{"damage":0,"enemies":"Maw","floor":47,"turns":6},{"damage":67,"enemies":"Awakened One","floor":50,"turns":7},{"damage":14,"enemies":"Shield and Spear","floor":54,"turns":5},{"damage":58,"enemies":"The Heart","floor":55,"turns":6}],"seed_played":"8221752371844393885","potions_obtained":[{"floor":4.0,"key":"stsjorbsmod:LiquidVirtue"},{"floor":5.0,"key":"LiquidBronze"},{"floor":6.0,"key":"EntropicBrew"},{"floor":24,"key":"LiquidBronze"},{"floor":29,"key":"Dexterity Potion"}],"is_trial":false,"path_per_floor":["M","?","M","M","M","E","M","E","T","M","R","?","M","M","R","B",null,"M","?","M","?","M","R","E","R","T","M","?","M","R","$","R","B",null,"M","$","?","M","?","E","T","E","T","$","M","R","M","?","R","B",null,"R","$","E","B"],"character_chosen":"WANDERER","items_purchased":["stsjorbsmod:Mania","Membership Card","War Paint","Meat on the Bone","stsjorbsmod:MagicMissiles","FossilizedHelix","stsjorbsmod:ArcaneForm","Bag of Preparation"],"campfire_rested":1,"item_purchase_floors":[31,36,36,36,44,44,44,53],"current_hp_per_floor":[68,68,68,68,67,50,51,27,27,19,19,19,21,20,40,17,68,68,68,68,68,59,59,55,55,55,61,61,51,51,51,51,26,68,68,68,66,66,66,64,64,50,50,50,52,52,62,59,59,14,59,59,59,57,0,0],"gold":29,"neow_bonus":"THREE_ENEMY_KILL","is_daily":false,"chose_seed":false,"campfire_upgraded":7,"win_rate":0.0,"timestamp":1614265848,"path_taken":["M","?","?","M","M","E","M","E","T","M","R","?","M","M","R","BOSS","M","?","M","?","M","R","E","R","T","M","?","M","R","$","R","BOSS","M","$","?","M","?","E","?","E","T","$","?","R","M","?","R","BOSS","R","$","E","BOSS"],"items_purchased_type":["Card","Relic","Relic","Relic","Card","Relic","Card","Relic"],"build_version":"2020-12-22","purchased_purges":2,"victory":false,"max_hp_per_floor":[68,68,68,68,68,68,68,68,68,68,68,68,68,68,68,68,68,68,68,68,68,68,68,68,68,68,66,66,66,66,66,66,68,68,68,68,66,66,66,64,64,64,64,64,64,64,62,59,59,59,59,59,59,57,57,57],"card_choices":[{"not_picked":["stsjorbsmod:UnseenServant","stsjorbsmod:Message"],"picked":"stsjorbsmod:DoubleCheck","floor":1.0},{"not_picked":["stsjorbsmod:FlameWard","stsjorbsmod:Prepare"],"picked":"stsjorbsmod:TinyHut","floor":3.0},{"not_picked":["stsjorbsmod:ChatteringStrike","stsjorbsmod:WeightOfMemory"],"picked":"stsjorbsmod:WanderingMind","floor":4.0},{"not_picked":["stsjorbsmod:MageArmor","stsjorbsmod:Index"],"picked":"stsjorbsmod:MistyStep","floor":5.0},{"not_picked":["stsjorbsmod:ChainLightning","stsjorbsmod:WanderingMind"],"picked":"stsjorbsmod:Materialize","floor":6.0},{"not_picked":["stsjorbsmod:LoseGrip","stsjorbsmod:UnseenServant"],"picked":"stsjorbsmod:Prestidigitation","floor":7.0},{"not_picked":["stsjorbsmod:Introspection","stsjorbsmod:Banish"],"picked":"stsjorbsmod:ParryingBlow","floor":8.0},{"not_picked":["stsjorbsmod:WeightOfMemory","stsjorbsmod:DoubleCheck","stsjorbsmod:RayOfFrost"],"picked":"stsjorbsmod:Counterspell","floor":10.0},{"not_picked":["stsjorbsmod:DoubleCheck","stsjorbsmod:Hibernate","stsjorbsmod:MageArmor"],"picked":"stsjorbsmod:Thorns","floor":13.0},{"not_picked":["stsjorbsmod:WanderingMind","stsjorbsmod:Channel","stsjorbsmod:ParryingBlow"],"picked":"stsjorbsmod:Will","floor":14.0},{"not_picked":["stsjorbsmod:GatherPower","stsjorbsmod:PurgeMind","stsjorbsmod:DeathThroes"],"picked":"stsjorbsmod:Entangle","floor":16.0},{"not_picked":["stsjorbsmod:TinyHut","stsjorbsmod:Message","stsjorbsmod:Will+1"],"picked":"stsjorbsmod:FracturedMind","floor":18},{"not_picked":["stsjorbsmod:TollTheDead","stsjorbsmod:BurningFlask+1","stsjorbsmod:Introspection"],"picked":"stsjorbsmod:BookOfTongues","floor":20},{"not_picked":["stsjorbsmod:Will","stsjorbsmod:TollTheDead+1","stsjorbsmod:BlackTentacles+1","stsjorbsmod:WanderingMind+1"],"picked":"SKIP","floor":22},{"not_picked":["stsjorbsmod:AnimateObjects","stsjorbsmod:ParryingBlow","stsjorbsmod:Trauma"],"picked":"stsjorbsmod:Introspection+1","floor":24},{"not_picked":["stsjorbsmod:ParryingBlow","stsjorbsmod:WeightOfMemory","stsjorbsmod:TollTheDead+1"],"picked":"stsjorbsmod:SmithingStrike+1","floor":27},{"not_picked":["stsjorbsmod:Prestidigitation","stsjorbsmod:TinyHut","stsjorbsmod:Message"],"picked":"stsjorbsmod:FlameWard","floor":29},{"not_picked":["stsjorbsmod:GatherPower","stsjorbsmod:Withdraw","stsjorbsmod:Pyromancy"],"picked":"stsjorbsmod:Fireball","floor":33},{"not_picked":["stsjorbsmod:Counterspell","stsjorbsmod:ChainLightning+1","stsjorbsmod:FranticSearch"],"picked":"stsjorbsmod:Firebolt+1","floor":35},{"not_picked":["stsjorbsmod:MistyStep+1","stsjorbsmod:ParryingBlow","stsjorbsmod:Prestidigitation+1"],"picked":"stsjorbsmod:Hibernate+1","floor":38},{"not_picked":["stsjorbsmod:SmithingStrike+1","stsjorbsmod:BurningFlask+1","stsjorbsmod:Aid+1","stsjorbsmod:Entangle"],"picked":"SKIP","floor":40},{"not_picked":["stsjorbsmod:TollTheDead","stsjorbsmod:Channel+1","stsjorbsmod:BurningFlask"],"picked":"stsjorbsmod:MageArmor","floor":42},{"not_picked":["stsjorbsmod:DisguiseSelf","stsjorbsmod:Prepare+1","stsjorbsmod:Mania","stsjorbsmod:Aid"],"picked":"SKIP","floor":45},{"not_picked":["stsjorbsmod:WanderingMind+1","stsjorbsmod:Hurt+1","stsjorbsmod:BurningFlask+1"],"picked":"stsjorbsmod:ArcaneWeapon","floor":47},{"not_picked":["stsjorbsmod:MagicMissiles","stsjorbsmod:HoldMonster","stsjorbsmod:TrueStrike"],"picked":"stsjorbsmod:WeightOfMemory+1","floor":54}],"player_experience":120167,"relics_obtained":[{"floor":6.0,"key":"Anchor"},{"floor":8.0,"key":"Question Card"},{"floor":9.0,"key":"Matryoshka"},{"floor":24,"key":"Regal Pillow"},{"floor":26,"key":"Ancient Tea Set"},{"floor":26,"key":"Letter Opener"},{"floor":37,"key":"Unceasing Top"},{"floor":40,"key":"HollowMod:PaleOreRelic"},{"floor":41,"key":"Bag of Marbles"},{"floor":42,"key":"Lantern"},{"floor":43,"key":"Toy Ornithopter"},{"floor":54,"key":"Bronze Scales"}],"event_choices":[{"damage_healed":0.0,"max_hp_gain":0.0,"max_hp_loss":0.0,"gold_gain":0.0,"cards_transformed":["stsjorbsmod:Strike_Wanderer"],"event_name":"Transmorgrifier","player_choice":"Transformed","floor":2.0,"gold_loss":0.0,"damage_taken":0.0,"cards_obtained":["stsjorbsmod:Prepare"]},{"cards_removed":["stsjorbsmod:Strike_Wanderer"],"damage_healed":0.0,"max_hp_gain":0.0,"max_hp_loss":0.0,"gold_gain":0.0,"event_name":"Living Wall","player_choice":"Forget","floor":12.0,"gold_loss":0.0,"damage_taken":0.0},{"cards_removed":["stsjorbsmod:Defend_Wanderer"],"damage_healed":0,"gold_gain":0,"player_choice":"Elegance","damage_taken":0,"max_hp_gain":0,"max_hp_loss":0,"event_name":"Back to Basics","floor":19,"gold_loss":0},{"damage_healed":0,"gold_gain":0,"player_choice":"Ignored","damage_taken":0,"max_hp_gain":0,"max_hp_loss":0,"event_name":"Vampires","floor":21,"gold_loss":0},{"damage_healed":0,"gold_gain":0,"player_choice":"Rummage","damage_taken":0,"relics_obtained":["WarpedTongs"],"max_hp_gain":0,"max_hp_loss":0,"event_name":"Accursed Blacksmith","floor":28,"gold_loss":0,"cards_obtained":["Pain"]},{"damage_healed":0,"gold_gain":0,"player_choice":"Fight","damage_taken":0,"max_hp_gain":0,"max_hp_loss":0,"event_name":"MindBloom","floor":37,"gold_loss":0},{"damage_healed":0,"gold_gain":0,"player_choice":"Ignored","damage_taken":0,"max_hp_gain":0,"max_hp_loss":0,"event_name":"OrinTheCat","floor":39,"gold_loss":0},{"damage_healed":0,"gold_gain":0,"player_choice":"Max HP","damage_taken":0,"max_hp_gain":0,"max_hp_loss":3,"event_name":"Winding Halls","floor":48,"gold_loss":0}],"is_beta":false,"boss_relics":[{"not_picked":["SlaversCollar","Philosopher\u0027s Stone"],"picked":"Astrolabe"},{"not_picked":["Runic Pyramid","Black Star"],"picked":"Sozu"}],"items_purged_floors":[31,44],"is_endless":false,"potions_floor_spawned":[4,5,6,8,10,24,29,37,45,54],"killed_by":"The Heart","ascension_level":0}}