{"host":"lmshf3swj20gmdor","time":1614270572,"event":{"mods":["2.2 Compatiblity","BaseMod","Conspire","Downfall","Googly Eyes","Hubris","Minty Spire (QoL Compilation)","Replay The Spire","Spikes Relics","StSLib","Synergy Search","The Servant 0.9.4"],"gold_per_floor":[0,18,18,3,17,31,31,65,50,70,70,80,80,80,94,94,94,94],"floor_reached":16,"language":"ENG","playtime":669,"items_purged":[],"score":101,"play_id":"67b7a9c0-1d1f-49c7-8deb-816b0aead5cc","local_time":"20210225162932","is_ascension_mode":true,"campfire_choices":[{"floor":11,"key":"REST"},{"floor":13,"key":"REST"}],"circlet_count":0,"master_deck":["bronze:Strike","bronze:Strike","bronze:Strike","bronze:Strike","bronze:Defend","bronze:Defend","bronze:Defend","bronze:Defend","bronze:Replicate","bronze:Goto","bronze:BurnOut","bronze:BugBarrage","bronze:BugBarrage","bronze:OilSpill","bronze:OilSpill","bronze:MaxOutput","bronze:GetLatest","RealityMarble"],"relics":["bronze:BronzeCore","bronze:BottledCode","Art of War","hubris:DisguiseKit"],"acts_visited":["Exordium"],"potions_floor_usage":[10,10,16,16],"damage_taken":[{"damage":12,"enemies":"2 Louse","floor":2,"turns":4},{"damage":5,"enemies":"downfall:FleeingMerchant","floor":4,"turns":4},{"damage":1,"enemies":"Cultist","floor":5,"turns":3},{"damage":2,"enemies":"Jaw Worm","floor":6,"turns":2},{"damage":24,"enemies":"conspire:MimicChest","floor":8,"turns":4},{"damage":10,"enemies":"downfall:FleeingMerchant","floor":9,"turns":4},{"damage":8,"enemies":"conspire:2 RoseBushes","floor":10,"turns":4},{"damage":11,"enemies":"downfall:LooterAlt","floor":12,"turns":3},{"damage":10,"enemies":"Large Slime","floor":15,"turns":3},{"damage":62,"enemies":"WA_ARCHETYPE_RETAIN","floor":16,"turns":7}],"seed_played":"-7421923849912692526","potions_obtained":[{"floor":2,"key":"hexamod:SoulburnPotion"},{"floor":8,"key":"Fire Potion"},{"floor":12,"key":"Doom Potion"},{"floor":15,"key":"Energy Potion"}],"is_trial":false,"path_per_floor":["R","M","?","$","M","M","T","?","$","M","R","M","R","?","M","B"],"character_chosen":"THE_AUTOMATON","items_purchased":[],"campfire_rested":2,"item_purchase_floors":[],"current_hp_per_floor":[70,58,58,53,52,50,50,26,16,8,26,15,33,53,43,0,0,0],"gold":94,"neow_bonus":"THREE_RARE_CARDS","is_daily":false,"chose_seed":false,"campfire_upgraded":0,"win_rate":0.0,"timestamp":1614270572,"path_taken":["R","M","?","$","M","M","T","?","$","M","R","M","R","?","M","BOSS"],"items_purchased_type":[],"build_version":"2020-12-22","purchased_purges":0,"victory":false,"max_hp_per_floor":[70,70,60,60,60,60,60,60,60,60,60,60,60,60,60,60,60,60],"card_choices":[{"not_picked":["bronze:InfiniteLoop","bronze:FindAndReplace"],"picked":"bronze:BurnOut","floor":0},{"not_picked":["bronze:CutThrough","bronze:DigitalCarnage"],"picked":"bronze:BugBarrage","floor":2},{"not_picked":["bronze:Refactor","bronze:Branch","bronze:WhirlingStrike"],"picked":"SKIP","floor":4},{"not_picked":["bronze:Return","bronze:Invalidate"],"picked":"bronze:OilSpill","floor":5},{"not_picked":["bronze:Turbo","bronze:ForLoop","bronze:Invalidate"],"picked":"SKIP","floor":6},{"not_picked":["bronze:Return","bronze:Shield"],"picked":"bronze:OilSpill","floor":8},{"not_picked":["bronze:Overheat","bronze:Constructor","Ricochet"],"picked":"bronze:MaxOutput","floor":9},{"not_picked":["bronze:Turbo","bronze:Overheat","FastForward"],"picked":"bronze:GetLatest","floor":10},{"not_picked":["bronze:Optimize","bronze:DarkDash","bronze:BronzeArmor","Alleviate"],"picked":"SKIP","floor":12},{"not_picked":["bronze:Repair","bronze:Refactor","bronze:ForLoop"],"picked":"RealityMarble","floor":15}],"player_experience":848387,"relics_obtained":[{"floor":7,"key":"Art of War"},{"floor":8,"key":"hubris:DisguiseKit"}],"event_choices":[{"damage_healed":20,"gold_gain":0,"player_choice":"Banana","damage_taken":0,"max_hp_gain":0,"max_hp_loss":0,"event_name":"Big Fish","floor":14,"gold_loss":0}],"is_beta":false,"boss_relics":[],"items_purged_floors":[],"is_endless":false,"potions_floor_spawned":[2,8,12,15],"killed_by":"WA_ARCHETYPE_RETAIN","ascension_level":2}}