{"host":"jsd6g3c2vo13e69c","time":1614257837,"event":{"mods":["2.2 Compatiblity","Act Like it!","BaseMod","Better Altar","Better Match","Better Note","Better Sensory Stone","Better Third Choice","BetterRewards","Colored Map","Colored Powertips","Downfall","Friendly Minions","GifTheSpireLib","Googly Eyes","Gremlin Mod","Hermit","Hubris","Infinite Spire","Melee Mod","Minty Spire (QoL Compilation)","Permanent Neow","Quick Restart","Random Character Button","Replay The Spire","Shop Mod","Spire Arcade","StSLib","The Cursed","The Disciple","The Forsaken","thorton"],"gold_per_floor":[99,114,133,153,164,164,187,220,220,231,31,62,62,76,94,190,190,190,210,210,223,237,237,237,137,151,151,176,255,255,272,285,389,389,389,404,404,420,420,437,508,508,508,191,208,222,222,241,255,255,255,281,54,54,54,54,54,54],"floor_reached":56,"language":"ENG","playtime":5551,"items_purged":["Slimebound:Defend_Slimebound","Slimebound:Strike_Slimebound"],"score":735,"play_id":"d0e92cc8-0155-4693-8d4e-35daa3d577ad","local_time":"20210225075717","is_ascension_mode":false,"campfire_choices":[{"data":"Madness","floor":11,"key":"SMITH"},{"data":"Slimebound:CorrosiveSpit","floor":13,"key":"SMITH"},{"data":"Slimebound:Nibble","floor":18,"key":"SMITH"},{"floor":23,"key":"RECALL"},{"data":"Slimebound:Split","floor":25,"key":"SMITH"},{"data":"Slimebound:GoopSpray","floor":27,"key":"SMITH"},{"data":"Slimebound:Darklings","floor":30,"key":"SMITH"},{"data":"Slimebound:Darklings","floor":35,"key":"SMITH"},{"data":"infinitespire:Collect","floor":43,"key":"SMITH"},{"data":"Slimebound:DuplicatedForm","floor":47,"key":"SMITH"},{"floor":54,"key":"REST"},{"data":"Slimebound:Repurpose","floor":54,"key":"SMITH"}],"circlet_count":0,"master_deck":["Slimebound:Strike_Slimebound","Slimebound:Strike_Slimebound","Slimebound:Tackle","Slimebound:Defend_Slimebound","Slimebound:Defend_Slimebound","Slimebound:Split+1","Slimebound:CorrosiveSpit+1","Madness+1","Slimebound:Prepare","Slimebound:Nibble+1","Slimebound:DuplicatedForm+1","Slimebound:Recollect","Slimebound:SplitAcid+1","Slimebound:Prepare","Slimebound:LeechLife","Slimebound:GoopSpray+1","Slimebound:GoopSpray","Slimebound:Darklings+1","Slimebound:Replication","Slimebound:GoopSpray+1","Slimebound:Darklings+1","Slimebound:SplitBruiser+1","infinitespire:Collect+1","Slimebound:SplitBruiser+1","Slimebound:LivingWall+1","Sadistic Nature","Slimebound:SplitLeeching+1","Slimebound:SamplingLick+1","Slimebound:SplitAcid+1","Slimebound:SplitLeeching+1","Slimebound:Repurpose+1","Slimebound:Repurpose+1","Slimebound:SlimeTap","Slimebound:SplitSpecialist","Slimebound:PressTheAttack","Slimebound:LeechEnergy"],"relics":["Slimebound:AbsorbEndCombat","Slimebound:AggressiveSlimeRelic","Simple Rune","downfall:HeartBlessingBlue","downfall:HeartBlessingGreen","Garlic","thethorton:CrushedCigarette","Akabeko","downfall:HeartBlessingRed","HornCleat","White Beast Statue","Empty Cage","Unceasing Top","thethorton:BottledFunds","hubris:SphereOfDissonance","hubris:Icosahedron","infinitespire:Magic Flask"],"acts_visited":["Exordium","TheCity","TheBeyond","TheEnding"],"potions_floor_usage":[8,16,33,38,49,56,56,56],"damage_taken":[{"damage":1,"enemies":"Small Slimes","floor":2,"turns":3},{"damage":1,"enemies":"Cultist","floor":3,"turns":5},{"damage":3,"enemies":"Jaw Worm","floor":4,"turns":4},{"damage":5,"enemies":"Blue Slaver","floor":5,"turns":3},{"damage":24,"enemies":"3 Sentries","floor":8,"turns":5},{"damage":1,"enemies":"Exordium Thugs","floor":10,"turns":4},{"damage":9,"enemies":"Lagavulin","floor":12,"turns":5},{"damage":1,"enemies":"Gremlin Gang","floor":14,"turns":3},{"damage":1,"enemies":"2 Fungi Beasts","floor":15,"turns":3},{"damage":44,"enemies":"WA_ARCHETYPE_RETAIN","floor":16,"turns":8},{"damage":2,"enemies":"Chosen","floor":19,"turns":4},{"damage":1,"enemies":"downfall:LooterAlt2","floor":21,"turns":3},{"damage":9,"enemies":"Shelled Parasite and Fungi","floor":22,"turns":5},{"damage":17,"enemies":"Snake Plant","floor":26,"turns":4},{"damage":6,"enemies":"Book of Stabbing","floor":28,"turns":5},{"damage":3,"enemies":"Centurion and Healer","floor":31,"turns":5},{"damage":17,"enemies":"Shelled Parasite and Fungi","floor":32,"turns":5},{"damage":59,"enemies":"IC_MUSHROOM_ARCHETYPE","floor":33,"turns":10},{"damage":1,"enemies":"Orb Walker","floor":36,"turns":2},{"damage":0,"enemies":"3 Darklings","floor":38,"turns":3},{"damage":23,"enemies":"Sphere and 2 Shapes","floor":40,"turns":4},{"damage":0,"enemies":"downfall:FleeingMerchant","floor":44,"turns":4},{"damage":0,"enemies":"Maw","floor":45,"turns":6},{"damage":0,"enemies":"3 Darklings","floor":46,"turns":4},{"damage":0,"enemies":"Jaw Worm Horde","floor":48,"turns":4},{"damage":0,"enemies":"Transient","floor":49,"turns":5},{"damage":140,"enemies":"SI_POISON_ARCHETYPE","floor":50,"turns":6},{"damage":71,"enemies":"downfall:CharBossMerchant","floor":52,"turns":7},{"damage":26,"enemies":"downfall:NeowBoss","floor":55,"turns":10},{"damage":89,"enemies":"downfall:NeowBossFinal","floor":56,"turns":4}],"seed_played":"-7687238006349552547","potions_obtained":[{"floor":5,"key":"Explosive Potion"},{"floor":8,"key":"FairyPotion"},{"floor":10,"key":"Energy Potion"},{"floor":12,"key":"champ:CounterPotion"},{"floor":26,"key":"Block Potion"},{"floor":31,"key":"infinitespire:BlackPotion"},{"floor":33,"key":"DistilledChaos"},{"floor":38,"key":"Slimebound:SlimyTonguePotion"},{"floor":44,"key":"LiquidMemories"},{"floor":49,"key":"Strength Potion"},{"floor":52,"key":"Strength Potion"}],"is_trial":false,"path_per_floor":["R_BF","M","M","M","M","?","T","E","?","M","R","E","R","M","M","B",null,"R","M","?","M","M","R","T","R","M","R","E","T","R","M","M","B",null,"R","M","AVR","M","?","M","T","?","R","$","M","M","R","M","M","B",null,"E","$","R","B","B"],"character_chosen":"SLIMEBOUND","items_purchased":["Sadistic Nature","Slimebound:SplitLeeching+1","Slimebound:SlimeTap","Slimebound:SplitSpecialist","Slimebound:PressTheAttack","Slimebound:LeechEnergy"],"campfire_rested":1,"item_purchase_floors":[44,44,53,53,53,53],"current_hp_per_floor":[65,65,65,65,60,60,60,38,38,41,51,44,44,45,46,10,75,75,75,75,75,75,75,75,75,75,75,75,75,75,75,73,32,75,75,75,75,75,75,65,65,65,65,75,75,75,75,75,75,24,75,26,26,48,64,0,0,0],"gold":54,"neow_bonus":"ONE_RANDOM_RARE_CARD","is_daily":false,"chose_seed":false,"campfire_upgraded":10,"win_rate":0.0,"timestamp":1614257837,"path_taken":["R_BF","M","M","M","M","?","T","E","?","M","R","E","R","M","M","BOSS","R","M","?","?","M","R","T","R","M","R","E","?","R","M","M","BOSS","R","M","AVR","M","?","M","T","?","R","?","M","?","R","M","M","BOSS","E","$","R","BOSS","BOSS"],"items_purchased_type":["Card","Card","Card","Card","Card","Card"],"build_version":"2020-12-22","purchased_purges":2,"victory":false,"max_hp_per_floor":[65,65,65,65,65,65,65,65,65,65,75,75,75,75,75,75,75,75,75,75,75,75,75,75,75,75,75,75,75,75,75,75,75,75,75,75,75,75,75,75,75,75,75,75,75,75,75,75,75,75,75,75,75,75,75,75,75,75],"card_choices":[{"not_picked":["Replay:Sssssssssshield","ReplayUltimateDefense"],"picked":"Madness","floor":1},{"not_picked":["Slimebound:Repurpose","Slimebound:GoopTackle"],"picked":"Slimebound:Prepare","floor":2},{"not_picked":["Slimebound:PressTheAttack","Slimebound:LeechingTouch"],"picked":"Slimebound:Nibble","floor":3},{"not_picked":["Slimebound:SplitBruiser","Slimebound:Schlurp","Slimebound:DivideAndConquer"],"picked":"SKIP","floor":4},{"not_picked":["Slimebound:AcidTongue","Slimebound:RollThrough"],"picked":"Slimebound:DuplicatedForm","floor":5},{"not_picked":["Slimebound:ServeAndProtect","Slimebound:ComboTackle"],"picked":"Slimebound:Recollect","floor":8},{"not_picked":["Slimebound:LivingWall","Slimebound:GoopSpray"],"picked":"Slimebound:Prepare","floor":10},{"not_picked":["Slimebound:FinishingTackle","Slimebound:GoopTackle","Slimebound:SplitAcid"],"picked":"SKIP","floor":12},{"not_picked":["Slimebound:BestDefense","Slimebound:Gluttony","Slimebound:PressTheAttack"],"picked":"SKIP","floor":14},{"not_picked":["Slimebound:Schlurp","Slimebound:HauntingLick","Slimebound:ProtectTheBoss"],"picked":"SKIP","floor":15},{"not_picked":["Slimebound:WasteNot","Slimebound:TagTeam"],"picked":"Slimebound:LeechLife","floor":16},{"not_picked":["Slimebound:GoopTackle+1","Slimebound:FinishingTackle","Slimebound:ComboTackle+1"],"picked":"SKIP","floor":19},{"not_picked":["Slimebound:ForwardTackle","Slimebound:GoopTackle"],"picked":"Slimebound:GoopSpray","floor":21},{"not_picked":["Slimebound:SlimeSpikes+1","Slimebound:SplitLeeching+1"],"picked":"Slimebound:GoopSpray","floor":22},{"not_picked":["Slimebound:PressTheAttack","Slimebound:RollThrough","Slimebound:LeechEnergy"],"picked":"SKIP","floor":26},{"not_picked":["Slimebound:DivideAndConquer","Slimebound:Schlurp+1"],"picked":"Slimebound:Darklings","floor":28},{"not_picked":["Slimebound:ItLooksTasty","Slimebound:FlameTackle+1"],"picked":"Slimebound:Replication","floor":31},{"not_picked":["Slimebound:SplitMire","Slimebound:GrowthPunch"],"picked":"Slimebound:GoopSpray+1","floor":32},{"not_picked":["Slimebound:LeechLife","Slimebound:WasteNot"],"picked":"Slimebound:Darklings","floor":33},{"not_picked":["Slimebound:HungryTackle","Slimebound:BestDefense+1"],"picked":"Slimebound:SplitBruiser+1","floor":36},{"not_picked":["Slimebound:Grow+1","Slimebound:HauntingLick"],"picked":"Slimebound:SplitBruiser+1","floor":38},{"not_picked":["Slimebound:ServeAndProtect+1","Slimebound:FinishingTackle","Slimebound:SlimeSpikes+1"],"picked":"SKIP","floor":40},{"not_picked":["Slimebound:Chomp","Slimebound:RainOfGoop"],"picked":"Slimebound:LivingWall+1","floor":44},{"not_picked":["Slimebound:RollThrough","Slimebound:CheckThePlaybook"],"picked":"Slimebound:SamplingLick+1","floor":45},{"not_picked":["Slimebound:SlimeSpikes+1","Slimebound:LeechingTouch"],"picked":"Slimebound:SplitAcid+1","floor":46},{"not_picked":["Slimebound:ForwardTackle+1","Slimebound:ComboTackle"],"picked":"Slimebound:SplitLeeching+1","floor":48},{"not_picked":["Slimebound:GoopTackle","Slimebound:MegaLick"],"picked":"Slimebound:Repurpose+1","floor":49},{"not_picked":["Slimebound:LivingWall+1","Slimebound:ComboTackle"],"picked":"Slimebound:Repurpose","floor":52}],"player_experience":453916,"relics_obtained":[{"floor":8,"key":"Simple Rune"},{"floor":12,"key":"Garlic"},{"floor":24,"key":"Akabeko"},{"floor":28,"key":"HornCleat"},{"floor":29,"key":"White Beast Statue"},{"floor":41,"key":"hubris:SphereOfDissonance"},{"floor":52,"key":"infinitespire:Magic Flask"}],"event_choices":[{"damage_healed":0,"gold_gain":1,"player_choice":"1","damage_taken":0,"max_hp_gain":0,"max_hp_loss":0,"event_name":"betterStone:BetterStone","floor":1,"gold_loss":0},{"damage_healed":0,"gold_gain":0,"player_choice":"Box","damage_taken":0,"relics_obtained":["Slimebound:AggressiveSlimeRelic"],"max_hp_gain":0,"max_hp_loss":0,"event_name":"Big Fish","floor":6,"gold_loss":0,"cards_obtained":["Regret"]},{"cards_removed":["Slimebound:Defend_Slimebound"],"damage_healed":0,"gold_gain":0,"player_choice":"Give","damage_taken":0,"max_hp_gain":0,"max_hp_loss":0,"event_name":"betterNote:BetterNote","floor":20,"gold_loss":0,"cards_obtained":["downfall:Malfunctioning"]}],"is_beta":false,"boss_relics":[{"not_picked":["Snecko Eye","hubris:VirtuousBlindfold"],"picked":"thethorton:CrushedCigarette"},{"not_picked":["Runic Dome","infinitespire:Cupcake"],"picked":"Empty Cage"}],"items_purged_floors":[37,44],"is_endless":false,"potions_floor_spawned":[5,8,10,12,15,26,31,32,33,36,38,40,44,45,46,48,49,52],"killed_by":"downfall:NeowBossFinal","ascension_level":0}}