{"host":"98tf0o44tbkozlsr","time":1614275460,"event":{"mods":["BaseMod","Bestiary","Minty Spire (QoL Compilation)","Relic Stats","ojb\u0027s Info Mod"],"gold_per_floor":[115,190,33,49,65,100,100,100,124,124,141,167,178,178,178,252,252,266,58,69,96,112,147,147,176,176,176,176,203,253,283,283,362,362,372,372,372,13,27,58,88,38,38,54,73,73,295,327,327,327,327,327,327,34,61,61],"floor_reached":57,"language":"ENG","playtime":5961,"items_purged":["Strike_G","Strike_G","Strike_G","Strike_G"],"score":3173,"play_id":"e123defe-9c77-4c5e-889e-6ec31ef553f0","local_time":"20210225095100","is_ascension_mode":true,"campfire_choices":[{"data":"Predator","floor":7.0,"key":"SMITH"},{"data":"Sucker Punch","floor":10.0,"key":"SMITH"},{"data":"Neutralize","floor":15.0,"key":"SMITH"},{"floor":24.0,"key":"REST"},{"data":"Wraith Form v2","floor":27.0,"key":"SMITH"},{"floor":28.0,"key":"REST"},{"data":"Venomology","floor":32.0,"key":"SMITH"},{"floor":46,"key":"RECALL"},{"data":"After Image","floor":49,"key":"SMITH"},{"data":"Burst","floor":53,"key":"SMITH"}],"circlet_count":0,"master_deck":["AscendersBane","Strike_G","Defend_G+1","Defend_G","Defend_G","Defend_G","Defend_G","Survivor","Neutralize+1","Predator+1","Sucker Punch+1","Heel Hook","Flying Knee","Terror","Backflip","Venomology+1","Wraith Form v2+1","Adrenaline","Backflip+1","Blade Dance","Distraction+1","Endless Agony+1","Malaise","Blade Dance+1","Purity+1","Good Instincts","Metamorphosis","Accuracy","Burst+1","Blade Dance","After Image+1","Blade Dance+1","Malaise","Blade Dance+1","Blade Dance","Heel Hook"],"relics":["Black Star","Lee\u0027s Waffle","Lantern","InkBottle","Letter Opener","PreservedInsect","Unceasing Top","Smiling Mask","Cursed Key","Red Mask","Potion Belt","Question Card","Snake Skull","WingedGreaves","Toy Ornithopter","Kunai","Pantograph","Ornamental Fan","Philosopher\u0027s Stone","ClockworkSouvenir","Bird Faced Urn","Vajra","Art of War","Happy Flower","Meat on the Bone","Du-Vu Doll","Bag of Preparation","Tough Bandages","War Paint"],"acts_visited":["Exordium","TheCity","TheBeyond","TheEnding"],"potions_floor_usage":[44,48,51,51,56,56,56,56,56,56,56],"damage_taken":[{"damage":10.0,"enemies":"Jaw Worm","floor":1.0,"turns":7.0},{"damage":1.0,"enemies":"2 Louse","floor":4.0,"turns":3.0},{"damage":0.0,"enemies":"Cultist","floor":5.0,"turns":4.0},{"damage":4.0,"enemies":"Lagavulin","floor":6.0,"turns":5.0},{"damage":6.0,"enemies":"Exordium Thugs","floor":11.0,"turns":4.0},{"damage":12.0,"enemies":"3 Sentries","floor":12.0,"turns":7.0},{"damage":8.0,"enemies":"Looter","floor":13.0,"turns":3.0},{"damage":38.0,"enemies":"Hexaghost","floor":16.0,"turns":11.0},{"damage":2.0,"enemies":"3 Byrds","floor":18.0,"turns":6.0},{"damage":3.0,"enemies":"Shell Parasite","floor":20.0,"turns":5.0},{"damage":9.0,"enemies":"Masked Bandits","floor":21.0,"turns":5.0},{"damage":28.0,"enemies":"Sentry and Sphere","floor":22.0,"turns":8.0},{"damage":11.0,"enemies":"Slavers","floor":23.0,"turns":5.0},{"damage":0.0,"enemies":"Gremlin Leader","floor":25.0,"turns":4.0},{"damage":7.0,"enemies":"Slavers","floor":29.0,"turns":6.0},{"damage":7.0,"enemies":"Book of Stabbing","floor":31.0,"turns":5.0},{"damage":12.0,"enemies":"Collector","floor":33.0,"turns":10.0},{"damage":10.0,"enemies":"3 Darklings","floor":35.0,"turns":5.0},{"damage":1.0,"enemies":"3 Shapes","floor":39.0,"turns":4.0},{"damage":0.0,"enemies":"Nemesis","floor":40.0,"turns":3.0},{"damage":0.0,"enemies":"Giant Head","floor":41.0,"turns":5.0},{"damage":0,"enemies":"Jaw Worm Horde","floor":44,"turns":3},{"damage":0,"enemies":"Spire Growth","floor":45,"turns":2},{"damage":0,"enemies":"Nemesis","floor":48,"turns":5},{"damage":15,"enemies":"Awakened One","floor":50,"turns":13},{"damage":10,"enemies":"Donu and Deca","floor":51,"turns":6},{"damage":0,"enemies":"Shield and Spear","floor":55,"turns":5},{"damage":25,"enemies":"The Heart","floor":56,"turns":6}],"seed_played":"-7514573302378799248","potions_obtained":[{"floor":1.0,"key":"DistilledChaos"},{"floor":4.0,"key":"ColorlessPotion"},{"floor":6.0,"key":"SmokeBomb"},{"floor":13.0,"key":"Swift Potion"},{"floor":16.0,"key":"GamblersBrew"},{"floor":21.0,"key":"LiquidMemories"},{"floor":22.0,"key":"AttackPotion"},{"floor":23.0,"key":"Poison Potion"},{"floor":35.0,"key":"Weak Potion"},{"floor":45,"key":"PowerPotion"},{"floor":48,"key":"DuplicationPotion"}],"is_trial":false,"path_per_floor":["M","?","$","M","M","E","R","?","T","R","M","E","M","T","R","B",null,"M","$","M","?","M","E","R","E","T","R","R","E","?","E","R","B",null,"M","?","?","$","M","E","E","$","T","M","M","R","?","E","R","B","B",null,"R","$","E","B",null],"character_chosen":"THE_SILENT","items_purchased":["Lee\u0027s Waffle","Wraith Form v2","Accuracy","ClockworkSouvenir","Burst","Dexterity Potion","Bag of Preparation","Blade Dance"],"campfire_rested":2,"item_purchase_floors":[3,19,38,38,38,54,54,54],"current_hp_per_floor":[49,38,73,72,72,68,68,68,68,68,62,50,42,42,42,4,56,54,54,51,42,14,3,24,24,24,24,45,38,38,31,31,49,67,62,62,52,52,61,61,69,69,69,69,69,69,69,69,69,58,69,69,69,69,69,44],"gold":61,"neow_bonus":"BOSS_RELIC","is_daily":false,"chose_seed":false,"campfire_upgraded":7,"win_rate":0.0,"timestamp":1614275460,"path_taken":["M","?","$","M","M","E","R","?","T","R","M","E","?","?","R","BOSS","M","$","M","?","M","E","R","E","T","R","R","E","?","E","R","BOSS","M","?","?","$","M","E","E","?","T","?","M","R","?","E","R","BOSS","BOSS","R","$","E","BOSS"],"items_purchased_type":["Relic","Card","Card","Relic","Card","Potion","Relic","Card"],"build_version":"2020-12-22","purchased_purges":4,"victory":true,"max_hp_per_floor":[66,66,73,73,73,73,73,73,73,73,73,73,73,73,73,73,73,73,73,73,73,73,73,73,73,73,73,73,73,73,73,73,73,73,73,69,69,69,69,69,69,69,69,69,69,69,69,69,69,69,69,69,69,69,69,69],"relic_stats":{"Lee\u0027s Waffle":35,"Happy Flower":[13],"counters":[28,155],"PreservedInsect":519,"Snake Skull":[5],"Bag of Preparation":[4],"Letter Opener":[608],"War Paint":["Purity","Defend_G"],"Smiling Mask":250,"Cursed Key":0,"Question Card":15,"Tough Bandages":[6],"Ornamental Fan":[452],"Pantograph":36,"Bird Faced Urn":[7],"Black Star":10,"Art of War":[1],"Kunai":[116],"obtain_stats":[{"Lantern":6,"Vajra":40,"Snake Skull":25,"Bag of Preparation":54,"Smiling Mask":12,"Cursed Key":17,"ClockworkSouvenir":38,"Tough Bandages":55,"Pantograph":31,"Philosopher\u0027s Stone":34,"WingedGreaves":25,"Red Mask":21,"Kunai":29,"InkBottle":6,"Ring of the Snake":0,"Potion Belt":23,"Lee\u0027s Waffle":3,"Happy Flower":41,"PreservedInsect":9,"Letter Opener":8,"War Paint":55,"Question Card":23,"Du-Vu Doll":48,"Ornamental Fan":31,"Bird Faced Urn":40,"Black Star":0,"Art of War":41,"Unceasing Top":12,"Toy Ornithopter":29,"Meat on the Bone":48},{"Lantern":4,"Vajra":20,"Snake Skull":14,"Bag of Preparation":26,"Smiling Mask":6,"Cursed Key":8,"ClockworkSouvenir":18,"Tough Bandages":27,"Pantograph":16,"Philosopher\u0027s Stone":17,"WingedGreaves":14,"Red Mask":11,"Kunai":15,"InkBottle":4,"Ring of the Snake":0,"Potion Belt":13,"Lee\u0027s Waffle":1,"Happy Flower":21,"PreservedInsect":4,"Letter Opener":4,"War Paint":27,"Question Card":13,"Du-Vu Doll":24,"Ornamental Fan":16,"Bird Faced Urn":20,"Black Star":0,"Art of War":21,"Unceasing Top":6,"Toy Ornithopter":15,"Meat on the Bone":24},{"Lantern":19,"Vajra":110,"Snake Skull":77,"Bag of Preparation":144,"Smiling Mask":30,"Cursed Key":44,"ClockworkSouvenir":103,"Tough Bandages":149,"Pantograph":88,"Philosopher\u0027s Stone":98,"WingedGreaves":77,"Red Mask":60,"Kunai":83,"InkBottle":19,"Ring of the Snake":0,"Potion Belt":73,"Lee\u0027s Waffle":7,"Happy Flower":115,"PreservedInsect":19,"Letter Opener":19,"War Paint":149,"Question Card":73,"Du-Vu Doll":125,"Ornamental Fan":88,"Bird Faced Urn":110,"Black Star":0,"Art of War":115,"Unceasing Top":30,"Toy Ornithopter":83,"Meat on the Bone":125}],"InkBottle":[99],"Unceasing Top":[32],"Toy Ornithopter":35,"Meat on the Bone":0},"card_choices":[{"not_picked":["Accuracy","Slice"],"picked":"Predator","floor":1.0},{"not_picked":["Well Laid Plans","Cloak And Dagger"],"picked":"Sucker Punch","floor":4.0},{"not_picked":["Dodge and Roll","Endless Agony"],"picked":"Heel Hook","floor":5.0},{"not_picked":["Riddle With Holes","Underhanded Strike"],"picked":"Flying Knee","floor":6.0},{"not_picked":["Quick Slash","Dodge and Roll","Infinite Blades"],"picked":"SKIP","floor":11.0},{"not_picked":["Cloak And Dagger","Backflip"],"picked":"Terror","floor":12.0},{"not_picked":["Envenom","Predator"],"picked":"Backflip","floor":13.0},{"not_picked":["Envenom","Grand Finale"],"picked":"Venomology","floor":16.0},{"not_picked":["Bane","Underhanded Strike","Reflex"],"picked":"SKIP","floor":18.0},{"not_picked":["Sucker Punch","Dodge and Roll","Poisoned Stab"],"picked":"SKIP","floor":20.0},{"not_picked":["Cloak And Dagger+1","Blade Dance"],"picked":"Adrenaline","floor":21.0},{"not_picked":["Poisoned Stab","Distraction"],"picked":"Backflip+1","floor":22.0},{"not_picked":["Escape Plan","Sucker Punch"],"picked":"Blade Dance","floor":23.0},{"not_picked":["Infinite Blades","Predator","Dodge and Roll"],"picked":"Distraction+1","floor":25.0},{"not_picked":["Dagger Throw","Eviscerate","Choke","Dagger Spray"],"picked":"SKIP","floor":29.0},{"not_picked":["After Image","Expertise","Noxious Fumes+1"],"picked":"Endless Agony+1","floor":31.0},{"not_picked":["Corpse Explosion","Die Die Die","Envenom"],"picked":"Malaise","floor":33.0},{"not_picked":["Acrobatics","Slice","Underhanded Strike+1"],"picked":"Blade Dance+1","floor":35.0},{"not_picked":["Mind Blast","Discovery","PanicButton"],"picked":"Purity","floor":37.0},{"not_picked":["Impatience","Trip","Sadistic Nature"],"picked":"Good Instincts","floor":37.0},{"not_picked":["Sadistic Nature","Blind","The Bomb"],"picked":"Metamorphosis","floor":37.0},{"not_picked":["Choke","Deflect+1","Footwork"],"picked":"Blade Dance","floor":39.0},{"not_picked":["Slice","Reflex","Deflect"],"picked":"After Image","floor":40.0},{"not_picked":["Dodge and Roll","Cloak And Dagger","Deflect"],"picked":"Blade Dance+1","floor":41.0},{"not_picked":["Sucker Punch","Deflect","Cloak And Dagger","Terror"],"picked":"SKIP","floor":44},{"not_picked":["Sucker Punch","Deflect","Cloak And Dagger","Terror"],"picked":"SKIP","floor":44},{"not_picked":["Bane","All Out Attack+1","Quick Slash"],"picked":"Malaise","floor":45},{"not_picked":["Bane","Calculated Gamble","Finisher"],"picked":"Blade Dance+1","floor":48},{"not_picked":["Dagger Throw","Flying Knee","Terror"],"picked":"Heel Hook","floor":55}],"player_experience":982361,"relics_obtained":[{"floor":6.0,"key":"Lantern"},{"floor":6.0,"key":"InkBottle"},{"floor":9.0,"key":"PreservedInsect"},{"floor":12.0,"key":"Unceasing Top"},{"floor":12.0,"key":"Smiling Mask"},{"floor":21.0,"key":"Red Mask"},{"floor":23.0,"key":"Potion Belt"},{"floor":23.0,"key":"Question Card"},{"floor":25.0,"key":"Snake Skull"},{"floor":25.0,"key":"WingedGreaves"},{"floor":29.0,"key":"Toy Ornithopter"},{"floor":29.0,"key":"Kunai"},{"floor":31.0,"key":"Pantograph"},{"floor":31.0,"key":"Ornamental Fan"},{"floor":40.0,"key":"Bird Faced Urn"},{"floor":40.0,"key":"Vajra"},{"floor":41.0,"key":"Art of War"},{"floor":41.0,"key":"Happy Flower"},{"floor":48,"key":"Meat on the Bone"},{"floor":48,"key":"Du-Vu Doll"},{"floor":55,"key":"Tough Bandages"},{"floor":55,"key":"War Paint"}],"event_choices":[{"damage_healed":0.0,"max_hp_gain":0.0,"max_hp_loss":0.0,"gold_gain":75.0,"event_name":"World of Goop","player_choice":"Gather Gold","floor":2.0,"gold_loss":0.0,"damage_taken":11.0},{"damage_healed":0.0,"max_hp_gain":0.0,"max_hp_loss":0.0,"gold_gain":0.0,"event_name":"WeMeetAgain","player_choice":"Gave Potion","floor":8.0,"gold_loss":0.0,"damage_taken":0.0,"relics_obtained":["Letter Opener"]},{"damage_healed":0.0,"max_hp_gain":0.0,"max_hp_loss":0.0,"gold_gain":0.0,"event_name":"Masked Bandits","player_choice":"Fought Bandits","floor":21.0,"gold_loss":0.0,"damage_taken":0.0},{"damage_healed":0.0,"max_hp_gain":0.0,"max_hp_loss":0.0,"gold_gain":50.0,"event_name":"Nest","player_choice":"Stole From Cult","floor":30.0,"gold_loss":0.0,"damage_taken":0.0},{"damage_healed":0.0,"max_hp_gain":0.0,"max_hp_loss":4.0,"gold_gain":0.0,"event_name":"Winding Halls","player_choice":"Max HP","floor":36.0,"gold_loss":0.0,"damage_taken":0.0},{"damage_healed":0.0,"max_hp_gain":0.0,"max_hp_loss":0.0,"gold_gain":0.0,"event_name":"SensoryStone","player_choice":"Memory 3","floor":37.0,"gold_loss":0.0,"damage_taken":10.0},{"damage_healed":0,"gold_gain":222,"player_choice":"Wore Mask","damage_taken":0,"max_hp_gain":0,"max_hp_loss":0,"event_name":"Tomb of Lord Red Mask","floor":47,"gold_loss":0}],"is_beta":false,"boss_relics":[{"not_picked":["HoveringKite","Velvet Choker"],"picked":"Cursed Key"},{"not_picked":["Snecko Eye","WristBlade"],"picked":"Philosopher\u0027s Stone"}],"items_purged_floors":[19,38,42,54],"is_endless":false,"potions_floor_spawned":[1,4,6,13,16,21,22,23,35,40,45,48,55],"ascension_level":20}}