{"host":"bg8va46pgqgvtzim","time":1614215538,"event":{"mods":["BaseMod","Minty Spire (QoL Compilation)","Quick Restart","StSLib","SuperFastMode"],"gold_per_floor":[16,33,33,33,46,46,64,94,94,44,44,44,118,129,129,154,166,199,124,156,166,166,166,261,261,278,297,307,307,207,219,219,236,236,436,436,446,446,462,462,488,504,533,265,283,283,379,379,397,416,433,433,449,461,461,494,508,508,508,508,535,585,595,373,383,383,415,425,441,441,441,441,441,441,18,46,46],"floor_reached":78,"language":"ZHS","playtime":2985,"items_purged":["All Out Attack+1","Defend_G","Defend_G","Flechettes+1","Defend_G"],"score":1965,"play_id":"16887b6f-7b20-4122-b6e1-c23e0c54f056","local_time":"20210225091218","is_ascension_mode":true,"campfire_choices":[{"data":"Flechettes","floor":9.0,"key":"SMITH"},{"data":"Acrobatics","floor":11.0,"key":"SMITH"},{"data":"All Out Attack","floor":15.0,"key":"SMITH"},{"data":"Well Laid Plans","floor":22.0,"key":"SMITH"},{"data":"Calculated Gamble","floor":23.0,"key":"SMITH"},{"data":"Adrenaline","floor":34,"key":"SMITH"},{"data":"Venomology","floor":36,"key":"SMITH"},{"data":"Prepared","floor":46,"key":"SMITH"},{"data":"Reflex","floor":55,"key":"SMITH"},{"data":"Acrobatics","floor":58,"key":"SMITH"},{"floor":66,"key":"RECALL"},{"data":"Madness","floor":70,"key":"SMITH"},{"data":"Madness","floor":71,"key":"SMITH"},{"data":"Blur","floor":74,"key":"SMITH"}],"circlet_count":0,"master_deck":["Defend_G","Defend_G","Survivor","Neutralize","Backstab","Acrobatics+1","Prepared+1","Reflex+1","Calculated Gamble+1","Well Laid Plans+1","Adrenaline+1","Acrobatics+1","Venomology+1","Eviscerate+1","Madness+1","Madness+1","Footwork+1","Blur+1","Purity"],"relics":["Ring of the Snake","HornCleat","Bottled Lightning","StrikeDummy","StoneCalendar","Bag of Preparation","Philosopher\u0027s Stone","MutagenicStrength","Matryoshka","MealTicket","Gambling Chip","Anchor","Coffee Dripper","InkBottle","Orichalcum","Happy Flower","Sundial","Vajra","Lantern","Pear","ClockworkSouvenir","Centennial Puzzle"],"acts_visited":["Exordium","TheCity","TheBeyond","TheEnding"],"potions_floor_usage":[33,39,41,42,43,47,49,50,51,53,54,56,57,61,63,65,67,68,69,72,76,77,77,77,77,77,77,77,77,77],"damage_taken":[{"damage":0.0,"enemies":"2 Louse","floor":1.0,"turns":2.0},{"damage":0.0,"enemies":"Cultist","floor":2.0,"turns":3.0},{"damage":0.0,"enemies":"Small Slimes","floor":5.0,"turns":1.0},{"damage":0.0,"enemies":"3 Louse","floor":7.0,"turns":2.0},{"damage":34.0,"enemies":"Gremlin Nob","floor":8.0,"turns":5.0},{"damage":0.0,"enemies":"Exordium Thugs","floor":14.0,"turns":2.0},{"damage":0.0,"enemies":"Lagavulin","floor":16.0,"turns":3.0},{"damage":0.0,"enemies":"Blue Slaver","floor":17.0,"turns":1.0},{"damage":0.0,"enemies":"3 Sentries","floor":18.0,"turns":3.0},{"damage":0.0,"enemies":"Lagavulin","floor":20.0,"turns":2.0},{"damage":0.0,"enemies":"Looter","floor":21.0,"turns":1.0},{"damage":0.0,"enemies":"The Guardian","floor":24.0,"turns":7.0},{"damage":0.0,"enemies":"2 Thieves","floor":26.0,"turns":1.0},{"damage":0.0,"enemies":"3 Byrds","floor":27.0,"turns":2.0},{"damage":0.0,"enemies":"Snecko","floor":28.0,"turns":1.0},{"damage":0.0,"enemies":"Chosen and Byrds","floor":31.0,"turns":2.0},{"damage":0,"enemies":"Cultist and Chosen","floor":33,"turns":1},{"damage":0,"enemies":"Centurion and Healer","floor":37,"turns":1},{"damage":0,"enemies":"Shelled Parasite and Fungi","floor":39,"turns":1},{"damage":0,"enemies":"Slavers","floor":41,"turns":1},{"damage":0,"enemies":"Snecko","floor":42,"turns":1},{"damage":0,"enemies":"Book of Stabbing","floor":43,"turns":1},{"damage":0,"enemies":"Centurion and Healer","floor":45,"turns":1},{"damage":0,"enemies":"Champ","floor":47,"turns":3},{"damage":0,"enemies":"3 Shapes","floor":49,"turns":1},{"damage":0,"enemies":"3 Darklings","floor":50,"turns":1},{"damage":0,"enemies":"4 Shapes","floor":51,"turns":1},{"damage":0,"enemies":"Sphere and 2 Shapes","floor":53,"turns":1},{"damage":0,"enemies":"Maw","floor":54,"turns":1},{"damage":0,"enemies":"Giant Head","floor":56,"turns":1},{"damage":0,"enemies":"Transient","floor":57,"turns":1},{"damage":0,"enemies":"Reptomancer","floor":61,"turns":1},{"damage":0,"enemies":"3 Darklings","floor":63,"turns":1},{"damage":0,"enemies":"Sphere and 2 Shapes","floor":65,"turns":1},{"damage":0,"enemies":"Nemesis","floor":67,"turns":1},{"damage":0,"enemies":"4 Shapes","floor":68,"turns":1},{"damage":0,"enemies":"Spire Growth","floor":69,"turns":1},{"damage":0,"enemies":"Awakened One","floor":72,"turns":2},{"damage":0,"enemies":"Shield and Spear","floor":76,"turns":1},{"damage":0,"enemies":"The Heart","floor":77,"turns":4}],"seed_played":"8212034526127586769","potions_obtained":[{"floor":7.0,"key":"FearPotion"},{"floor":8.0,"key":"FearPotion"},{"floor":16.0,"key":"SpeedPotion"},{"floor":17.0,"key":"Swift Potion"},{"floor":21.0,"key":"LiquidMemories"},{"floor":31.0,"key":"LiquidMemories"},{"floor":33,"key":"DuplicationPotion"},{"floor":39,"key":"EntropicBrew"},{"floor":51,"key":"Block Potion"},{"floor":53,"key":"Fire Potion"},{"floor":56,"key":"Block Potion"},{"floor":65,"key":"Energy Potion"},{"floor":67,"key":"SteroidPotion"},{"floor":69,"key":"Swift Potion"}],"is_trial":false,"path_per_floor":["M","M","?","$","M","?","M","E","R","?","R","T","T","M","R","E","M","E","$","E","M","R","R","B",null,"M","M","M","?","$","M","?","M","R","?","R","M","T","M","R","E","M","E","$","M","R","B",null,"M","M","M","?","M","M","R","E","M","R","?","T","E","T","M","$","M","R","E","M","M","R","R","B",null,"R","$","E","B",null],"character_chosen":"THE_SILENT","items_purchased":["Anchor","Blur","ClockworkSouvenir","Purity"],"campfire_rested":0,"item_purchase_floors":[44,64,75,75],"current_hp_per_floor":[70,70,70,70,70,70,70,36,36,36,36,36,36,36,36,36,36,36,36,36,36,36,36,36,70,70,70,70,70,70,70,70,70,70,70,70,70,70,70,70,70,70,70,70,70,70,70,70,70,70,70,70,70,70,70,70,70,70,61,61,61,61,61,70,70,70,80,80,80,80,80,80,80,80,80,80,80],"gold":46,"neow_bonus":"TRANSFORM_TWO_CARDS","is_daily":false,"chose_seed":false,"campfire_upgraded":13,"win_rate":0.0,"timestamp":1614215538,"path_taken":["M","M","?","$","?","?","M","E","R","?","R","T","T","M","R","E","M","E","$","E","M","R","R","BOSS","M","M","M","?","?","M","?","M","R","?","R","M","T","?","R","E","M","E","$","M","R","BOSS","M","M","M","?","?","M","R","E","M","R","?","T","E","?","?","$","M","R","E","?","M","R","R","BOSS","R","$","E","BOSS"],"items_purchased_type":["Relic","Card","Relic","Card"],"build_version":"2020-12-22","purchased_purges":5,"victory":true,"max_hp_per_floor":[70,70,70,70,70,70,70,70,70,70,70,70,70,70,70,70,70,70,70,70,70,70,70,70,70,70,70,70,70,70,70,70,70,70,70,70,70,70,70,70,70,70,70,70,70,70,70,70,70,70,70,70,70,70,70,70,70,70,70,70,70,70,70,70,70,70,80,80,80,80,80,80,80,80,80,80,80],"card_choices":[{"not_picked":["Dagger Throw","Bane"],"picked":"Underhanded Strike","floor":1.0},{"not_picked":["Backflip","Dash"],"picked":"Acrobatics","floor":2.0},{"not_picked":["Dodge and Roll","Sucker Punch"],"picked":"Prepared","floor":5.0},{"not_picked":["Backflip","Deadly Poison"],"picked":"Flechettes","floor":7.0},{"not_picked":["Sucker Punch","Dagger Spray","Doppelganger"],"picked":"SKIP","floor":8.0},{"not_picked":["Deadly Poison","Quick Slash","Dodge and Roll"],"picked":"SKIP","floor":14.0},{"not_picked":["Masterful Stab","Deflect"],"picked":"Reflex","floor":16.0},{"not_picked":["Finisher","Cloak And Dagger"],"picked":"Calculated Gamble","floor":17.0},{"not_picked":["Caltrops","Bouncing Flask","Accuracy"],"picked":"SKIP","floor":18.0},{"not_picked":["Skewer","Unload","Outmaneuver"],"picked":"SKIP","floor":20.0},{"not_picked":["Deflect","Masterful Stab"],"picked":"Well Laid Plans","floor":21.0},{"not_picked":["A Thousand Cuts","Unload"],"picked":"Adrenaline","floor":24.0},{"not_picked":["Slice","Calculated Gamble"],"picked":"Acrobatics","floor":26.0},{"not_picked":["Skewer","Riddle With Holes","Dash+1"],"picked":"SKIP","floor":27.0},{"not_picked":["Deadly Poison","Deflect","Cloak And Dagger"],"picked":"SKIP","floor":28.0},{"not_picked":["Quick Slash","Die Die Die","Distraction"],"picked":"SKIP","floor":31.0},{"not_picked":["Dodge and Roll","Deflect","Flying Knee"],"picked":"SKIP","floor":33},{"not_picked":["Backflip","Acrobatics+1","Blade Dance"],"picked":"SKIP","floor":37},{"not_picked":["Backstab","Dagger Spray","Prepared"],"picked":"SKIP","floor":39},{"not_picked":["Dagger Throw","Backstab","Riddle With Holes"],"picked":"SKIP","floor":41},{"not_picked":["Underhanded Strike","Endless Agony+1","Deflect"],"picked":"SKIP","floor":42},{"not_picked":["Flechettes","Cloak And Dagger","Backstab"],"picked":"SKIP","floor":43},{"not_picked":["Burst","Dagger Throw","Dodge and Roll"],"picked":"SKIP","floor":45},{"not_picked":["Flying Knee+1","PiercingWail","Prepared+1"],"picked":"SKIP","floor":49},{"not_picked":["Bane+1","Slice+1","PiercingWail+1"],"picked":"SKIP","floor":50},{"not_picked":["Infinite Blades+1","Dodge and Roll+1","Flying Knee"],"picked":"SKIP","floor":51},{"not_picked":["Doppelganger","Acrobatics+1"],"picked":"Eviscerate+1","floor":53},{"not_picked":["Predator+1","Deadly Poison+1","Finisher+1"],"picked":"SKIP","floor":54},{"not_picked":["Backstab+1","Cloak And Dagger","Deadly Poison+1"],"picked":"SKIP","floor":56},{"not_picked":["Backflip","Reflex","Dagger Spray+1"],"picked":"SKIP","floor":57},{"not_picked":["Bane+1","Infinite Blades","Dagger Throw"],"picked":"SKIP","floor":61},{"not_picked":["Deadly Poison+1","Slice+1"],"picked":"Footwork+1","floor":63},{"not_picked":["Blade Dance+1","Quick Slash","Unload"],"picked":"SKIP","floor":65},{"not_picked":["Backflip+1","Deflect","Accuracy"],"picked":"SKIP","floor":67},{"not_picked":["Underhanded Strike","Distraction+1","Deflect"],"picked":"SKIP","floor":68},{"not_picked":["Sucker Punch+1","Outmaneuver","Dagger Throw"],"picked":"SKIP","floor":69},{"not_picked":["Escape Plan","Dagger Spray","Choke+1"],"picked":"SKIP","floor":76}],"player_experience":2553673,"relics_obtained":[{"floor":8.0,"key":"HornCleat"},{"floor":13.0,"key":"Bottled Lightning"},{"floor":16.0,"key":"StrikeDummy"},{"floor":18.0,"key":"StoneCalendar"},{"floor":20.0,"key":"Bag of Preparation"},{"floor":38,"key":"Matryoshka"},{"floor":41,"key":"MealTicket"},{"floor":43,"key":"Gambling Chip"},{"floor":56,"key":"InkBottle"},{"floor":60,"key":"Orichalcum"},{"floor":60,"key":"Happy Flower"},{"floor":61,"key":"Sundial"},{"floor":62,"key":"Vajra"},{"floor":62,"key":"Lantern"},{"floor":67,"key":"Pear"},{"floor":76,"key":"Centennial Puzzle"}],"event_choices":[{"cards_removed":["Strike_G"],"damage_healed":0.0,"max_hp_gain":0.0,"max_hp_loss":0.0,"gold_gain":0.0,"event_name":"Wheel of Change","player_choice":"Card Removal","floor":3.0,"gold_loss":0.0,"damage_taken":0.0},{"cards_removed":["Strike_G"],"damage_healed":0.0,"max_hp_gain":0.0,"max_hp_loss":0.0,"gold_gain":0.0,"event_name":"Living Wall","player_choice":"Forget","floor":6.0,"gold_loss":0.0,"damage_taken":0.0},{"cards_removed":["Strike_G"],"damage_healed":0.0,"max_hp_gain":0.0,"max_hp_loss":0.0,"gold_gain":0.0,"event_name":"The Cleric","player_choice":"Card Removal","floor":10.0,"gold_loss":50.0,"damage_taken":0.0},{"damage_healed":0.0,"max_hp_gain":0.0,"max_hp_loss":0.0,"gold_gain":0.0,"cards_transformed":["Underhanded Strike"],"event_name":"Transmorgrifier","player_choice":"Transformed","floor":29.0,"gold_loss":0.0,"damage_taken":0.0,"cards_obtained":["Venomology"]},{"damage_healed":0,"gold_gain":0,"player_choice":"Inject Mutagens","damage_taken":0,"relics_obtained":["MutagenicStrength"],"max_hp_gain":0,"max_hp_loss":0,"event_name":"Drug Dealer","floor":32,"gold_loss":0},{"damage_healed":0,"gold_gain":200,"player_choice":"Gold","damage_taken":0,"max_hp_gain":0,"max_hp_loss":0,"event_name":"Wheel of Change","floor":35,"gold_loss":0},{"damage_healed":0,"gold_gain":0,"player_choice":"Ignored","damage_taken":0,"max_hp_gain":0,"max_hp_loss":0,"event_name":"NoteForYourself","floor":52,"gold_loss":0},{"damage_healed":0,"gold_gain":0,"player_choice":"Embrace Madness","damage_taken":9,"max_hp_gain":0,"max_hp_loss":0,"event_name":"Winding Halls","floor":59,"gold_loss":0,"cards_obtained":["Madness","Madness"]}],"is_beta":false,"boss_relics":[{"not_picked":["Tiny House","Snecko Eye"],"picked":"Philosopher\u0027s Stone"},{"not_picked":["Sozu","SlaversCollar"],"picked":"Coffee Dripper"}],"items_purged_floors":[19,30,44,64,75],"is_endless":false,"potions_floor_spawned":[7,8,16,17,21,26,31,33,39,42,47,51,53,56,57,65,67,69],"ascension_level":1}}