{"host":"r4j5b3etkqj66d96","time":1614223438,"event":{"mods":["BaseMod","Colored Map","DeckTracker","Highlight Path","Minty Spire (QoL Compilation)","Quick Restart","Relic Stats","StSLib","SuperFastMode"],"gold_per_floor":[115,115,129,54,54,81,81,93,117,134,49,49,78,98,98,173,173,184,195,195,211,221,221,247,247,247],"floor_reached":25,"language":"JPN","playtime":1188,"items_purged":["Defend_G"],"score":516,"play_id":"a403d369-e40d-42d8-a24f-269f1f1d167b","local_time":"20210225122358","is_ascension_mode":true,"campfire_choices":[{"data":"Neutralize","floor":7,"key":"SMITH"},{"data":"Leg Sweep","floor":12,"key":"SMITH"},{"floor":15,"key":"REST"},{"floor":23,"key":"REST"}],"circlet_count":0,"master_deck":["AscendersBane","Strike_G","Strike_G","Strike_G","Strike_G","Defend_G","Defend_G","Defend_G","Defend_G","Survivor","Neutralize+1","Blade Dance","Deflect","Leg Sweep+1","Quick Slash","Acrobatics","Tools of the Trade","Unload","Quick Slash","Storm of Steel","Dagger Spray+1","Footwork","Footwork+1","Eviscerate"],"relics":["Ring of the Snake","NeowsBlessing","Shuriken","Anchor","Blood Vial","Boot","Cursed Key","Omamori"],"acts_visited":["TheCity"],"potions_floor_usage":[13,16,24,24],"damage_taken":[{"damage":0,"enemies":"2 Louse","floor":1,"turns":1},{"damage":0,"enemies":"Cultist","floor":3,"turns":1},{"damage":0,"enemies":"Lagavulin","floor":6,"turns":1},{"damage":0,"enemies":"Jaw Worm","floor":8,"turns":4},{"damage":0,"enemies":"Exordium Wildlife","floor":10,"turns":4},{"damage":27,"enemies":"Gremlin Nob","floor":13,"turns":4},{"damage":4,"enemies":"Exordium Thugs","floor":14,"turns":4},{"damage":39,"enemies":"Slime Boss","floor":16,"turns":8},{"damage":12,"enemies":"Shell Parasite","floor":18,"turns":4},{"damage":2,"enemies":"Spheric Guardian","floor":19,"turns":3},{"damage":9,"enemies":"3 Cultists","floor":21,"turns":5},{"damage":11,"enemies":"Shelled Parasite and Fungi","floor":22,"turns":5},{"damage":41,"enemies":"Slavers","floor":24,"turns":7},{"damage":31,"enemies":"Cultist and Chosen","floor":25,"turns":3}],"seed_played":"-6402089494273069292","potions_obtained":[{"floor":3,"key":"Swift Potion"},{"floor":8,"key":"GamblersBrew"},{"floor":21,"key":"BlessingOfTheForge"},{"floor":22,"key":"FearPotion"}],"is_trial":false,"path_per_floor":["M","?","M","$","T","E","R","M","T","M","$","R","E","M","R","B",null,"M","M","?","M","M","R","E","M"],"character_chosen":"THE_SILENT","items_purchased":["Tools of the Trade"],"campfire_rested":2,"item_purchase_floors":[11],"current_hp_per_floor":[59,59,59,59,59,59,59,59,59,61,61,61,36,34,53,16,54,44,44,44,37,28,47,8,0,0],"gold":247,"neow_bonus":"THREE_ENEMY_KILL","is_daily":false,"chose_seed":false,"campfire_upgraded":2,"win_rate":0.0,"timestamp":1614223438,"path_taken":["M","?","M","$","?","E","R","M","T","?","?","R","E","M","R","BOSS","M","M","?","M","M","R","E","M"],"items_purchased_type":["Card"],"build_version":"2020-12-22","purchased_purges":1,"victory":false,"max_hp_per_floor":[66,66,66,66,66,66,66,66,66,66,66,66,66,66,66,66,66,66,66,66,66,66,66,66,66,66],"relic_stats":{"Blood Vial":20,"counters":[14,54],"Shuriken":[39],"Boot":[47],"Cursed Key":0,"obtain_stats":[{"Blood Vial":9,"Anchor":6,"NeowsBlessing":0,"Shuriken":5,"Omamori":24,"Boot":13,"Cursed Key":17,"Ring of the Snake":0},{"Blood Vial":4,"Anchor":3,"NeowsBlessing":0,"Shuriken":2,"Omamori":13,"Boot":6,"Cursed Key":8,"Ring of the Snake":0},{"Blood Vial":7,"Anchor":3,"NeowsBlessing":0,"Shuriken":2,"Omamori":51,"Boot":15,"Cursed Key":27,"Ring of the Snake":0}],"Ring of the Snake":[28]},"card_choices":[{"not_picked":["Outmaneuver","Sucker Punch"],"picked":"Blade Dance","floor":1},{"not_picked":["Expertise","Slice"],"picked":"Deflect","floor":3},{"not_picked":["Dodge and Roll","Acrobatics"],"picked":"Leg Sweep","floor":6},{"not_picked":["Dodge and Roll","Concentrate"],"picked":"Quick Slash","floor":8},{"not_picked":["Skewer","Flying Knee"],"picked":"Acrobatics","floor":10},{"not_picked":["Escape Plan","Outmaneuver"],"picked":"Unload","floor":13},{"not_picked":["PiercingWail","Poisoned Stab"],"picked":"Quick Slash","floor":14},{"not_picked":["Wraith Form v2","Grand Finale"],"picked":"Storm of Steel","floor":16},{"not_picked":["Footwork","Bouncing Flask"],"picked":"Dagger Spray+1","floor":18},{"not_picked":["Dagger Throw","Blade Dance"],"picked":"Footwork","floor":19},{"not_picked":["Reflex","Escape Plan"],"picked":"Footwork+1","floor":21},{"not_picked":["Slice","Outmaneuver","Catalyst"],"picked":"SKIP","floor":22},{"not_picked":["Dagger Throw","Sucker Punch"],"picked":"Eviscerate","floor":24}],"player_experience":1307202,"relics_obtained":[{"floor":5,"key":"Shuriken"},{"floor":6,"key":"Anchor"},{"floor":9,"key":"Blood Vial"},{"floor":13,"key":"Boot"},{"floor":24,"key":"Omamori"}],"event_choices":[{"cards_removed":["Strike_G"],"damage_healed":0,"gold_gain":0,"player_choice":"Purged","damage_taken":0,"max_hp_gain":0,"max_hp_loss":0,"event_name":"Purifier","floor":2,"gold_loss":0},{"damage_healed":0,"gold_gain":0,"player_choice":"Ignored","damage_taken":0,"max_hp_gain":0,"max_hp_loss":0,"event_name":"Ghosts","floor":20,"gold_loss":0}],"is_beta":false,"boss_relics":[{"not_picked":["Velvet Choker","Runic Pyramid"],"picked":"Cursed Key"}],"items_purged_floors":[4],"is_endless":false,"potions_floor_spawned":[3,8,10,21,22],"killed_by":"Cultist and Chosen","ascension_level":20}}