{"host":"19r1ww88x2tc73i0","time":1614230574,"event":{"mods":["BaseMod","BetterRewards","Colored Map","Minty Spire (QoL Compilation)","Relic Stats","StSLib","SuperFastMode","slay the spire mod where everything is the same but ironclad has a cowboy hat"],"gold_per_floor":[116,191,208,224,241,274,274,307,384,384,384,384,404,422,422,497,497,457,457],"floor_reached":18,"language":"ENG","playtime":1187,"items_purged":[],"score":344,"play_id":"533a5762-4224-429f-be49-5c43ba4d716a","local_time":"25640225122254","is_ascension_mode":true,"campfire_choices":[{"floor":7,"key":"REST"},{"floor":10,"key":"REST"},{"data":"Envenom","floor":12,"key":"SMITH"},{"data":"Deadly Poison","floor":15,"key":"SMITH"}],"circlet_count":0,"master_deck":["AscendersBane","Survivor","Neutralize","Sucker Punch","Slice","Deadly Poison+1","Blade Dance","Envenom+1","Escape Plan","Backflip","Terror","Die Die Die","Expertise","Prepared","Setup","Flying Knee","Expertise","Dodge and Roll","Tools of the Trade","Accuracy","Expertise"],"relics":["Ring of the Snake","Ornamental Fan","CaptainsWheel","Eternal Feather","Pandora\u0027s Box"],"acts_visited":["Exordium","TheCity"],"potions_floor_usage":[6,18],"damage_taken":[{"damage":0,"enemies":"Cultist","floor":1,"turns":4},{"damage":1,"enemies":"Small Slimes","floor":3,"turns":3},{"damage":7,"enemies":"Jaw Worm","floor":4,"turns":5},{"damage":0,"enemies":"2 Fungi Beasts","floor":5,"turns":4},{"damage":27,"enemies":"Gremlin Nob","floor":6,"turns":4},{"damage":38,"enemies":"3 Sentries","floor":8,"turns":12},{"damage":0,"enemies":"Blue Slaver","floor":13,"turns":3},{"damage":1,"enemies":"Red Slaver","floor":14,"turns":4},{"damage":11,"enemies":"The Guardian","floor":16,"turns":9},{"damage":11,"enemies":"2 Thieves","floor":18,"turns":2}],"seed_played":"-3029240512348791255","potions_obtained":[{"floor":1,"key":"Strength Potion"},{"floor":5,"key":"Weak Potion"},{"floor":8,"key":"Weak Potion"}],"is_trial":false,"path_per_floor":["M","?","M","M","M","E","R","E","T","R","?","R","M","M","R","B",null,"M"],"character_chosen":"THE_SILENT","items_purchased":[],"campfire_rested":2,"item_purchase_floors":[],"current_hp_per_floor":[65,54,53,46,46,19,40,2,2,32,25,34,34,33,45,34,63,52,52],"gold":457,"neow_bonus":"TEN_PERCENT_HP_BONUS","is_daily":false,"chose_seed":false,"campfire_upgraded":2,"win_rate":0.0,"timestamp":1614230574,"path_taken":["M","?","M","M","M","E","R","E","T","R","?","R","M","M","R","BOSS","M"],"items_purchased_type":[],"build_version":"2020-12-22","purchased_purges":0,"victory":false,"max_hp_per_floor":[72,72,72,72,72,72,72,72,72,72,72,72,72,72,72,72,72,72,72],"relic_stats":{"counters":[10,50],"Ornamental Fan":[36],"Eternal Feather":30,"Pandora\u0027s Box":["Expertise","Prepared","Setup","Flying Knee","Expertise","Dodge and Roll","Tools of the Trade","Accuracy","Expertise"],"obtain_stats":[{"CaptainsWheel":8,"Ornamental Fan":6,"Eternal Feather":9,"Pandora\u0027s Box":17,"Ring of the Snake":0},{"CaptainsWheel":6,"Ornamental Fan":5,"Eternal Feather":6,"Pandora\u0027s Box":9,"Ring of the Snake":0},{"CaptainsWheel":32,"Ornamental Fan":20,"Eternal Feather":32,"Pandora\u0027s Box":48,"Ring of the Snake":0}],"Ring of the Snake":[20]},"card_choices":[{"not_picked":["Outmaneuver","Backflip"],"picked":"Sucker Punch","floor":1},{"not_picked":["Infinite Blades","Prepared"],"picked":"Slice","floor":3},{"not_picked":["Bane","Tactician"],"picked":"Deadly Poison","floor":4},{"not_picked":["Dagger Throw","Outmaneuver"],"picked":"Blade Dance","floor":5},{"not_picked":["Well Laid Plans","Acrobatics"],"picked":"Envenom","floor":6},{"not_picked":["Reflex","Quick Slash"],"picked":"Escape Plan","floor":8},{"not_picked":["Prepared","Reflex"],"picked":"Backflip","floor":13},{"not_picked":["Dagger Spray","Deflect"],"picked":"Terror","floor":14},{"not_picked":["Storm of Steel","Unload"],"picked":"Die Die Die","floor":16}],"player_experience":1166565,"relics_obtained":[{"floor":6,"key":"Ornamental Fan"},{"floor":8,"key":"CaptainsWheel"},{"floor":9,"key":"Eternal Feather"}],"event_choices":[{"damage_healed":0,"gold_gain":75,"player_choice":"Gather Gold","damage_taken":11,"max_hp_gain":0,"max_hp_loss":0,"event_name":"World of Goop","floor":2,"gold_loss":0},{"cards_removed":["Strike_G"],"damage_healed":0,"gold_gain":0,"player_choice":"Card Removal","damage_taken":7,"max_hp_gain":0,"max_hp_loss":0,"event_name":"Golden Wing","floor":11,"gold_loss":0}],"is_beta":false,"boss_relics":[{"not_picked":["Philosopher\u0027s Stone","Runic Dome"],"picked":"Pandora\u0027s Box"}],"items_purged_floors":[],"is_endless":false,"potions_floor_spawned":[1,5,8],"killed_by":"2 Thieves","ascension_level":20}}