{"host":"p2ps6s9o3p66sm0r","time":1614234302,"event":{"mods":["BaseMod","Downfall","Hermit","Minty Spire (QoL Compilation)","Replay The Spire","StSLib","The Cursed","The Servant 0.9.4"],"gold_per_floor":[99,110,120,120,120,131,158,168,168,179,179,189,189,206,223,223,223,223],"floor_reached":16,"language":"ENG","playtime":912,"items_purged":[],"score":96,"play_id":"48531c11-ca78-4025-ae51-6c8633344e62","local_time":"20210225012502","is_ascension_mode":false,"campfire_choices":[{"data":"bronze:Replicate","floor":1,"key":"SMITH"},{"data":"bronze:DelayedSlice","floor":9,"key":"SMITH"},{"data":"m_Bronzebash","floor":13,"key":"SMITH"}],"circlet_count":0,"master_deck":["bronze:Strike","bronze:Strike","bronze:Strike","bronze:Strike","bronze:Defend","bronze:Defend","bronze:Defend","bronze:Defend","bronze:Replicate+1","bronze:Goto","bronze:Shell","m_Bronzebash+1","bronze:FollowUp","bronze:DelayedSlice+1","bronze:Iterate+1","bronze:FollowUp","bronze:GetLatest","bronze:Frontload"],"relics":["bronze:BronzeCore","Lantern"],"acts_visited":["Exordium"],"potions_floor_usage":[12,16,16],"damage_taken":[{"damage":1,"enemies":"Jaw Worm","floor":2,"turns":3},{"damage":4,"enemies":"Small Slimes","floor":3,"turns":4},{"damage":0,"enemies":"Cultist","floor":6,"turns":3},{"damage":5,"enemies":"Gremlin Gang","floor":8,"turns":5},{"damage":2,"enemies":"3 Louse","floor":10,"turns":2},{"damage":0,"enemies":"2 Fungi Beasts","floor":12,"turns":2},{"damage":3,"enemies":"Red Slaver","floor":14,"turns":2},{"damage":0,"enemies":"downfall:LooterAlt","floor":15,"turns":2},{"damage":59,"enemies":"WA_ARCHETYPE_RETAIN","floor":16,"turns":9}],"seed_played":"-405016867273977575","potions_obtained":[{"floor":8,"key":"AttackPotion"},{"floor":10,"key":"hexamod:SoulburnPotion"},{"floor":14,"key":"bronze:FreeFunctionsPotion"}],"is_trial":false,"path_per_floor":["R","M","M","?","?","M","T","M","R","M","?","M","R","M","M","B"],"character_chosen":"THE_AUTOMATON","items_purchased":[],"campfire_rested":0,"item_purchase_floors":[],"current_hp_per_floor":[77,76,72,72,72,72,72,67,67,65,65,65,65,62,62,3,3,3],"gold":223,"neow_bonus":"TEN_PERCENT_HP_BONUS","is_daily":false,"chose_seed":false,"campfire_upgraded":3,"win_rate":0.0,"timestamp":1614234302,"path_taken":["R","M","M","?","?","M","T","M","R","M","?","M","R","?","M","BOSS"],"items_purchased_type":[],"build_version":"2020-12-22","purchased_purges":0,"victory":false,"max_hp_per_floor":[77,77,77,77,77,77,77,77,77,77,77,77,77,77,77,77,77,77],"card_choices":[{"not_picked":["bronze:WildBeam","bronze:Overload"],"picked":"bronze:CutThrough","floor":2},{"not_picked":["bronze:ForceShield","bronze:DelayedSlice"],"picked":"bronze:Shell","floor":3},{"not_picked":["bronze:Turbo","bronze:WildBeam"],"picked":"bronze:FollowUp","floor":6},{"not_picked":["bronze:Optimize","bronze:DigitalCarnage"],"picked":"bronze:DelayedSlice","floor":8},{"not_picked":["bronze:Safeguard","bronze:WildBeam"],"picked":"bronze:Iterate","floor":10},{"not_picked":["bronze:Overheat","bronze:Overload"],"picked":"bronze:FollowUp","floor":12},{"not_picked":["bronze:DelayedGuard","bronze:Safeguard"],"picked":"bronze:GetLatest","floor":14},{"not_picked":["bronze:Invalidate","bronze:ItsAFeature"],"picked":"bronze:Frontload","floor":15}],"player_experience":194480,"relics_obtained":[{"floor":7,"key":"Lantern"}],"event_choices":[],"is_beta":false,"boss_relics":[],"items_purged_floors":[],"is_endless":false,"potions_floor_spawned":[8,10,14],"killed_by":"WA_ARCHETYPE_RETAIN","ascension_level":0}}