{"host":"1bvadgc0hovl67h4","time":1614297325,"event":{"mods":["Bard","BaseMod","Beaked The Cultist","Colored Map","Downfall","Halation","Hermit","Minty Spire (QoL Compilation)","Morshu Shopkeeper","Morshu Shopkeeper - ENHANCED","Replay The Spire","Robot Space Explorer","StSLib","The Blackbeard","The Cursed"],"gold_per_floor":[116,128,140,140,140,140,140,151,176,176,176],"floor_reached":10,"language":"ENG","playtime":322,"items_purged":[],"score":58,"play_id":"320c5e58-061d-4ae7-a6f5-21e1d729f0a8","local_time":"20210225155525","is_ascension_mode":false,"campfire_choices":[{"data":"beaked:WindBringer","floor":6,"key":"SMITH"}],"circlet_count":0,"master_deck":["beaked:Strike_Y","beaked:Strike_Y","beaked:Strike_Y+1","beaked:Strike_Y+1","beaked:Strike_Y","beaked:Strike_Y","beaked:Defend_Y","beaked:Defend_Y","beaked:Defend_Y","beaked:Defend_Y","beaked:Ceremony+1","beaked:Ceremony","beaked:Ceremony","beaked:WindBringer+1","beaked:Negation"],"relics":["beaked:MendingPlumage","NeowsBlessing","Smiling Mask"],"acts_visited":["Exordium"],"potions_floor_usage":[],"damage_taken":[{"damage":0,"enemies":"Cultist","floor":1,"turns":1},{"damage":0,"enemies":"2 Louse","floor":2,"turns":1},{"damage":0,"enemies":"Jaw Worm","floor":3,"turns":1},{"damage":32,"enemies":"Large Slime","floor":8,"turns":4},{"damage":31,"enemies":"Lagavulin","floor":10,"turns":5}],"seed_played":"8414341309434879886","potions_obtained":[{"floor":2,"key":"BlessingOfTheForge"},{"floor":3,"key":"Strength Potion"}],"is_trial":false,"path_per_floor":["M","M","M","?","?","R","?","M","T","E"],"character_chosen":"BEAKED_THE_CULTIST","items_purchased":[],"campfire_rested":0,"item_purchase_floors":[],"current_hp_per_floor":[50,50,50,50,55,55,44,22,22,0,0],"gold":176,"neow_bonus":"THREE_ENEMY_KILL","is_daily":false,"chose_seed":false,"campfire_upgraded":1,"win_rate":0.0,"timestamp":1614297325,"path_taken":["M","M","?","?","?","R","?","M","T","E"],"items_purchased_type":[],"build_version":"2020-12-22","purchased_purges":0,"victory":false,"max_hp_per_floor":[50,50,50,50,55,55,55,55,55,55,55],"card_choices":[{"not_picked":["beaked:TuckingFeathers","beaked:Pecker"],"picked":"beaked:WindBringer","floor":1},{"not_picked":["beaked:CursingBlood","beaked:SacrificialDive","beaked:Poke"],"picked":"SKIP","floor":2},{"not_picked":["beaked:SacrificialAttack","beaked:FeelMyPain"],"picked":"beaked:Negation","floor":3},{"not_picked":["beaked:DigDeeper","beaked:CursingBlood","beaked:StunningBlow"],"picked":"SKIP","floor":8}],"player_experience":293134,"relics_obtained":[{"floor":9,"key":"Smiling Mask"}],"event_choices":[{"damage_healed":0,"gold_gain":0,"player_choice":"Donut","damage_taken":0,"max_hp_gain":5,"max_hp_loss":0,"event_name":"Big Fish","floor":5,"gold_loss":0},{"damage_healed":0,"gold_gain":0,"player_choice":"Entered Light","damage_taken":11,"max_hp_gain":0,"max_hp_loss":0,"event_name":"Shining Light","floor":7,"gold_loss":0,"cards_upgraded":["beaked:Strike_Y","beaked:Ceremony"]}],"is_beta":false,"boss_relics":[],"items_purged_floors":[],"is_endless":false,"potions_floor_spawned":[2,3],"killed_by":"Lagavulin","ascension_level":0}}