{"host":"uv231blk40vjdojr","time":1614263506,"event":{"mods":["BaseMod","Minty Spire (QoL Compilation)","Relic Stats","ojb\u0027s Info Mod"],"gold_per_floor":[114,134,148,78,78,78,103,27,27,27,53,53,23,57,57,162,162,172,191,208,208,63,95,95,128,128,128,138,153,5,24,24,124,124,144,144,144,161,171,171,206,217,297,309,309,1,15,15,15,15,15,15,15,45,45,45],"floor_reached":55,"language":"ENG","playtime":2862,"items_purged":["LessonLearned+1"],"score":1059,"play_id":"ec353ff4-91e0-4f8c-9926-e37d02fa8fb0","local_time":"20210225153146","is_ascension_mode":true,"campfire_choices":[{"data":"Eruption","floor":6.0,"key":"SMITH"},{"data":"LessonLearned","floor":10.0,"key":"SMITH"},{"floor":12.0,"key":"REST"},{"data":"Wallop","floor":15.0,"key":"SMITH"},{"floor":24.0,"key":"REST"},{"data":"LikeWater","floor":27,"key":"SMITH"},{"floor":32,"key":"REST"},{"data":"Protect","floor":40,"key":"SMITH"},{"floor":45,"key":"RECALL"},{"floor":49,"key":"REST"},{"floor":52,"key":"REST"}],"circlet_count":0,"master_deck":["Strike_P+1","Defend_P+1","Defend_P+1","Defend_P+1","Eruption+1","Vigilance+1","Fasting2+1","WindmillStrike+1","Adaptation+1","FollowUp+1","CutThroughFate+1","BowlingBash+1","Meditate+1","FearNoEvil+1","FlurryOfBlows+1","Wallop+1","Establishment+1","Halt+1","LikeWater+1","Protect+1","SpiritShield+1","ReachHeaven+1","Wallop+1","Adaptation+1","Ragnarok+1","CutThroughFate+1","CarveReality+1","Tantrum+1","Devotion"],"relics":["Astrolabe","Eternal Feather","Mummified Hand","Singing Bowl","Bag of Preparation","VioletLotus","PreservedInsect","Pen Nib","Incense Burner","ClockworkSouvenir","Philosopher\u0027s Stone","Molten Egg 2","Ornamental Fan","Lee\u0027s Waffle","Bottled Lightning"],"acts_visited":["Exordium","TheCity","TheBeyond","TheEnding"],"potions_floor_usage":[25,31,31,41,54,55],"damage_taken":[{"damage":7.0,"enemies":"Small Slimes","floor":1.0,"turns":4.0},{"damage":2.0,"enemies":"Jaw Worm","floor":2.0,"turns":3.0},{"damage":12.0,"enemies":"Cultist","floor":3.0,"turns":3.0},{"damage":17.0,"enemies":"3 Sentries","floor":7.0,"turns":5.0},{"damage":10.0,"enemies":"Lagavulin","floor":11.0,"turns":6.0},{"damage":10.0,"enemies":"Gremlin Nob","floor":14.0,"turns":3.0},{"damage":37.0,"enemies":"The Guardian","floor":16.0,"turns":7.0},{"damage":11.0,"enemies":"3 Byrds","floor":18.0,"turns":4.0},{"damage":0.0,"enemies":"Spheric Guardian","floor":19.0,"turns":3.0},{"damage":21.0,"enemies":"Snake Plant","floor":20.0,"turns":3.0},{"damage":28.0,"enemies":"Gremlin Leader","floor":23.0,"turns":8.0},{"damage":0,"enemies":"Book of Stabbing","floor":25,"turns":2},{"damage":4,"enemies":"Centurion and Healer","floor":28,"turns":3},{"damage":10,"enemies":"Shelled Parasite and Fungi","floor":29,"turns":2},{"damage":0,"enemies":"Snake Plant","floor":31,"turns":3},{"damage":31,"enemies":"Champ","floor":33,"turns":7},{"damage":0,"enemies":"Orb Walker","floor":35,"turns":3},{"damage":2,"enemies":"3 Darklings","floor":38,"turns":7},{"damage":2,"enemies":"Spire Growth","floor":39,"turns":3},{"damage":21,"enemies":"Nemesis","floor":41,"turns":5},{"damage":6,"enemies":"Transient","floor":42,"turns":5},{"damage":0,"enemies":"4 Shapes","floor":44,"turns":4},{"damage":0,"enemies":"Spire Growth","floor":47,"turns":3},{"damage":38,"enemies":"Donu and Deca","floor":50,"turns":6},{"damage":2,"enemies":"Shield and Spear","floor":54,"turns":4},{"damage":90,"enemies":"The Heart","floor":55,"turns":6}],"seed_played":"4494303940064848484","potions_obtained":[{"floor":3.0,"key":"AttackPotion"},{"floor":11.0,"key":"Dexterity Potion"},{"floor":13.0,"key":"BottledMiracle"},{"floor":13.0,"key":"PowerPotion"},{"floor":16.0,"key":"FearPotion"},{"floor":18.0,"key":"Fire Potion"},{"floor":28,"key":"BottledMiracle"},{"floor":29,"key":"DistilledChaos"},{"floor":33,"key":"Ambrosia"},{"floor":41,"key":"DistilledChaos"}],"is_trial":false,"path_per_floor":["M","M","M","$","?","R","E","$","T","R","E","R","?","E","R","B",null,"M","M","M","?","$","E","R","E","T","R","M","M","$","M","R","B",null,"M","?","$","M","M","R","E","M","T","M","R","$","M","?","R","B",null,"R","$","E","B"],"character_chosen":"WATCHER","items_purchased":["Meditate","FearNoEvil","PreservedInsect","ClockworkSouvenir","Tantrum+1","Lee\u0027s Waffle"],"campfire_rested":5,"item_purchase_floors":[4,8,22,30,46,46],"current_hp_per_floor":[58,56,44,44,44,44,27,27,27,36,26,56,56,46,55,18,59,48,50,29,29,29,3,37,39,39,51,49,39,39,41,77,46,73,73,73,73,71,69,82,61,55,55,55,70,89,91,86,86,48,77,86,86,84,0,0],"gold":45,"neow_bonus":"BOSS_RELIC","is_daily":false,"chose_seed":false,"campfire_upgraded":5,"win_rate":0.0,"timestamp":1614263506,"path_taken":["M","M","M","$","?","R","E","$","T","R","E","R","?","E","R","BOSS","M","M","M","?","?","E","R","E","T","R","M","?","$","M","R","BOSS","M","?","$","M","M","R","E","?","T","M","R","?","?","?","R","BOSS","R","$","E","BOSS"],"items_purchased_type":["Card","Card","Relic","Relic","Card","Relic"],"build_version":"2020-12-22","purchased_purges":1,"victory":false,"max_hp_per_floor":[72,72,72,72,72,72,72,72,72,72,72,72,72,72,72,72,72,72,74,74,74,74,76,76,78,78,78,80,80,80,82,82,82,82,82,82,82,82,82,82,82,82,82,82,82,89,91,86,86,86,86,86,86,86,86,86],"relic_stats":{"Lee\u0027s Waffle":19,"Singing Bowl":12,"counters":[26,112],"Mummified Hand":[101],"Ornamental Fan":[64],"Astrolabe":["Fasting2","WindmillStrike","Adaptation"],"Eternal Feather":100,"VioletLotus":[25],"PreservedInsect":234,"Pen Nib":[19],"Bag of Preparation":[40],"obtain_stats":[{"Lee\u0027s Waffle":46,"Singing Bowl":11,"Astrolabe":0,"Eternal Feather":7,"PreservedInsect":22,"Pen Nib":23,"Bag of Preparation":14,"Incense Burner":25,"ClockworkSouvenir":30,"Mummified Hand":9,"Ornamental Fan":43,"Philosopher\u0027s Stone":34,"Molten Egg 2":41,"VioletLotus":17,"Bottled Lightning":54,"PureWater":0},{"Lee\u0027s Waffle":22,"Singing Bowl":5,"Astrolabe":0,"Eternal Feather":4,"PreservedInsect":10,"Pen Nib":11,"Bag of Preparation":6,"Incense Burner":12,"ClockworkSouvenir":14,"Mummified Hand":4,"Ornamental Fan":21,"Philosopher\u0027s Stone":16,"Molten Egg 2":20,"VioletLotus":7,"Bottled Lightning":25,"PureWater":0},{"Lee\u0027s Waffle":93,"Singing Bowl":21,"Astrolabe":0,"Eternal Feather":15,"PreservedInsect":41,"Pen Nib":49,"Bag of Preparation":24,"Incense Burner":51,"ClockworkSouvenir":56,"Mummified Hand":15,"Ornamental Fan":89,"Philosopher\u0027s Stone":66,"Molten Egg 2":84,"VioletLotus":31,"Bottled Lightning":106,"PureWater":0}]},"card_choices":[{"not_picked":["EmptyFist","Conclude"],"picked":"FollowUp","floor":1.0},{"not_picked":["ClearTheMind","Crescendo"],"picked":"CutThroughFate","floor":2.0},{"not_picked":["PathToVictory","WindmillStrike"],"picked":"BowlingBash","floor":3.0},{"not_picked":["Prostrate","CutThroughFate"],"picked":"LessonLearned","floor":7.0},{"not_picked":["SandsOfTime","BowlingBash"],"picked":"FlurryOfBlows","floor":11.0},{"not_picked":["FearNoEvil","EmptyBody"],"picked":"Wallop","floor":14.0},{"not_picked":["Judgement","Brilliance"],"picked":"Establishment","floor":16.0},{"not_picked":["Worship","CrushJoints"],"picked":"Halt+1","floor":18.0},{"not_picked":["FlyingSleeves","Prostrate","JustLucky+1"],"picked":"Singing Bowl","floor":19.0},{"not_picked":["FlyingSleeves","ConjureBlade"],"picked":"LikeWater","floor":20.0},{"not_picked":["Pray","Prostrate+1","EmptyMind+1"],"picked":"Singing Bowl","floor":23.0},{"not_picked":["Fasting2","Collect+1","EmptyFist+1"],"picked":"Singing Bowl","floor":25},{"not_picked":["BowlingBash","FlurryOfBlows","JustLucky"],"picked":"Singing Bowl","floor":28},{"not_picked":["Vengeance","JustLucky"],"picked":"Protect","floor":29},{"not_picked":["Evaluate","FlyingSleeves","EmptyFist+1"],"picked":"Singing Bowl","floor":31},{"not_picked":["Establishment","Ragnarok"],"picked":"SpiritShield","floor":33},{"not_picked":["Nirvana","PathToVictory+1"],"picked":"ReachHeaven+1","floor":35},{"not_picked":["WindmillStrike+1","Crescendo+1"],"picked":"Wallop+1","floor":38},{"not_picked":["Pray","PathToVictory"],"picked":"Adaptation+1","floor":39},{"not_picked":["Crescendo+1","Perseverance"],"picked":"Ragnarok+1","floor":41},{"not_picked":["WaveOfTheHand","DeceiveReality"],"picked":"CutThroughFate+1","floor":42},{"not_picked":["FlyingSleeves+1","EmptyFist+1"],"picked":"CarveReality+1","floor":44},{"not_picked":["EmptyBody","Pray","Evaluate+1"],"picked":"Singing Bowl","floor":47},{"not_picked":["FlyingSleeves+1","CutThroughFate+1"],"picked":"Devotion","floor":54}],"player_experience":798753,"relics_obtained":[{"floor":7.0,"key":"Eternal Feather"},{"floor":9.0,"key":"Mummified Hand"},{"floor":11.0,"key":"Singing Bowl"},{"floor":14.0,"key":"Bag of Preparation"},{"floor":23.0,"key":"Pen Nib"},{"floor":25,"key":"Incense Burner"},{"floor":41,"key":"Molten Egg 2"},{"floor":43,"key":"Ornamental Fan"},{"floor":54,"key":"Bottled Lightning"}],"event_choices":[{"damage_healed":0.0,"max_hp_gain":0.0,"max_hp_loss":0.0,"gold_gain":0.0,"event_name":"Liars Game","player_choice":"Ignored","floor":5.0,"gold_loss":0.0,"damage_taken":0.0},{"damage_healed":0.0,"max_hp_gain":0.0,"max_hp_loss":0.0,"gold_gain":0.0,"event_name":"The Woman in Blue","player_choice":"Bought 2 Potions","floor":13.0,"gold_loss":0.0,"damage_taken":0.0},{"cards_removed":["Strike_P"],"damage_healed":0.0,"max_hp_gain":0.0,"max_hp_loss":0.0,"gold_gain":0.0,"event_name":"Bonfire Elementals","player_choice":"Offered Basic","floor":21.0,"gold_loss":0.0,"damage_taken":0.0},{"damage_healed":0,"gold_gain":0,"player_choice":"Ignored","damage_taken":0,"max_hp_gain":0,"max_hp_loss":0,"event_name":"NoteForYourself","floor":36,"gold_loss":0},{"damage_healed":0,"gold_gain":0,"player_choice":"Max HP","damage_taken":0,"max_hp_gain":0,"max_hp_loss":5,"event_name":"Winding Halls","floor":48,"gold_loss":0}],"is_beta":false,"boss_relics":[{"not_picked":["Tiny House","Empty Cage"],"picked":"VioletLotus"},{"not_picked":["Black Star","Pandora\u0027s Box"],"picked":"Philosopher\u0027s Stone"}],"items_purged_floors":[46],"is_endless":false,"potions_floor_spawned":[3,11,16,18,28,29,33,41],"killed_by":"The Heart","ascension_level":9}}