{"host":"64qzurqwi0x0qgxo","time":1614232345,"event":{"mods":["100% Spire Juice","ATMod(∞¢Ë™Mod)","Act Like it!","BaseMod","BetterRewards","Colored Map","Colored Powertips","Downfall","Gensokyo","Googly Eyes","Keyboard Shortcuts","Koishi","KomeijiMod","Library of Ruina","Library of Ruina Extra","Marisa£®ÏF”Í°°ƒß¿Ì…≥£©","Minty Spire (QoL Compilation)","MostiFishMod","Quick Restart","Rare Cards Sparkle","Reimu£®≤©¿ˆ¡È√Œ£©","Relic Stats","Remilia_Scarlet Moed£®¿Ÿ√◊¿Ú—«°§Àπø®¿◊Ãÿ£©3.3.5","Remove Card Discount Mod","Replay The Spire","StSLib","The Animator","noobMod"],"gold_per_floor":[113,24,43,59,109,139,139,139,139,139,158,207,207,272,272,393,393,406,419,147,147,227,262,262,306,306,337,337,376,115,134,134,254,254,279,303,149,197,215,215,250,264,264,277,613,946,284,284,284,284,284,284,284,111,138,138],"floor_reached":57,"language":"ZHS","playtime":2485,"items_purged":["Dodge","LightDefense","LightDefense","LightDefense","LightAttack","downfall:Malfunctioning","LightAttack","ChargeAndCover","FocusedStrikes","Hallucinations","WillOfThePrescript","Parasite","Outburst","StrongStrike","StrongStrike","downfall:Malfunctioning","DesperateStruggle","GrazeTheGrass","FieryWaltz","Pain","Regret","Languid","Delirium"],"score":1525,"play_id":"3924d93a-aa94-492f-8134-695933014bf5","local_time":"20210225135225","is_ascension_mode":true,"campfire_choices":[{"floor":10,"key":"RECALL"},{"data":"LightAttack","floor":15,"key":"PURGE"},{"floor":24,"key":"REST"},{"floor":40,"key":"REST"},{"floor":49,"key":"REST"},{"floor":53,"key":"REST"}],"circlet_count":0,"master_deck":["Punishment","SuanNi","GutHarvesting","RemiliaMod:CYMZW","ButterflySlash","ReplayTheSpireMod:Faulty Equipment","Unlock1","RagingStormLove","BladeWhirl+1","QuickSuppression+1","SinglePointStab+1","SunsetBlade+1","TheRedNotes+1","CleanUp","TheRedNotes+1","FrontalAssault+1","DarkCloud","SunsetBlade+1","Wraith","SinglePointStab+1","SunsetBlade+1","ChopItOff+1"],"relics":["PageOfLibrarian","ice","DaveBox","AT_ATBox","EGODaCapo","SynthV:TestCard","Ring of Fury","Ring of Greed","Smiling Mask","Replay:Wax Seal","Snack Pack","Bag of Preparation","Fusion Hammer","Toxic Egg 2","MutagenicStrength","Blood Vial","PageOfSnowWhitesApple","Ornamental Fan","Blue Doll","Replay:Rubber Ducky","PageOfBigBird","PatriotShield","PageOfSingingMachine","Thread and Needle","Darkstone Periapt","Old Coin","Quantum Egg","DollysMirror","Meat on the Bone","AT_ChloranthyRing","Bag of Marbles"],"acts_visited":["Exordium","TheCity","TheBeyond","TheEnding"],"potions_floor_usage":[],"damage_taken":[{"damage":0,"enemies":"2 Louse","floor":1,"turns":4},{"damage":0,"enemies":"Small Slimes","floor":3,"turns":2},{"damage":0,"enemies":"Cultist","floor":4,"turns":2},{"damage":10,"enemies":"3 Sentries","floor":6,"turns":7},{"damage":4,"enemies":"Large Slime","floor":11,"turns":5},{"damage":0,"enemies":"Blue Slaver","floor":12,"turns":2},{"damage":0,"enemies":"Lagavulin","floor":14,"turns":4},{"damage":20,"enemies":"The Guardian","floor":16,"turns":6},{"damage":0,"enemies":"2 Thieves","floor":18,"turns":3},{"damage":2,"enemies":"3 Byrds","floor":19,"turns":2},{"damage":4,"enemies":"Slavers","floor":23,"turns":2},{"damage":0,"enemies":"Book of Stabbing","floor":25,"turns":3},{"damage":0,"enemies":"Slavers","floor":27,"turns":1},{"damage":2,"enemies":"Gremlin Leader","floor":29,"turns":2},{"damage":2,"enemies":"Snake Plant","floor":31,"turns":1},{"damage":4,"enemies":"RedHoodMercenary","floor":33,"turns":4},{"damage":0,"enemies":"3 Darklings","floor":35,"turns":1},{"damage":0,"enemies":"3 Shapes","floor":36,"turns":1},{"damage":0,"enemies":"Sphere and 2 Shapes","floor":38,"turns":2},{"damage":0,"enemies":"Jaw Worm Horde","floor":39,"turns":1},{"damage":0,"enemies":"Giant Head","floor":41,"turns":1},{"damage":0,"enemies":"Maw","floor":42,"turns":2},{"damage":0,"enemies":"4 Shapes","floor":44,"turns":1},{"damage":0,"enemies":"R_Hoarder","floor":45,"turns":2},{"damage":0,"enemies":"Replay:Hell Engine","floor":50,"turns":4},{"damage":0,"enemies":"Replay:Hell Engine","floor":51,"turns":3},{"damage":0,"enemies":"Shield and Spear","floor":55,"turns":3},{"damage":0,"enemies":"The Heart","floor":56,"turns":5}],"seed_played":"-1748637722885757676","potions_obtained":[{"floor":22,"key":"Strength Potion"},{"floor":45,"key":"SpeedPotion"}],"is_trial":false,"path_per_floor":["M","$","M","M","?","E","?","?","T","R","M","M","?","E","R_BF","B",null,"M","M","$","?","?","E","R","E","T","E","?","E","$","M","R_BF","B",null,"M","M","$","M","M","R","E","M","T","M","E","?","$","?","R","B",null,null,"R","$","E","B",null],"character_chosen":"Librarian","items_purchased":["WillOfThePrescript","GrazeTheGrass","Toxic Egg 2","PageOfBigBird","PageOfSingingMachine","Quantum Egg","DollysMirror","Meat on the Bone","AT_ChloranthyRing","SunsetBlade+1"],"campfire_rested":4,"item_purchase_floors":[2,2,20,30,37,47,47,47,54,54],"current_hp_per_floor":[60,60,62,62,62,52,57,57,57,57,53,53,36,38,38,20,70,70,68,68,68,50,52,74,67,67,67,53,55,55,57,57,63,84,84,84,84,84,86,91,91,72,72,78,93,105,105,105,121,121,121,121,199,199,85,87],"gold":138,"neow_bonus":"TRANSFORM_CARD","is_daily":false,"chose_seed":false,"campfire_upgraded":0,"win_rate":0.0,"timestamp":1614232345,"path_taken":["M","$","M","M","?","E","?","?","T","R","M","M","?","E","R_BF","BOSS","M","M","$","?","?","E","R","E","T","E","?","E","$","M","R_BF","BOSS","M","M","$","M","M","R","E","M","T","?","E","?","$","?","R","BOSS","R","$","E","BOSS"],"items_purchased_type":["Card","Card","Relic","Relic","Relic","Relic","Relic","Relic","Relic","Card"],"build_version":"2020-12-22","purchased_purges":23,"victory":true,"max_hp_per_floor":[74,74,62,70,70,75,80,80,80,75,75,70,70,67,70,70,70,76,75,75,75,75,70,75,67,67,75,80,233,230,83,230,84,84,84,84,84,91,91,91,91,72,72,91,93,105,105,105,121,121,121,121,260,260,260,260],"relic_stats":{"Blood Vial":17,"Darkstone Periapt":30,"counters":[28,75],"Ornamental Fan":[116],"Bag of Preparation":[42],"Smiling Mask":-864,"obtain_stats":[{"Darkstone Periapt":43,"PatriotShield":34,"AT_ATBox":0,"DaveBox":0,"Blue Doll":26,"ice":0,"Bag of Preparation":14,"PageOfSingingMachine":37,"Smiling Mask":5,"Replay:Rubber Ducky":29,"Old Coin":45,"Blood Vial":22,"DollysMirror":47,"Fusion Hammer":17,"PageOfSnowWhitesApple":23,"Replay:Wax Seal":5,"Toxic Egg 2":20,"AT_ChloranthyRing":54,"Golden Idol":13,"Quantum Egg":47,"Thread and Needle":41,"Ring of Greed":5,"PageOfLibrarian":0,"SynthV:TestCard":1,"EGODaCapo":0,"Ornamental Fan":25,"MutagenicStrength":21,"Ring of Fury":5,"Snack Pack":6,"Bag of Marbles":55,"PageOfBigBird":30,"Meat on the Bone":47},{"Darkstone Periapt":22,"PatriotShield":16,"AT_ATBox":0,"DaveBox":0,"Blue Doll":12,"ice":0,"Bag of Preparation":7,"PageOfSingingMachine":18,"Smiling Mask":3,"Replay:Rubber Ducky":14,"Old Coin":24,"Blood Vial":10,"DollysMirror":24,"Fusion Hammer":8,"PageOfSnowWhitesApple":11,"Replay:Wax Seal":3,"Toxic Egg 2":10,"AT_ChloranthyRing":26,"Golden Idol":6,"Quantum Egg":24,"Thread and Needle":21,"Ring of Greed":3,"PageOfLibrarian":0,"SynthV:TestCard":1,"EGODaCapo":0,"Ornamental Fan":12,"MutagenicStrength":10,"Ring of Fury":3,"Snack Pack":4,"Bag of Marbles":27,"PageOfBigBird":14,"Meat on the Bone":24},{"Darkstone Periapt":57,"PatriotShield":49,"AT_ATBox":0,"DaveBox":0,"Blue Doll":41,"ice":0,"Bag of Preparation":26,"PageOfSingingMachine":51,"Smiling Mask":8,"Replay:Rubber Ducky":44,"Old Coin":60,"Blood Vial":37,"DollysMirror":60,"Fusion Hammer":32,"PageOfSnowWhitesApple":39,"Replay:Wax Seal":8,"Toxic Egg 2":37,"AT_ChloranthyRing":67,"Golden Idol":22,"Quantum Egg":60,"Thread and Needle":55,"Ring of Greed":8,"PageOfLibrarian":0,"SynthV:TestCard":4,"EGODaCapo":0,"Ornamental Fan":41,"MutagenicStrength":37,"Ring of Fury":8,"Snack Pack":15,"Bag of Marbles":70,"PageOfBigBird":44,"Meat on the Bone":60}],"Meat on the Bone":24},"card_choices":[{"not_picked":["SnakesPrey","BindingArms","Feast","DarkCloud","MultiHit","Quickness","FierceCharge","RushDown"],"picked":"SuanNi","floor":1},{"not_picked":["SuppressingShot","UnavoidableGaze","Faith","BoundaryOfDeath","GuardingStance","HandleRequest","NightInTheBackstreets","WillOfThePrescript","SunsetBlade","BiAn"],"picked":"StrongStrike","floor":3},{"not_picked":["SmokingPipe","SuppressingShot","ViolentFlame","StructuralAnalysis","HandlingWork","ChopItOff","BoundaryOfDeath","FierceCharge","SerpentineBarrier","CombatPreparation","Creak"],"picked":"SKIP","floor":4},{"not_picked":["Ripple","IngredientHunt","BoundaryOfDeath","PinpointShot","Faith","BayonetCombat","StrongStrike","CleanUp","Tailoring","Parry2"],"picked":"GutHarvesting","floor":6},{"not_picked":["Eradication","BiAn","DefenseOrder","UnavoidableGaze","SkyClearingCut","Parry2","GrazeTheGrass","Pound","IngredientHunt","HiddenBlade"],"picked":"ButterflySlash","floor":11},{"not_picked":["HeavyPeaks","Concentration","FleetFootsteps","Faith","DefenseOrder","Diversion","SuppressingShot","TendonChords","EnergyCycle","HiddenBlade"],"picked":"DesperateStruggle","floor":12},{"not_picked":["HiddenBlade","SpearedSweep","YouOnlyLiveOnce","ShockingBlow","Tailoring","NightInTheBackstreets","BladeWhirl","ShrineToMusic","RhinoRam","Zzzzzap"],"picked":"Unlock1","floor":14},{"not_picked":["TieShanKao","LeRegole","GoinFirst","ScratchThat"],"picked":"RagingStormLove","floor":16},{"not_picked":["Reload","FlamingDragonFist","AbsorbImpact","SunsetBlade","DeepDrag","Thrust","TendonChords","HandleRequest","FrontalAssault+1","StrongStrike"],"picked":"Outburst","floor":18},{"not_picked":["Creak","HandleRequest","EnergyCycle","Thrust+1","Leap_lor+1","BackAttack+1","SuppressingShot","QuickSuppression","TasteMyFlamingBat","CoordinatedAssault"],"picked":"BladeWhirl+1","floor":19},{"not_picked":["Pound","ClassAndRespect","Eliminate","SerpentSwordTechnique+1","SilentMist","SharpSwipe","SmokingPipe+1","DesperateStruggle","BiAn+1","Struggle+1"],"picked":"FieryWaltz","floor":22},{"not_picked":["CookingPrep+1","ViolentFlame","FlyingSword+1","Unlock1+1","Feast","HighSpeedStabbing+1","ChargeUp","UnavoidableGaze+1","Reload+1","StrongStrike"],"picked":"QuickSuppression+1","floor":22},{"not_picked":["Thrust+1","EndlessBattle","StrikeDown","Faith+1","AbsorbImpact+1","ExtractFuel+1","DefenseOrder+1","FieryDragonSlash","StructuralAnalysis+1","BladeWhirl"],"picked":"StrongStrike","floor":23},{"not_picked":["CumulusWall+1","Outburst","FervidEmotions+1","BackAttack+1","LossOfSenses","SharpNails","DesperateStruggle","Thrust","Cruelty","HandleRequest"],"picked":"SinglePointStab+1","floor":25},{"not_picked":["ReadyUp+1","SnakesPrey+1","FierceCharge+1","Mutilate","GreatSerpentsImpact","Observe+1","PreemptiveStrike","Outburst","DriedUp+1","ExtractFuel+1"],"picked":"SunsetBlade+1","floor":27},{"not_picked":["EnergyBeam","Observe+1","UncannyStrike","GreatSerpentsImpact","SpearedSweep","CoordinatedAssault+1","Multislash","SuanNi+1","EnergyCycle","DesperateStruggle"],"picked":"TheRedNotes+1","floor":29},{"not_picked":["UnavoidableGaze+1","SetFire","Leap_lor","Clone+1","ProselytesBlade","SpearedSweep+1","Track","Tttonst+1","BiteOff","Marionette+1","PinpointShot"],"picked":"SKIP","floor":31},{"not_picked":["CrackOfDawn","SenseQuarry+1","SuanNi+1","ChargeUp"],"picked":"CleanUp","floor":33},{"not_picked":["Leap_lor+1","HighKick","FleetFootsteps+1","BiAn+1","Quickness+1","EnergyCycle+1","WildCard+1","DarkCloud+1","Track+1","StrongStrike+1","CoordinatedAssault+1"],"picked":"SKIP","floor":35},{"not_picked":["MultiHit","BurningFlash","RepressedFlesh","FieryDragonSlash+1","YouOnlyLiveOnce+1","CoordinatedAssault+1","HiddenBlade+1","NonstopAssault+1","ChiWen+1","Parry"],"picked":"TheRedNotes+1","floor":36},{"not_picked":["SmokingPipe+1","GuidanceOfTheGears+1","Feast+1","CumulusWall+1","ClassAndRespect","SpearedSweep","UnavoidableGaze+1","SuanNi+1","BindingChains","GreatSerpentsImpact+1","FocusFire"],"picked":"SKIP","floor":38},{"not_picked":["Preparation+1","Diversion","NightInTheBackstreets+1","SnakeSlit","PinpointShot+1","ScratchThat","Execute_lor+1","CombatPreparation+1","Reload+1","WrathOfTorment","Feast+1"],"picked":"SKIP","floor":39},{"not_picked":["Multislash+1","ScatteringSlash","HandleRequest","Crush+1","BiAn+1","ScratchThat","FieryDragonSlash","CoordinatedAssault+1","SnakeSlit","SmokingPipe+1","Thrust+1"],"picked":"SKIP","floor":41},{"not_picked":["EndlessBattle","Rewind+1","IdentifyWeakpoint+1","YourShield+1","Standoff+1","SerpentSwordTechnique+1","SharpenedBlade+1","TimeForALittleTest","SomberProcuration+1","FierceCharge+1"],"picked":"FrontalAssault+1","floor":42},{"not_picked":["HighKick+1","WillOfThePrescript+1","UndertakePrescript+1","GuidanceOfTheGears+1","TrashDisposal","BattleCommand+1","Quickness+1","SharpenedBlade+1","FierceCharge+1","ViolentFlame+1"],"picked":"DarkCloud","floor":44},{"not_picked":["EnergyShield+1","PuppetBlockade+1","DarkCloud","MindPrepared","GuidanceOfTheGears+1","SnakesPrey","MultiBlock+1","NightInTheBackstreets","AsThePrescriptOrders+1","TimeForALittleTest+1"],"picked":"SunsetBlade+1","floor":45},{"not_picked":["BiXi+1","Multislash","BackAttack+1","Thrust","Mutilate","SharpenedBlade+1","Reload+1","WillProduceFineSilk+1","SnakesPrey+1","Track"],"picked":"ChopItOff+1","floor":55}],"player_experience":156667,"relics_obtained":[{"floor":1,"key":"SynthV:TestCard"},{"floor":5,"key":"Ring of Fury"},{"floor":5,"key":"Ring of Greed"},{"floor":5,"key":"Smiling Mask"},{"floor":5,"key":"Replay:Wax Seal"},{"floor":6,"key":"Snack Pack"},{"floor":14,"key":"Bag of Preparation"},{"floor":22,"key":"Blood Vial"},{"floor":23,"key":"PageOfSnowWhitesApple"},{"floor":25,"key":"Ornamental Fan"},{"floor":26,"key":"Blue Doll"},{"floor":29,"key":"Replay:Rubber Ducky"},{"floor":41,"key":"Thread and Needle"},{"floor":43,"key":"Darkstone Periapt"},{"floor":45,"key":"Old Coin"},{"floor":55,"key":"Bag of Marbles"}],"event_choices":[{"damage_healed":0,"gold_gain":0,"player_choice":"CYMZW","damage_taken":0,"max_hp_gain":5,"max_hp_loss":0,"event_name":"Remilia_CDSJ09","floor":7,"gold_loss":0},{"damage_healed":0,"gold_gain":0,"player_choice":"Ignored","damage_taken":0,"max_hp_gain":0,"max_hp_loss":0,"event_name":"Liars Game","floor":8,"gold_loss":0},{"damage_healed":0,"gold_gain":0,"player_choice":"Take Damage","damage_taken":17,"relics_obtained":["Golden Idol"],"max_hp_gain":0,"max_hp_loss":0,"event_name":"Golden Idol","floor":13,"gold_loss":0},{"damage_healed":0,"gold_gain":0,"player_choice":"Inject Mutagens","damage_taken":0,"relics_obtained":["MutagenicStrength"],"max_hp_gain":0,"max_hp_loss":0,"event_name":"Drug Dealer","floor":21,"gold_loss":0},{"damage_healed":0,"gold_gain":0,"player_choice":"Shed Blood","damage_taken":19,"max_hp_gain":5,"max_hp_loss":0,"event_name":"Forgotten Altar","floor":28,"gold_loss":0},{"cards_removed":["Sickly"],"damage_healed":0,"gold_gain":0,"player_choice":"Elegance","damage_taken":0,"max_hp_gain":0,"max_hp_loss":0,"event_name":"Back to Basics","floor":32,"gold_loss":0},{"damage_healed":0,"gold_gain":333,"player_choice":"Gave Idol","damage_taken":0,"max_hp_gain":0,"max_hp_loss":0,"event_name":"The Moai Head","floor":46,"relics_lost":["Golden Idol"],"gold_loss":0},{"damage_healed":0,"gold_gain":0,"player_choice":"Ignored","damage_taken":0,"max_hp_gain":0,"max_hp_loss":0,"event_name":"Tomb of Lord Red Mask","floor":48,"gold_loss":0}],"is_beta":false,"boss_relics":[{"not_picked":["Runic Dome","SlaversCollar"],"picked":"Fusion Hammer"},{"not_picked":["ChewingGum","NightmareShop"],"picked":"PatriotShield"}],"items_purged_floors":[2,2,2,2,2,20,20,20,20,20,20,30,30,30,30,37,37,37,37,47,47,47,47],"is_endless":false,"potions_floor_spawned":[1,6,14,18,27,29,31,39,41,45],"ascension_level":1}}