{"host":"z37g2hkgkh2zjyzk","time":1614274189,"event":{"mods":["2.2 Compatiblity","AchievementEnabler","BaseMod","Bestiary","Colored Map","Colored Powertips","Curses Come First","Highlight Path","Keyboard Shortcuts","Minty Spire (QoL Compilation)","Relic Stats","StSLib","SuperFastMode"],"gold_per_floor":[117,137,153,153,153,153,153,153,229,28,28,47,73,73,73,171,171,183,195,295,295,309,309,338,338,338,350,86,98,98,108,108,204,204,215,225,70,0,0,0,10,44,44,64,94,94,128,141,141,141,141],"floor_reached":50,"language":"ENG","playtime":3909,"items_purged":["Pain","Defend_B","Strike_B"],"score":979,"play_id":"3b98b5d5-7d5f-4083-9ee6-864cdba50698","local_time":"20210225182949","is_ascension_mode":true,"campfire_choices":[{"data":"Capacitor","floor":6,"key":"SMITH"},{"data":"Zap","floor":8,"key":"SMITH"},{"data":"Dualcast","floor":11,"key":"SMITH"},{"data":"Sweeping Beam","floor":15,"key":"SMITH"},{"data":"Thunder Strike","floor":23,"key":"SMITH"},{"floor":25,"key":"REST"},{"floor":30,"key":"REST"},{"data":"Static Discharge","floor":32,"key":"SMITH"},{"data":"Defragment","floor":40,"key":"SMITH"},{"floor":46,"key":"REST"},{"floor":49,"key":"REST"}],"circlet_count":0,"master_deck":["Defend_B","Defend_B","Zap+1","Dualcast+1","Capacitor+1","Sweeping Beam+1","Electrodynamics+1","Ball Lightning","Ball Lightning","Leap","Thunder Strike+1","Go for the Eyes","Static Discharge+1","Lockon+1","Steam","Glacier","Ball Lightning","Hologram+1","Core Surge","Turbo","Defragment+1","Master of Strategy","Fusion+1","Hologram+1","Steam","Rebound+1","Capacitor+1"],"relics":["Cracked Core","Juzu Bracelet","WarpedTongs","Matryoshka","Membership Card","Toy Ornithopter","Runic Pyramid","Bronze Scales","Ancient Tea Set","Bag of Marbles","Ginger","SlaversCollar","Red Mask","Orichalcum","Omamori","Sundial","Singing Bowl"],"acts_visited":["Exordium","TheCity","TheBeyond"],"potions_floor_usage":[13,22,27,33,35,42,44,45],"damage_taken":[{"damage":1,"enemies":"Cultist","floor":1,"turns":3},{"damage":4,"enemies":"Small Slimes","floor":2,"turns":3},{"damage":1,"enemies":"2 Louse","floor":3,"turns":2},{"damage":6,"enemies":"Looter","floor":12,"turns":2},{"damage":0,"enemies":"Gremlin Nob","floor":13,"turns":2},{"damage":0,"enemies":"Slime Boss","floor":16,"turns":5},{"damage":2,"enemies":"Spheric Guardian","floor":18,"turns":3},{"damage":4,"enemies":"3 Byrds","floor":19,"turns":2},{"damage":16,"enemies":"3 Cultists","floor":22,"turns":3},{"damage":25,"enemies":"Book of Stabbing","floor":24,"turns":3},{"damage":8,"enemies":"Snake Plant","floor":27,"turns":2},{"damage":14,"enemies":"Centurion and Healer","floor":29,"turns":3},{"damage":1,"enemies":"Snecko","floor":31,"turns":3},{"damage":27,"enemies":"Collector","floor":33,"turns":5},{"damage":6,"enemies":"Orb Walker","floor":35,"turns":2},{"damage":22,"enemies":"3 Shapes","floor":36,"turns":2},{"damage":15,"enemies":"Maw","floor":41,"turns":5},{"damage":24,"enemies":"Nemesis","floor":42,"turns":5},{"damage":0,"enemies":"4 Shapes","floor":44,"turns":4},{"damage":0,"enemies":"Giant Head","floor":45,"turns":7},{"damage":0,"enemies":"Nemesis","floor":47,"turns":7},{"damage":12,"enemies":"3 Darklings","floor":48,"turns":4},{"damage":54,"enemies":"Awakened One","floor":50,"turns":8}],"seed_played":"7248576685304158951","potions_obtained":[{"floor":1,"key":"DistilledChaos"},{"floor":2,"key":"AttackPotion"},{"floor":3,"key":"LiquidMemories"},{"floor":19,"key":"GamblersBrew"},{"floor":24,"key":"BlessingOfTheForge"},{"floor":27,"key":"Explosive Potion"},{"floor":33,"key":"LiquidBronze"},{"floor":42,"key":"SkillPotion"},{"floor":44,"key":"EssenceOfSteel"},{"floor":45,"key":"SteroidPotion"}],"is_trial":false,"path_per_floor":["M","M","M","?","?","R","?","R","T","$","R","M","E","?","R","B",null,"M","M","?","?","M","R","E","R","T","M","$","M","R","M","R","B",null,"M","M","$","?","?","R","M","E","T","M","E","R","E","M","R","B"],"character_chosen":"DEFECT","items_purchased":["Membership Card","Ball Lightning","Glacier","Ginger","Ball Lightning","Master of Strategy"],"campfire_rested":4,"item_purchase_floors":[10,10,28,28,28,37],"current_hp_per_floor":[67,63,62,55,55,55,55,55,55,55,55,49,49,49,49,49,69,67,63,63,63,52,52,27,49,49,46,46,32,54,53,53,31,64,63,41,41,41,41,41,26,7,7,12,17,39,41,29,52,0,0],"gold":141,"neow_bonus":"RANDOM_COMMON_RELIC","is_daily":false,"chose_seed":false,"campfire_upgraded":7,"win_rate":0.0,"timestamp":1614274189,"path_taken":["M","M","M","?","?","R","?","R","T","?","R","M","E","?","R","BOSS","M","M","?","?","M","R","E","R","T","M","$","M","R","M","R","BOSS","M","M","$","?","?","R","M","E","T","M","E","R","E","M","R","BOSS"],"items_purchased_type":["Relic","Card","Card","Relic","Card","Card"],"build_version":"2020-12-22","purchased_purges":3,"victory":false,"max_hp_per_floor":[75,75,75,75,75,75,75,75,75,75,75,75,75,75,75,75,75,75,75,75,75,75,75,75,75,75,75,75,75,75,75,75,75,75,75,75,75,75,75,75,75,75,75,75,75,75,77,77,77,77,77],"relic_stats":{"Singing Bowl":2,"counters":[23,85],"Sundial":[0],"Bronze Scales":[176],"Juzu Bracelet":3,"Ginger":[8],"Orichalcum":[30],"obtain_stats":[{"Singing Bowl":47,"Juzu Bracelet":0,"Omamori":43,"Ginger":28,"Orichalcum":42,"Ancient Tea Set":26,"WarpedTongs":7,"SlaversCollar":34,"Matryoshka":9,"Sundial":45,"Bronze Scales":24,"Bag of Marbles":26,"Red Mask":38,"Membership Card":10,"Cracked Core":0,"Toy Ornithopter":13,"Runic Pyramid":17},{"Singing Bowl":21,"Juzu Bracelet":0,"Omamori":18,"Ginger":11,"Orichalcum":18,"Ancient Tea Set":10,"WarpedTongs":3,"SlaversCollar":14,"Matryoshka":3,"Sundial":20,"Bronze Scales":10,"Bag of Marbles":10,"Red Mask":16,"Membership Card":3,"Cracked Core":0,"Toy Ornithopter":5,"Runic Pyramid":6},{"Singing Bowl":73,"Juzu Bracelet":0,"Omamori":55,"Ginger":30,"Orichalcum":55,"Ancient Tea Set":28,"WarpedTongs":8,"SlaversCollar":41,"Matryoshka":8,"Sundial":66,"Bronze Scales":28,"Bag of Marbles":28,"Red Mask":45,"Membership Card":8,"Cracked Core":0,"Toy Ornithopter":12,"Runic Pyramid":17}],"Toy Ornithopter":35,"WarpedTongs":[77]},"card_choices":[{"not_picked":["Turbo","Hello World"],"picked":"Capacitor","floor":1},{"not_picked":["Leap","Compile Driver"],"picked":"Sweeping Beam","floor":2},{"not_picked":["Capacitor","Ball Lightning"],"picked":"Electrodynamics","floor":3},{"not_picked":["Rebound","Sweeping Beam"],"picked":"Ball Lightning","floor":12},{"not_picked":["Amplify","Darkness"],"picked":"Leap","floor":13},{"not_picked":["Creative AI","Amplify"],"picked":"Thunder Strike","floor":16},{"not_picked":["Cold Snap+1","Hologram"],"picked":"Go for the Eyes","floor":18},{"not_picked":["Stack+1","Sunder"],"picked":"Static Discharge","floor":19},{"not_picked":["Recycle","Streamline","Go for the Eyes"],"picked":"SKIP","floor":22},{"not_picked":["Leap","Gash"],"picked":"Lockon+1","floor":24},{"not_picked":["Rebound","Stack"],"picked":"Steam","floor":27},{"not_picked":["Rebound+1","Sunder"],"picked":"Hologram+1","floor":29},{"not_picked":["White Noise","Beam Cell","Hologram"],"picked":"SKIP","floor":31},{"not_picked":["Hyperbeam","Creative AI"],"picked":"Core Surge","floor":33},{"not_picked":["Rebound+1","Compile Driver+1"],"picked":"Turbo","floor":35},{"not_picked":["Melter+1","Cold Snap"],"picked":"Defragment","floor":36},{"not_picked":["Ball Lightning","Sweeping Beam"],"picked":"Fusion+1","floor":41},{"not_picked":["Hello World+1","Steam Power"],"picked":"Hologram+1","floor":42},{"not_picked":["Hologram","Gash+1"],"picked":"Steam","floor":44},{"not_picked":["Machine Learning","Ball Lightning"],"picked":"Rebound+1","floor":45},{"not_picked":["Undo","Ball Lightning","Genetic Algorithm"],"picked":"Singing Bowl","floor":47},{"not_picked":["Hologram+1","Auto Shields+1"],"picked":"Capacitor+1","floor":48}],"player_experience":279538,"relics_obtained":[{"floor":9,"key":"Matryoshka"},{"floor":13,"key":"Toy Ornithopter"},{"floor":24,"key":"Bronze Scales"},{"floor":26,"key":"Ancient Tea Set"},{"floor":26,"key":"Bag of Marbles"},{"floor":42,"key":"Orichalcum"},{"floor":43,"key":"Omamori"},{"floor":45,"key":"Sundial"},{"floor":47,"key":"Singing Bowl"}],"event_choices":[{"cards_removed":["Strike_B"],"damage_healed":0,"gold_gain":0,"player_choice":"Card Removal","damage_taken":7,"max_hp_gain":0,"max_hp_loss":0,"event_name":"Golden Wing","floor":4,"gold_loss":0},{"damage_healed":0,"gold_gain":0,"player_choice":"Upgraded","damage_taken":0,"max_hp_gain":0,"max_hp_loss":0,"event_name":"Upgrade Shrine","floor":5,"gold_loss":0,"cards_upgraded":["Electrodynamics"]},{"damage_healed":0,"gold_gain":0,"player_choice":"Rummage","damage_taken":0,"relics_obtained":["WarpedTongs"],"max_hp_gain":0,"max_hp_loss":0,"event_name":"Accursed Blacksmith","floor":7,"gold_loss":0,"cards_obtained":["Pain"]},{"cards_removed":["Strike_B"],"damage_healed":0,"gold_gain":0,"player_choice":"Forget","damage_taken":0,"max_hp_gain":0,"max_hp_loss":0,"event_name":"Living Wall","floor":14,"gold_loss":0},{"damage_healed":0,"gold_gain":100,"player_choice":"Pray","damage_taken":0,"max_hp_gain":0,"max_hp_loss":0,"event_name":"Golden Shrine","floor":20,"gold_loss":0},{"cards_removed":["Defend_B"],"damage_healed":0,"gold_gain":0,"player_choice":"Purged","damage_taken":0,"max_hp_gain":0,"max_hp_loss":0,"event_name":"Purifier","floor":21,"gold_loss":0},{"damage_healed":0,"gold_gain":0,"player_choice":"Paid","damage_taken":0,"relics_obtained":["Red Mask"],"max_hp_gain":0,"max_hp_loss":0,"event_name":"Tomb of Lord Red Mask","floor":38,"gold_loss":70},{"cards_removed":["Strike_B"],"damage_healed":0,"gold_gain":0,"player_choice":"Purged","damage_taken":0,"max_hp_gain":0,"max_hp_loss":0,"event_name":"Purifier","floor":39,"gold_loss":0}],"is_beta":false,"boss_relics":[{"not_picked":["Nuclear Battery","Snecko Eye"],"picked":"Runic Pyramid"},{"not_picked":["Empty Cage","SacredBark"],"picked":"SlaversCollar"}],"items_purged_floors":[10,28,37],"is_endless":false,"potions_floor_spawned":[1,2,3,12,19,24,27,33,42,44,45],"killed_by":"Awakened One","ascension_level":9}}