{"host":"bux1pdxjwq4dkad9","time":1614235615,"event":{"mods":["BaseMod","Colored Map","Minty Spire (QoL Compilation)","Quick Restart","Spicy Shops","StSLib","SuperFastMode","The Alterego","°æ“≈ŒÔMod°øºÚµ•”Œœ∑"],"gold_per_floor":[117,34,34,34,34,34,68,68,68,68,87,114,39,74,74,150,200,220,231,231,251,251,279,179,212,212,212,87,103,138,138,138,217,217,229,243,291,302,316,346,346,679,706,737,737,117,131,146,146,146,146,146,44,78,78],"floor_reached":56,"language":"ZHS","playtime":3338,"items_purged":["alterego_mod:Strike","alterego_mod:Strike","alterego_mod:Defend","alterego_mod:DestructionOfProperty"],"score":2692,"play_id":"e98f74a2-0ae4-4374-9b8b-c24bae40c4bb","local_time":"20210225144655","is_ascension_mode":true,"campfire_choices":[{"data":"alterego_mod:BigMeatyClaws","floor":6.0,"key":"SMITH"},{"data":"alterego_mod:IndependentAction","floor":8.0,"key":"SMITH"},{"data":"alterego_mod:Table","floor":15.0,"key":"SMITH"},{"floor":27.0,"key":"RECALL"},{"data":"alterego_mod:BrynhildrsRune","floor":32.0,"key":"SMITH"},{"data":"alterego_mod:Impale","floor":41.0,"key":"SMITH"},{"data":"Sadistic Nature","floor":45.0,"key":"SMITH"},{"data":"alterego_mod:Belts","floor":49.0,"key":"SMITH"},{"data":"alterego_mod:MagicResistance","floor":52,"key":"SMITH"}],"circlet_count":0,"master_deck":["AscendersBane","alterego_mod:Defend","alterego_mod:Defend+1","alterego_mod:Defend","alterego_mod:Impale+1","alterego_mod:BigMeatyClaws+1","alterego_mod:BrynhildrsRune+1","Sadistic Nature+1","alterego_mod:MagicResistance+1","alterego_mod:IndependentAction+1","alterego_mod:GachaTicket","alterego_mod:BiFurious","alterego_mod:Table+1","alterego_mod:Cooking","alterego_mod:Cooking","alterego_mod:Pet+1","alterego_mod:Rake","alterego_mod:Pet+1","alterego_mod:Birthday+1","alterego_mod:Pet+1","alterego_mod:IndependentAction+1","Ghostly+1","Ghostly+1","Ghostly+1","alterego_mod:Birthday+1","alterego_mod:GachaTicket+1","alterego_mod:SakuraLabyrinth+1","Finesse+1","alterego_mod:Belts+1","alterego_mod:Birthday+1","Panacea+1"],"relics":["alterego_mod:MasochisticConstitution","AT_LudenTempest","Letter Opener","Potion Belt","Toxic Egg 2","Pantograph","Art of War","Tiny House","Pocketwatch","Bottled Flame","Frozen Egg 2","Coffee Dripper","Torii","Matryoshka","Old Coin","Omamori","Regal Pillow","Calipers","TheAbacus","Bag of Preparation"],"acts_visited":["Exordium","TheCity","TheBeyond","TheEnding"],"potions_floor_usage":[55,55,55,55],"damage_taken":[{"damage":0.0,"enemies":"Cultist","floor":1.0,"turns":3.0},{"damage":12.0,"enemies":"Lagavulin","floor":7.0,"turns":5.0},{"damage":4.0,"enemies":"Jaw Worm","floor":11.0,"turns":2.0},{"damage":5.0,"enemies":"3 Sentries","floor":12.0,"turns":4.0},{"damage":19.0,"enemies":"Lagavulin","floor":14.0,"turns":4.0},{"damage":0.0,"enemies":"Slime Boss","floor":16.0,"turns":5.0},{"damage":15.0,"enemies":"2 Thieves","floor":18.0,"turns":3.0},{"damage":0.0,"enemies":"Shell Parasite","floor":19.0,"turns":3.0},{"damage":0.0,"enemies":"Chosen and Byrds","floor":21.0,"turns":3.0},{"damage":0.0,"enemies":"Book of Stabbing","floor":23.0,"turns":5.0},{"damage":34.0,"enemies":"Slavers","floor":25.0,"turns":4.0},{"damage":2.0,"enemies":"Snake Plant","floor":29.0,"turns":2.0},{"damage":0.0,"enemies":"Book of Stabbing","floor":30.0,"turns":3.0},{"damage":0.0,"enemies":"Collector","floor":33.0,"turns":4.0},{"damage":0.0,"enemies":"3 Darklings","floor":35.0,"turns":2.0},{"damage":0.0,"enemies":"Orb Walker","floor":36.0,"turns":2.0},{"damage":0.0,"enemies":"2 Orb Walkers","floor":37.0,"turns":4.0},{"damage":0.0,"enemies":"Transient","floor":38.0,"turns":6.0},{"damage":0.0,"enemies":"4 Shapes","floor":39.0,"turns":3.0},{"damage":0.0,"enemies":"Giant Head","floor":40.0,"turns":4.0},{"damage":0.0,"enemies":"Nemesis","floor":42.0,"turns":5.0},{"damage":0.0,"enemies":"Giant Head","floor":44.0,"turns":5.0},{"damage":0.0,"enemies":"3 Darklings","floor":47.0,"turns":3.0},{"damage":0.0,"enemies":"Sphere and 2 Shapes","floor":48.0,"turns":3.0},{"damage":1,"enemies":"Time Eater","floor":50,"turns":7},{"damage":0,"enemies":"Shield and Spear","floor":54,"turns":5},{"damage":5,"enemies":"The Heart","floor":55,"turns":5}],"seed_played":"4524802377865704388","potions_obtained":[{"floor":7.0,"key":"EntropicBrew"},{"floor":17.0,"key":"Block Potion"},{"floor":19.0,"key":"LiquidMemories"},{"floor":23.0,"key":"SkillPotion"},{"floor":25.0,"key":"Explosive Potion"},{"floor":29.0,"key":"ColorlessPotion"},{"floor":33.0,"key":"Weak Potion"},{"floor":35.0,"key":"Ancient Potion"},{"floor":37.0,"key":"BlessingOfTheForge"},{"floor":48.0,"key":"LiquidBronze"}],"is_trial":false,"path_per_floor":["M","$","?","?","?","R","E","R","T","?","M","E","$","E","R","B",null,"M","M","?","M","?","E","$","E","T","R","$","M","E","?","R","B",null,"M","M","?","M","M","E","R","E","T","E","R","$","M","M","R","B",null,"R","$","E","B",null],"character_chosen":"The_Alterego","items_purchased":["alterego_mod:IndependentAction","TheAbacus","Finesse+1","Panacea+1"],"campfire_rested":0,"item_purchase_floors":[2,46,46,53],"current_hp_per_floor":[59,59,59,48,41,41,33,33,33,33,40,42,42,37,37,63,68,54,60,60,66,47,60,60,54,54,54,54,62,71,38,38,38,38,38,38,38,38,38,38,38,38,38,38,38,38,38,38,38,39,39,39,39,39,40],"gold":78,"neow_bonus":"RANDOM_COLORLESS_2","is_daily":false,"chose_seed":false,"campfire_upgraded":8,"win_rate":0.0,"timestamp":1614235615,"path_taken":["M","$","?","?","?","R","E","R","T","?","M","E","?","E","R","BOSS","M","?","?","M","?","E","$","E","T","R","?","M","E","?","R","BOSS","M","M","?","M","M","E","R","E","T","E","R","$","M","M","R","BOSS","R","$","E","BOSS"],"items_purchased_type":["Card","Relic","Card","Card"],"build_version":"2020-12-22","purchased_purges":4,"victory":true,"max_hp_per_floor":[59,59,59,59,59,59,60,60,60,60,61,62,62,63,63,63,68,69,69,69,69,74,74,74,75,75,75,75,76,76,38,38,38,38,38,38,38,38,38,38,38,38,38,38,38,38,38,38,38,39,39,39,39,39,40],"card_choices":[{"not_picked":["The Bomb","Violence"],"picked":"Sadistic Nature","floor":0.0},{"not_picked":["alterego_mod:Pet","alterego_mod:Maid"],"picked":"alterego_mod:MagicResistance","floor":1.0},{"not_picked":["alterego_mod:Pet","alterego_mod:Swimsuit"],"picked":"alterego_mod:Cooking","floor":7.0},{"not_picked":["alterego_mod:IndependentAction+1","alterego_mod:HighServant+1"],"picked":"alterego_mod:Pet+1","floor":11.0},{"not_picked":["alterego_mod:Valentines+1","alterego_mod:Lift","alterego_mod:DeftHands"],"picked":"SKIP","floor":12.0},{"not_picked":["alterego_mod:Skirt","alterego_mod:IndependentAction+1","alterego_mod:Nekomimi"],"picked":"SKIP","floor":14.0},{"not_picked":["alterego_mod:Antipathy+1","alterego_mod:Weigh"],"picked":"alterego_mod:Rake","floor":16.0},{"not_picked":["alterego_mod:HighServant+1","alterego_mod:BiFurious","alterego_mod:Pet+1"],"picked":"SKIP","floor":18.0},{"not_picked":["alterego_mod:HighServant+1","alterego_mod:BiFurious"],"picked":"alterego_mod:Pet+1","floor":18.0},{"not_picked":["alterego_mod:Jiggle+1","alterego_mod:Cycle+1","alterego_mod:BrynhildrRomantia"],"picked":"SKIP","floor":19.0},{"not_picked":["alterego_mod:Skirt","alterego_mod:Lingerie","alterego_mod:MagicResistance+1"],"picked":"SKIP","floor":21.0},{"not_picked":["alterego_mod:Valkyrie","alterego_mod:Crossover+1","alterego_mod:Skirt"],"picked":"SKIP","floor":23.0},{"not_picked":["alterego_mod:Cushion+1","alterego_mod:BeGentle+1"],"picked":"alterego_mod:Birthday+1","floor":25.0},{"not_picked":["alterego_mod:ChallengeComplete+1","alterego_mod:Cooking+1"],"picked":"alterego_mod:Pet+1","floor":29.0},{"not_picked":["alterego_mod:IndependentAction+1","alterego_mod:Schoolgirl+1","alterego_mod:Santa+1"],"picked":"SKIP","floor":30.0},{"not_picked":["alterego_mod:Schoolgirl+1","alterego_mod:Santa+1"],"picked":"alterego_mod:IndependentAction+1","floor":30.0},{"not_picked":["alterego_mod:Pet+1","alterego_mod:Lingerie","alterego_mod:DeftHands+1"],"picked":"SKIP","floor":35.0},{"not_picked":["alterego_mod:Rip","alterego_mod:BiFurious","alterego_mod:Bunnysuit+1"],"picked":"SKIP","floor":36.0},{"not_picked":["alterego_mod:Punishment+1","alterego_mod:DiscoLights+1"],"picked":"alterego_mod:Birthday+1","floor":37.0},{"not_picked":["alterego_mod:Skirt","alterego_mod:RidiculouslyBig+1","alterego_mod:DiscoLights+1"],"picked":"SKIP","floor":38.0},{"not_picked":["alterego_mod:Swimsuit","alterego_mod:PurpleHair+1","alterego_mod:Skirt"],"picked":"SKIP","floor":39.0},{"not_picked":["alterego_mod:RidiculouslyBig+1","alterego_mod:BustOut+1"],"picked":"alterego_mod:GachaTicket+1","floor":40.0},{"not_picked":["alterego_mod:BiFurious","alterego_mod:DeftHands"],"picked":"alterego_mod:SakuraLabyrinth+1","floor":42.0},{"not_picked":["alterego_mod:Stockings+1","alterego_mod:Pet+1","alterego_mod:Complex"],"picked":"SKIP","floor":44.0},{"not_picked":["alterego_mod:BiFurious","alterego_mod:Complex"],"picked":"alterego_mod:Belts","floor":47.0},{"not_picked":["alterego_mod:BiFurious","alterego_mod:PerceptionDisorder+1"],"picked":"alterego_mod:Birthday+1","floor":48.0},{"not_picked":["alterego_mod:STier+1","alterego_mod:Table+1","alterego_mod:Clones+1"],"picked":"SKIP","floor":54}],"player_experience":2393382,"relics_obtained":[{"floor":7.0,"key":"Potion Belt"},{"floor":9.0,"key":"Toxic Egg 2"},{"floor":12.0,"key":"Pantograph"},{"floor":14.0,"key":"Art of War"},{"floor":23.0,"key":"Pocketwatch"},{"floor":25.0,"key":"Bottled Flame"},{"floor":30.0,"key":"Frozen Egg 2"},{"floor":37.0,"key":"Torii"},{"floor":40.0,"key":"Matryoshka"},{"floor":42.0,"key":"Old Coin"},{"floor":43.0,"key":"Omamori"},{"floor":43.0,"key":"Regal Pillow"},{"floor":44.0,"key":"Calipers"},{"floor":54,"key":"Bag of Preparation"}],"event_choices":[{"damage_healed":0.0,"max_hp_gain":0.0,"max_hp_loss":0.0,"gold_gain":0.0,"event_name":"Scrap Ooze","player_choice":"Success","floor":4.0,"gold_loss":0.0,"damage_taken":11.0,"relics_obtained":["Letter Opener"]},{"cards_removed":["alterego_mod:Strike"],"damage_healed":0.0,"max_hp_gain":0.0,"max_hp_loss":0.0,"gold_gain":0.0,"event_name":"Golden Wing","player_choice":"Card Removal","floor":5.0,"gold_loss":0.0,"damage_taken":7.0},{"cards_removed":["alterego_mod:Strike"],"damage_healed":0.0,"max_hp_gain":0.0,"max_hp_loss":0.0,"gold_gain":0.0,"event_name":"Living Wall","player_choice":"Forget","floor":10.0,"gold_loss":0.0,"damage_taken":0.0},{"damage_healed":0.0,"max_hp_gain":0.0,"max_hp_loss":0.0,"gold_gain":0.0,"event_name":"Vampires","player_choice":"Ignored","floor":20.0,"gold_loss":0.0,"damage_taken":0.0},{"damage_healed":0.0,"max_hp_gain":5.0,"max_hp_loss":0.0,"gold_gain":0.0,"event_name":"Forgotten Altar","player_choice":"Shed Blood","floor":22.0,"gold_loss":0.0,"damage_taken":24.0},{"damage_healed":0.0,"max_hp_gain":0.0,"max_hp_loss":38.0,"gold_gain":0.0,"event_name":"Ghosts","player_choice":"Became a Ghost","floor":31.0,"gold_loss":0.0,"damage_taken":0.0,"cards_obtained":["Ghostly","Ghostly","Ghostly"]},{"damage_healed":0.0,"max_hp_gain":0.0,"max_hp_loss":0.0,"gold_gain":0.0,"event_name":"Mysterious Sphere","player_choice":"Fight","floor":37.0,"gold_loss":0.0,"damage_taken":0.0}],"is_beta":false,"boss_relics":[{"not_picked":["Velvet Choker","Fusion Hammer"],"picked":"Tiny House"},{"not_picked":["Philosopher\u0027s Stone","Black Star"],"picked":"Coffee Dripper"}],"items_purged_floors":[13,24,28,46],"is_endless":false,"potions_floor_spawned":[7,19,23,25,29,33,35,37,40,44,48],"ascension_level":18}}