{"host":"0xtpc43j5kblke7u","time":1614231056,"event":{"mods":["AchievementEnabler","BaseMod","Colored Map","Highlight Path","Minty Spire (QoL Compilation)"],"gold_per_floor":[209,228,3,22,33,65,30,30,111,137,70,70,105,125,125,226,226,237,257,182,182,182,214,214,232,232,258,272,46,146,54,54,159,209,222,234,234,0,0,31,31,61,111,111,161,7,27,27,27,27],"floor_reached":51,"language":"ENG","playtime":3674,"items_purged":["Strike_B","Strike_B"],"score":1089,"play_id":"86427770-6504-4911-bf53-eb3962454a5d","local_time":"20210225003056","is_ascension_mode":true,"campfire_choices":[{"floor":8.0,"key":"DIG"},{"floor":15.0,"key":"REST"},{"floor":24.0,"key":"DIG"},{"floor":32.0,"key":"REST"},{"data":"Defragment","floor":41.0,"key":"SMITH"},{"floor":44,"key":"REST"},{"floor":49,"key":"DIG"}],"circlet_count":0,"master_deck":["Strike_B","Defend_B","Defend_B","Defend_B","Defend_B","Zap","Dualcast","Conserve Battery","Go for the Eyes","Cold Snap","Capacitor+1","Electrodynamics","Rip and Tear","Barrage","Sweeping Beam","Conserve Battery","Doom and Gloom","Reboot","Defragment+1","BootSequence","Leap","Conserve Battery","Defragment+1","Cold Snap","Ball Lightning","Panacea+1","Ball Lightning+1","Multi-Cast+1","Consume+1","Leap+1"],"relics":["Cracked Core","Orrery","Shovel","Oddly Smooth Stone","HornCleat","Regal Pillow","Potion Belt","Velvet Choker","Cables","Dream Catcher","Strawberry","Toxic Egg 2","Centennial Puzzle","Unceasing Top","Symbiotic Virus","Tiny House","Red Mask","Pen Nib","Happy Flower","Bag of Marbles","Pocketwatch","Toy Ornithopter"],"acts_visited":["Exordium","TheCity","TheBeyond"],"potions_floor_usage":[],"damage_taken":[{"damage":6.0,"enemies":"Cultist","floor":1.0,"turns":3.0},{"damage":2.0,"enemies":"2 Louse","floor":2.0,"turns":2.0},{"damage":5.0,"enemies":"Small Slimes","floor":4.0,"turns":3.0},{"damage":10.0,"enemies":"Gremlin Gang","floor":5.0,"turns":2.0},{"damage":13.0,"enemies":"Lagavulin","floor":6.0,"turns":6.0},{"damage":15.0,"enemies":"Gremlin Nob","floor":10.0,"turns":4.0},{"damage":16.0,"enemies":"Lagavulin","floor":13.0,"turns":6.0},{"damage":0.0,"enemies":"Large Slime","floor":14.0,"turns":3.0},{"damage":6.0,"enemies":"The Guardian","floor":16.0,"turns":8.0},{"damage":0.0,"enemies":"3 Byrds","floor":18.0,"turns":5.0},{"damage":0.0,"enemies":"Spheric Guardian","floor":19.0,"turns":3.0},{"damage":12.0,"enemies":"Book of Stabbing","floor":23.0,"turns":5.0},{"damage":0.0,"enemies":"Centurion and Healer","floor":25.0,"turns":7.0},{"damage":0.0,"enemies":"Gremlin Leader","floor":27.0,"turns":5.0},{"damage":16.0,"enemies":"Snecko","floor":28.0,"turns":5.0},{"damage":1.0,"enemies":"Colosseum Slavers","floor":30.0,"turns":2.0},{"damage":13.0,"enemies":"Colosseum Nobs","floor":30.0,"turns":4.0},{"damage":45.0,"enemies":"Automaton","floor":33.0,"turns":8.0},{"damage":0.0,"enemies":"3 Shapes","floor":35.0,"turns":3.0},{"damage":0.0,"enemies":"Orb Walker","floor":36.0,"turns":4.0},{"damage":24.0,"enemies":"Reptomancer","floor":40.0,"turns":9.0},{"damage":10.0,"enemies":"Nemesis","floor":42.0,"turns":5.0},{"damage":0,"enemies":"Mind Bloom Boss Battle","floor":45,"turns":5},{"damage":0,"enemies":"4 Shapes","floor":47,"turns":3},{"damage":20,"enemies":"Time Eater","floor":50,"turns":4}],"seed_played":"7581227863697782923","potions_obtained":[{"floor":4.0,"key":"Dexterity Potion"},{"floor":5.0,"key":"SkillPotion"},{"floor":16.0,"key":"BlessingOfTheForge"},{"floor":25.0,"key":"LiquidBronze"},{"floor":27.0,"key":"Strength Potion"},{"floor":33.0,"key":"Fire Potion"},{"floor":34.0,"key":"Energy Potion"},{"floor":35.0,"key":"EssenceOfDarkness"},{"floor":36.0,"key":"Weak Potion"}],"is_trial":false,"path_per_floor":["M","M","$","M","M","E","?","R","T","E","$","?","E","M","R","B",null,"M","M","?","?","?","E","R","M","T","E","M","$","?","$","R","B",null,"M","M","?","?","?","E","R","E","T","R","?","$","M","$","R","B",null],"character_chosen":"DEFECT","items_purchased":["Cold Snap","Orrery","Barrage","Defragment","Centennial Puzzle","Panacea+1","Leap+1"],"campfire_rested":3,"item_purchase_floors":[3,3,3,11,29,31,46],"current_hp_per_floor":[62,60,60,55,45,32,50,50,50,35,35,35,19,19,56,50,69,69,69,69,69,69,57,57,57,64,64,48,48,34,34,73,28,74,74,74,74,74,74,50,50,40,40,81,81,81,81,81,81,61],"gold":27,"neow_bonus":"HUNDRED_GOLD","is_daily":false,"chose_seed":false,"campfire_upgraded":1,"win_rate":0.0,"timestamp":1614231056,"path_taken":["M","M","$","M","?","E","?","R","T","E","$","?","E","M","R","BOSS","M","?","?","?","?","E","R","M","T","E","M","$","?","?","R","BOSS","M","M","?","?","?","E","R","E","T","R","?","$","M","$","R","BOSS"],"items_purchased_type":["Card","Relic","Card","Card","Relic","Card","Card"],"build_version":"2020-12-22","purchased_purges":2,"victory":true,"max_hp_per_floor":[75,75,75,75,75,75,75,75,75,75,75,75,75,75,75,75,75,75,75,75,75,75,75,75,75,82,82,82,82,82,82,82,82,87,87,87,87,87,87,87,87,87,87,87,87,87,87,87,87,87],"card_choices":[{"not_picked":["Beam Cell","Hologram"],"picked":"Conserve Battery","floor":1.0},{"not_picked":["Redo","Streamline"],"picked":"Go for the Eyes","floor":2.0},{"not_picked":["Leap","Chaos"],"picked":"Capacitor","floor":3.0},{"not_picked":["Barrage","Streamline"],"picked":"Electrodynamics","floor":3.0},{"not_picked":["Aggregate","Gash"],"picked":"Leap","floor":3.0},{"not_picked":["All For One","Force Field"],"picked":"Rip and Tear","floor":3.0},{"not_picked":["Beam Cell","Recycle"],"picked":"Sweeping Beam","floor":4.0},{"not_picked":["Go for the Eyes","Barrage"],"picked":"Conserve Battery","floor":5.0},{"not_picked":["Leap","Auto Shields"],"picked":"Doom and Gloom","floor":6.0},{"not_picked":["Skim","Turbo"],"picked":"Reboot","floor":10.0},{"not_picked":["Chill","Recycle"],"picked":"BootSequence","floor":13.0},{"not_picked":["Scrape","Aggregate","Doom and Gloom"],"picked":"SKIP","floor":14.0},{"not_picked":["Coolheaded","Hologram"],"picked":"Leap","floor":18.0},{"not_picked":["Scrape","Barrage","Beam Cell"],"picked":"SKIP","floor":19.0},{"not_picked":["Redo","Biased Cognition"],"picked":"Conserve Battery","floor":23.0},{"not_picked":["Redo+1","Blizzard"],"picked":"Defragment","floor":25.0},{"not_picked":["Stack+1","Rebound","BootSequence+1"],"picked":"SKIP","floor":27.0},{"not_picked":["Barrage+1","Beam Cell"],"picked":"Cold Snap","floor":28.0},{"not_picked":["Chill+1","Hyperbeam"],"picked":"Ball Lightning","floor":30.0},{"not_picked":["Sunder","Beam Cell"],"picked":"Ball Lightning+1","floor":32.0},{"not_picked":["Seek+1","Echo Form"],"picked":"Multi-Cast+1","floor":33.0},{"not_picked":["Barrage","Skim+1","Stack+1"],"picked":"SKIP","floor":35.0},{"not_picked":["Hologram+1","Ball Lightning+1","Fission+1"],"picked":"SKIP","floor":36.0},{"not_picked":["Hologram+1","Compile Driver","Cold Snap"],"picked":"SKIP","floor":40.0},{"not_picked":["Reprogram+1","Compile Driver","Force Field+1"],"picked":"SKIP","floor":42.0},{"not_picked":["Genetic Algorithm+1","Sunder"],"picked":"Consume+1","floor":44},{"not_picked":["Go for the Eyes","Static Discharge","Heatsinks"],"picked":"SKIP","floor":47}],"player_experience":706479,"relics_obtained":[{"floor":6.0,"key":"Shovel"},{"floor":8.0,"key":"Oddly Smooth Stone"},{"floor":9.0,"key":"HornCleat"},{"floor":10.0,"key":"Regal Pillow"},{"floor":13.0,"key":"Potion Belt"},{"floor":23.0,"key":"Cables"},{"floor":24.0,"key":"Dream Catcher"},{"floor":26.0,"key":"Strawberry"},{"floor":27.0,"key":"Toxic Egg 2"},{"floor":30.0,"key":"Unceasing Top"},{"floor":30.0,"key":"Symbiotic Virus"},{"floor":40.0,"key":"Pen Nib"},{"floor":42.0,"key":"Happy Flower"},{"floor":43.0,"key":"Bag of Marbles"},{"floor":45,"key":"Pocketwatch"},{"floor":49,"key":"Toy Ornithopter"}],"event_choices":[{"damage_healed":18.0,"max_hp_gain":0.0,"max_hp_loss":0.0,"gold_gain":0.0,"event_name":"The Cleric","player_choice":"Healed","floor":7.0,"gold_loss":35.0,"damage_taken":0.0},{"damage_healed":0.0,"max_hp_gain":0.0,"max_hp_loss":0.0,"gold_gain":0.0,"event_name":"Accursed Blacksmith","player_choice":"Forge","floor":12.0,"gold_loss":0.0,"damage_taken":0.0,"cards_upgraded":["Defragment"]},{"cards_removed":["Strike_B"],"damage_healed":0.0,"max_hp_gain":0.0,"max_hp_loss":0.0,"gold_gain":0.0,"event_name":"Beggar","player_choice":"Gave Gold","floor":20.0,"gold_loss":75.0,"damage_taken":0.0},{"damage_healed":0.0,"max_hp_gain":0.0,"max_hp_loss":0.0,"gold_gain":0.0,"event_name":"Ghosts","player_choice":"Ignored","floor":21.0,"gold_loss":0.0,"damage_taken":0.0},{"damage_healed":0.0,"max_hp_gain":0.0,"max_hp_loss":0.0,"gold_gain":0.0,"event_name":"Cursed Tome","player_choice":"Ignored","floor":22.0,"gold_loss":0.0,"damage_taken":0.0},{"damage_healed":0.0,"max_hp_gain":0.0,"max_hp_loss":0.0,"gold_gain":0.0,"event_name":"Colosseum","player_choice":"Fight","floor":30.0,"gold_loss":0.0,"damage_taken":0.0},{"damage_healed":0.0,"max_hp_gain":0.0,"max_hp_loss":0.0,"gold_gain":0.0,"event_name":"Colosseum","player_choice":"Fought Nobs","floor":30.0,"gold_loss":0.0,"damage_taken":0.0},{"cards_removed":["Leap"],"damage_healed":0.0,"max_hp_gain":0.0,"max_hp_loss":0.0,"gold_gain":0.0,"event_name":"Falling","player_choice":"Removed Skill","floor":37.0,"gold_loss":0.0,"damage_taken":0.0},{"damage_healed":0.0,"max_hp_gain":0.0,"max_hp_loss":0.0,"gold_gain":0.0,"event_name":"Tomb of Lord Red Mask","player_choice":"Paid","floor":38.0,"gold_loss":234.0,"damage_taken":0.0,"relics_obtained":["Red Mask"]},{"damage_healed":0.0,"max_hp_gain":0.0,"max_hp_loss":0.0,"gold_gain":0.0,"event_name":"Mysterious Sphere","player_choice":"Ignored","floor":39.0,"gold_loss":0.0,"damage_taken":0.0},{"damage_healed":0,"gold_gain":0,"player_choice":"Fight","damage_taken":0,"max_hp_gain":0,"max_hp_loss":0,"event_name":"MindBloom","floor":45,"gold_loss":0}],"is_beta":false,"boss_relics":[{"not_picked":["Runic Pyramid","Philosopher\u0027s Stone"],"picked":"Velvet Choker"},{"not_picked":["Snecko Eye","FrozenCore"],"picked":"Tiny House"}],"items_purged_floors":[29,46],"is_endless":false,"potions_floor_spawned":[4,5,16,25,27,30,33,35,36],"ascension_level":9}}