{"host":"742iv5syyyu8a2dy","time":1614287602,"event":{"mods":["BaseMod","Bestiary","Block Reminder","Colored Powertips","Downfall","Minty Spire (QoL Compilation)","Practice Mode","Quick Restart","Relic Stats","StSLib"],"gold_per_floor":[109,109,121,73,140,140,165,165,217,217,235,263,438,438,438],"floor_reached":14,"language":"ENG","playtime":458,"items_purged":[],"score":125,"play_id":"12eece3c-3b8a-4591-942c-043b19b7d233","local_time":"20210225161322","is_ascension_mode":true,"campfire_choices":[{"data":"Berserk","floor":6,"key":"SMITH"},{"data":"Shockwave","floor":8,"key":"SMITH"},{"data":"Perfected Strike","floor":10,"key":"SMITH"}],"circlet_count":0,"master_deck":["Strike_R","Strike_R","Strike_R","Strike_R","Strike_R","Defend_R","Defend_R","Defend_R","Defend_R+1","Bash+1","Berserk+1","Shockwave+1","Perfected Strike+1","Perfected Strike","Perfected Strike","Flame Barrier+1","Power Through+1","Doubt"],"relics":["Burning Blood","Toxic Egg 2","Regal Pillow","Happy Flower"],"acts_visited":["Exordium"],"potions_floor_usage":[7,14],"damage_taken":[{"damage":5,"enemies":"Small Slimes","floor":1,"turns":3},{"damage":7,"enemies":"Jaw Worm","floor":3,"turns":3},{"damage":18,"enemies":"Gremlin Nob","floor":7,"turns":4},{"damage":1,"enemies":"2 Louse","floor":11,"turns":2},{"damage":41,"enemies":"3 Sentries","floor":12,"turns":6},{"damage":15,"enemies":"Lagavulin","floor":14,"turns":4}],"seed_played":"2807986424327743310","potions_obtained":[{"floor":1,"key":"Block Potion"},{"floor":3,"key":"Ancient Potion"}],"is_trial":false,"path_per_floor":["M","?","M","$","?","R","E","R","T","R","M","E","?","E"],"character_chosen":"IRONCLAD","items_purchased":["Perfected Strike"],"campfire_rested":0,"item_purchase_floors":[4],"current_hp_per_floor":[72,58,57,57,57,57,45,45,45,45,50,15,15,0,0],"gold":438,"neow_bonus":"THREE_RARE_CARDS","is_daily":false,"chose_seed":false,"campfire_upgraded":3,"win_rate":0.0,"timestamp":1614287602,"path_taken":["M","?","M","$","?","R","E","R","T","R","M","E","?","E"],"items_purchased_type":["Card"],"build_version":"2020-12-22","purchased_purges":0,"victory":false,"max_hp_per_floor":[72,72,72,72,72,72,72,72,72,72,72,72,72,72,72],"relic_stats":{"Regal Pillow":0,"Happy Flower":[1],"counters":[6,22],"obtain_stats":[{"Regal Pillow":9,"Happy Flower":12,"Toxic Egg 2":7,"Burning Blood":0},{"Regal Pillow":3,"Happy Flower":5,"Toxic Egg 2":3,"Burning Blood":0},{"Regal Pillow":10,"Happy Flower":18,"Toxic Egg 2":10,"Burning Blood":0}],"Burning Blood":29},"card_choices":[{"not_picked":["Demon Form","Double Tap"],"picked":"Berserk","floor":0},{"not_picked":["Feel No Pain","Combust"],"picked":"Shockwave","floor":1},{"not_picked":["Clothesline","Inflame"],"picked":"Perfected Strike","floor":3},{"not_picked":["Clash","Reaper"],"picked":"Perfected Strike","floor":7},{"not_picked":["Wild Strike","Blood for Blood"],"picked":"Flame Barrier+1","floor":11},{"not_picked":["Rupture","Heavy Blade"],"picked":"Power Through+1","floor":12}],"player_experience":256469,"relics_obtained":[{"floor":7,"key":"Toxic Egg 2"},{"floor":9,"key":"Regal Pillow"},{"floor":12,"key":"Happy Flower"}],"event_choices":[{"damage_healed":0,"gold_gain":0,"player_choice":"Entered Light","damage_taken":14,"max_hp_gain":0,"max_hp_loss":0,"event_name":"Shining Light","floor":2,"gold_loss":0,"cards_upgraded":["Defend_R","Bash"]},{"damage_healed":0,"gold_gain":67,"player_choice":"Gained Gold","damage_taken":0,"max_hp_gain":0,"max_hp_loss":0,"event_name":"Golden Wing","floor":5,"gold_loss":0},{"damage_healed":0,"gold_gain":175,"player_choice":"AGREE","damage_taken":0,"max_hp_gain":0,"max_hp_loss":0,"event_name":"Liars Game","floor":13,"gold_loss":0,"cards_obtained":["Doubt"]}],"is_beta":false,"boss_relics":[],"items_purged_floors":[],"is_endless":false,"potions_floor_spawned":[1,3],"killed_by":"Lagavulin","ascension_level":6}}