{"host":"5tzvto3beate6p8b","time":1614252475,"event":{"mods":["BaseMod","Colored Map","DeckTracker","Minty Spire (QoL Compilation)","Relic Stats","StSLib","SuperFastMode"],"gold_per_floor":[119,137,154,170,188,188,221,221,248,248,266,266,299,35,35,112,112,126,1,11,11,30,30,42,42,42,52,52,52],"floor_reached":28,"language":"JPN","playtime":895,"items_purged":["Strike_G"],"score":514,"play_id":"36b41008-0883-4322-88ca-9900e4f398f1","local_time":"20210225202755","is_ascension_mode":true,"campfire_choices":[{"data":"Glass Knife","floor":6,"key":"SMITH"},{"floor":8,"key":"REST"},{"data":"Bouncing Flask","floor":10,"key":"SMITH"},{"data":"Backstab","floor":12,"key":"SMITH"},{"data":"Catalyst","floor":15,"key":"SMITH"},{"data":"After Image","floor":23,"key":"SMITH"}],"circlet_count":0,"master_deck":["AscendersBane","Strike_G","Strike_G+1","Strike_G","Strike_G","Defend_G","Defend_G","Defend_G","Defend_G","Defend_G","Survivor","Neutralize+1","Dagger Throw","Catalyst+1","Glass Knife+1","Masterful Stab+1","Bouncing Flask+1","Backstab+1","Dash","After Image+1","Deadly Poison+1","Deadly Poison+1","Sucker Punch+1","RitualDagger","Deflect+1","Leg Sweep+1"],"relics":["Runic Dome","MealTicket","Whetstone","Happy Flower","Toxic Egg 2","SlaversCollar","Bag of Preparation"],"acts_visited":["Exordium","TheCity"],"potions_floor_usage":[7,7,13,17,20,27],"damage_taken":[{"damage":9,"enemies":"Jaw Worm","floor":1,"turns":4},{"damage":3,"enemies":"Small Slimes","floor":2,"turns":4},{"damage":0,"enemies":"Cultist","floor":3,"turns":3},{"damage":1,"enemies":"Looter","floor":4,"turns":4},{"damage":4,"enemies":"Lots of Slimes","floor":5,"turns":6},{"damage":39,"enemies":"Lagavulin","floor":7,"turns":6},{"damage":0,"enemies":"Red Slaver","floor":11,"turns":2},{"damage":0,"enemies":"Gremlin Nob","floor":13,"turns":2},{"damage":32,"enemies":"Hexaghost","floor":16,"turns":8},{"damage":4,"enemies":"Shell Parasite","floor":18,"turns":3},{"damage":22,"enemies":"2 Thieves","floor":20,"turns":4},{"damage":13,"enemies":"Snake Plant","floor":22,"turns":2},{"damage":14,"enemies":"Centurion and Healer","floor":24,"turns":5},{"damage":4,"enemies":"3 Cultists","floor":27,"turns":5},{"damage":10,"enemies":"Chosen and Byrds","floor":28,"turns":4}],"seed_played":"6234953762271425561","potions_obtained":[{"floor":2,"key":"SneckoOil"},{"floor":5,"key":"Swift Potion"},{"floor":7,"key":"Swift Potion"},{"floor":13,"key":"AttackPotion"},{"floor":16,"key":"Fruit Juice"},{"floor":22,"key":"DuplicationPotion"},{"floor":24,"key":"EssenceOfSteel"}],"is_trial":false,"path_per_floor":["M","M","M","M","M","R","E","R","T","R","M","R","E","$","R","B",null,"M","$","M","?","M","R","M","?","T","M","M"],"character_chosen":"THE_SILENT","items_purchased":["Toxic Egg 2","Deadly Poison+1"],"campfire_rested":1,"item_purchase_floors":[14,19],"current_hp_per_floor":[50,47,47,46,42,42,3,22,22,22,22,22,22,37,37,5,56,52,67,45,39,26,26,12,12,12,8,0,0],"gold":52,"neow_bonus":"BOSS_RELIC","is_daily":false,"chose_seed":false,"campfire_upgraded":5,"win_rate":0.0,"timestamp":1614252475,"path_taken":["M","M","M","M","M","R","E","R","T","R","M","R","E","$","R","BOSS","M","$","M","?","M","R","M","?","T","M","?"],"items_purchased_type":["Relic","Card"],"build_version":"2020-12-22","purchased_purges":1,"victory":false,"max_hp_per_floor":[66,66,66,66,66,66,66,66,66,66,66,66,66,66,66,66,71,71,71,71,71,71,71,71,71,71,71,71,71],"relic_stats":{"Happy Flower":[10],"counters":[15,62],"MealTicket":30,"Bag of Preparation":[4],"Whetstone":["Masterful Stab","Strike_G"],"obtain_stats":[{"Runic Dome":0,"SlaversCollar":17,"Happy Flower":13,"MealTicket":7,"Bag of Preparation":26,"Whetstone":9,"Toxic Egg 2":14,"Ring of the Snake":0},{"Runic Dome":0,"SlaversCollar":9,"Happy Flower":8,"MealTicket":6,"Bag of Preparation":13,"Whetstone":6,"Toxic Egg 2":8,"Ring of the Snake":0},{"Runic Dome":0,"SlaversCollar":39,"Happy Flower":31,"MealTicket":27,"Bag of Preparation":53,"Whetstone":27,"Toxic Egg 2":31,"Ring of the Snake":0}]},"card_choices":[{"not_picked":["Outmaneuver","Deflect","Underhanded Strike"],"picked":"SKIP","floor":1},{"not_picked":["Cloak And Dagger","Heel Hook"],"picked":"Dagger Throw","floor":2},{"not_picked":["Cloak And Dagger","Calculated Gamble"],"picked":"Catalyst","floor":3},{"not_picked":["Dagger Spray","Underhanded Strike"],"picked":"Glass Knife","floor":4},{"not_picked":["Underhanded Strike","Reflex"],"picked":"Masterful Stab","floor":5},{"not_picked":["Caltrops","Outmaneuver"],"picked":"Bouncing Flask","floor":7},{"not_picked":["Sucker Punch","Prepared"],"picked":"Backstab","floor":11},{"not_picked":["Backstab","Dagger Spray"],"picked":"Dash","floor":13},{"not_picked":["Doppelganger+1","A Thousand Cuts"],"picked":"After Image","floor":16},{"not_picked":["Poisoned Stab","Outmaneuver+1"],"picked":"Deadly Poison+1","floor":18},{"not_picked":["Expertise+1","Bane"],"picked":"Sucker Punch+1","floor":20},{"not_picked":["Riddle With Holes","Choke"],"picked":"Deflect+1","floor":22},{"not_picked":["Heel Hook","Bane"],"picked":"Leg Sweep+1","floor":24},{"not_picked":["Slice","Sucker Punch","Outmaneuver+1"],"picked":"SKIP","floor":27}],"player_experience":889856,"relics_obtained":[{"floor":7,"key":"MealTicket"},{"floor":9,"key":"Whetstone"},{"floor":13,"key":"Happy Flower"},{"floor":26,"key":"Bag of Preparation"}],"event_choices":[{"damage_healed":0,"gold_gain":0,"player_choice":"Joined the Cult","damage_taken":6,"max_hp_gain":0,"max_hp_loss":0,"event_name":"Nest","floor":21,"gold_loss":0,"cards_obtained":["RitualDagger"]},{"damage_healed":0,"gold_gain":0,"player_choice":"Forge","damage_taken":0,"max_hp_gain":0,"max_hp_loss":0,"event_name":"Accursed Blacksmith","floor":25,"gold_loss":0,"cards_upgraded":["Neutralize"]}],"is_beta":false,"boss_relics":[{"not_picked":["Coffee Dripper","Philosopher\u0027s Stone"],"picked":"SlaversCollar"}],"items_purged_floors":[19],"is_endless":false,"potions_floor_spawned":[2,5,7,13,16,22,24],"killed_by":"Chosen and Byrds","ascension_level":20}}