{"host":"uticcqe2hnyxrts2","time":1614292221,"event":{"mods":["BaseMod","Colored Map","Custom Start","Downfall","Grow up Mod","Minty Spire (QoL Compilation)","Permanent Neow","Remove Card Discount Mod","StSLib","The Poker Player","The Problem Sleuth"],"gold_per_floor":[114,132,132,142,156,181,191,191,217,246,246,261,289,309,309,406,406,423,443,443,462,462,462,213,213,213,228,228,257,257,257,257,354,354,371,384,48,60,76,410,410,422,447,447,460,490,540,550,550,550],"floor_reached":51,"language":"ENG","playtime":6160,"items_purged":["Defend_R","Defend_R"],"score":826,"play_id":"33c75e37-ee39-467f-8529-3cca121ba06d","local_time":"20210225173021","is_ascension_mode":false,"campfire_choices":[{"data":"Anger","floor":11,"key":"SMITH"},{"data":"Feel No Pain","floor":15,"key":"SMITH"},{"data":"Barricade","floor":23,"key":"SMITH"},{"data":"Sadistic Nature","floor":25,"key":"SMITH"},{"data":"Anger","floor":32,"key":"SMITH"},{"data":"Dark Embrace","floor":49,"key":"SMITH"}],"circlet_count":0,"master_deck":["Strike_R","Strike_R","Strike_R","Strike_R","Defend_R","Defend_R","Bash","Thunderclap","Iron Wave","Feel No Pain+1","Inflame","Shockwave","Clash","Reckless Charge","Anger+1","Feed","Clash","Clash","Barricade+1","Rampage","Cleave","Infernal Blade+1","Sadistic Nature+1","Armaments","Anger+1","Armaments+1","Rage","Writhe","Feed","Cleave","Dark Embrace+1","Master of Strategy","Dual Wield+1","Pommel Strike","Carnage+1","Reckless Charge","Metallicize+1","Combust+1","Clash+1","Metallicize"],"relics":["Black Blood","Self Forming Clay","Boot","Bag of Preparation","Toy Ornithopter","Coffee Dripper","Charon\u0027s Ashes","Red Skull","Nloth\u0027s Gift","Lantern","Old Coin","Blue Candle","Bag of Marbles","theSleuth:Tectrixcalibur","Shuriken","Lizard Tail"],"acts_visited":["Exordium","TheCity","TheBeyond"],"potions_floor_usage":[4,13,16,16,21,21,27,29,33,33,39,46,50],"damage_taken":[{"damage":5,"enemies":"Small Slimes","floor":1,"turns":4},{"damage":6,"enemies":"Cultist","floor":2,"turns":3},{"damage":8,"enemies":"Jaw Worm","floor":4,"turns":4},{"damage":15,"enemies":"Exordium Wildlife","floor":5,"turns":5},{"damage":36,"enemies":"3 Sentries","floor":6,"turns":9},{"damage":10,"enemies":"Looter","floor":7,"turns":4},{"damage":33,"enemies":"Lagavulin","floor":10,"turns":7},{"damage":0,"enemies":"Large Slime","floor":12,"turns":4},{"damage":14,"enemies":"Gremlin Nob","floor":13,"turns":4},{"damage":8,"enemies":"Gremlin Gang","floor":14,"turns":3},{"damage":24,"enemies":"The Guardian","floor":16,"turns":6},{"damage":24,"enemies":"Spheric Guardian","floor":18,"turns":4},{"damage":0,"enemies":"3 Byrds","floor":19,"turns":4},{"damage":8,"enemies":"Centurion and Healer","floor":21,"turns":5},{"damage":3,"enemies":"Snecko","floor":27,"turns":4},{"damage":14,"enemies":"Slavers","floor":29,"turns":3},{"damage":63,"enemies":"Champ","floor":33,"turns":10},{"damage":11,"enemies":"Orb Walker","floor":35,"turns":3},{"damage":54,"enemies":"3 Darklings","floor":36,"turns":5},{"damage":23,"enemies":"4 Shapes","floor":38,"turns":5},{"damage":36,"enemies":"Writhing Mass","floor":39,"turns":5},{"damage":24,"enemies":"Giant Head","floor":40,"turns":7},{"damage":58,"enemies":"Spire Growth","floor":42,"turns":6},{"damage":6,"enemies":"Sphere and 2 Shapes","floor":45,"turns":3},{"damage":38,"enemies":"Nemesis","floor":46,"turns":5},{"damage":154,"enemies":"Mind Bloom Boss Battle","floor":47,"turns":4},{"damage":17,"enemies":"Maw","floor":48,"turns":5},{"damage":99,"enemies":"Awakened One","floor":50,"turns":8}],"seed_played":"3809197219377272036","potions_obtained":[{"floor":2,"key":"Fruit Juice"},{"floor":4,"key":"BlessingOfTheForge"},{"floor":10,"key":"DistilledChaos"},{"floor":12,"key":"BloodPotion"},{"floor":14,"key":"CultistPotion"},{"floor":18,"key":"EntropicBrew"},{"floor":21,"key":"Fruit Juice"},{"floor":29,"key":"GamblersBrew"},{"floor":38,"key":"Slimebound:ThreeZeroPotion"},{"floor":39,"key":"FearPotion"},{"floor":48,"key":"Explosive Potion"}],"is_trial":false,"path_per_floor":["M","M","?","M","M","E","M","?","T","E","R","M","E","M","R","B",null,"M","M","?","M","?","R","$","R","T","M","?","E","?","?","R","B",null,"M","M","$","M","M","E","?","M","T","?","M","E","?","M","R","B",null],"character_chosen":"IRONCLAD","items_purchased":["Sadistic Nature","Armaments","Anger","Master of Strategy","Lantern"],"campfire_rested":0,"item_purchase_floors":[24,24,24,37,37],"current_hp_per_floor":[100,110,120,133,134,114,120,130,140,123,133,149,194,205,215,217,268,260,276,286,304,314,324,334,344,354,376,386,391,401,411,421,382,449,459,427,437,439,430,431,436,400,410,420,439,428,300,305,315,243],"gold":550,"neow_bonus":"","is_daily":false,"chose_seed":false,"campfire_upgraded":6,"win_rate":0.0,"timestamp":1614292221,"path_taken":["M","M","?","M","M","E","?","?","T","E","R","M","E","?","R","BOSS","M","M","?","M","?","R","$","R","T","M","?","E","?","?","R","BOSS","M","?","$","M","M","E","?","M","T","?","M","E","?","M","R","BOSS"],"items_purchased_type":["Card","Card","Card","Card","Relic"],"build_version":"2020-12-22","purchased_purges":2,"victory":true,"max_hp_per_floor":[100,110,120,135,145,155,165,175,185,195,205,215,225,238,248,258,268,278,288,298,308,318,328,338,348,358,376,386,399,409,419,429,439,449,459,469,479,492,502,515,525,535,545,555,568,578,592,602,612,622],"card_choices":[{"not_picked":["Warcry","Hemokinesis"],"picked":"Thunderclap","floor":1},{"not_picked":["Burning Pact","Searing Blow"],"picked":"Iron Wave","floor":2},{"not_picked":["Body Slam","Entrench"],"picked":"Feel No Pain","floor":4},{"not_picked":["Bloodletting","Thunderclap"],"picked":"Inflame","floor":5},{"not_picked":["True Grit","Inflame"],"picked":"Shockwave","floor":6},{"not_picked":["Iron Wave","Body Slam"],"picked":"Clash","floor":7},{"not_picked":["Armaments","Disarm"],"picked":"Anger","floor":10},{"not_picked":["Battle Trance","Headbutt"],"picked":"Feed","floor":12},{"not_picked":["Power Through","Twin Strike"],"picked":"Clash","floor":13},{"not_picked":["Warcry","Sword Boomerang"],"picked":"Clash","floor":14},{"not_picked":["Offering","Bludgeon"],"picked":"Barricade","floor":16},{"not_picked":["Shrug It Off","Warcry"],"picked":"Rampage","floor":18},{"not_picked":["Twin Strike+1","Perfected Strike"],"picked":"Cleave","floor":19},{"not_picked":["Metallicize","Clash"],"picked":"Infernal Blade+1","floor":21},{"not_picked":["Pummel","True Grit"],"picked":"Armaments+1","floor":27},{"not_picked":["Offering","Uppercut"],"picked":"Rage","floor":29},{"not_picked":["Fiend Fire","Bludgeon"],"picked":"Feed","floor":33},{"not_picked":["Perfected Strike+1","Rage+1"],"picked":"Cleave","floor":35},{"not_picked":["Armaments","Sword Boomerang+1"],"picked":"Dark Embrace","floor":36},{"not_picked":["Thunderclap+1","Entrench+1"],"picked":"Dual Wield+1","floor":38},{"not_picked":["Uppercut","Bloodletting"],"picked":"Pommel Strike","floor":39},{"not_picked":["Clothesline","Impervious"],"picked":"Carnage+1","floor":40},{"not_picked":["True Grit+1","Body Slam"],"picked":"Reckless Charge","floor":42},{"not_picked":["Armaments+1","Body Slam"],"picked":"Metallicize+1","floor":45},{"not_picked":["Intimidate+1","Brutality"],"picked":"Combust+1","floor":46},{"not_picked":["Headbutt+1","Flex"],"picked":"Clash+1","floor":47},{"not_picked":["Sword Boomerang+1","Anger"],"picked":"Metallicize","floor":48}],"player_experience":0,"relics_obtained":[{"floor":6,"key":"Self Forming Clay"},{"floor":9,"key":"Boot"},{"floor":10,"key":"Bag of Preparation"},{"floor":13,"key":"Toy Ornithopter"},{"floor":26,"key":"Charon\u0027s Ashes"},{"floor":29,"key":"Dream Catcher"},{"floor":40,"key":"Old Coin"},{"floor":43,"key":"Bag of Marbles"},{"floor":46,"key":"Shuriken"},{"floor":47,"key":"Lizard Tail"}],"event_choices":[{"damage_healed":0,"gold_gain":0,"player_choice":"Full Heal","damage_taken":0,"max_hp_gain":0,"max_hp_loss":0,"event_name":"Wheel of Change","floor":3,"gold_loss":0},{"damage_healed":0,"gold_gain":0,"cards_transformed":["Strike_R"],"player_choice":"Transformed","damage_taken":0,"max_hp_gain":0,"max_hp_loss":0,"event_name":"Transmorgrifier","floor":8,"gold_loss":0,"cards_obtained":["Reckless Charge"]},{"damage_healed":0,"gold_gain":0,"player_choice":"Ignored","damage_taken":0,"max_hp_gain":0,"max_hp_loss":0,"event_name":"Beggar","floor":20,"gold_loss":0},{"damage_healed":0,"gold_gain":0,"player_choice":"Ignored","damage_taken":0,"max_hp_gain":0,"max_hp_loss":0,"event_name":"Ghosts","floor":22,"gold_loss":0},{"damage_healed":0,"gold_gain":0,"player_choice":"Opened","damage_taken":0,"relics_obtained":["Red Skull"],"max_hp_gain":0,"max_hp_loss":0,"event_name":"The Mausoleum","floor":30,"gold_loss":0,"cards_obtained":["Writhe"]},{"damage_healed":0,"gold_gain":0,"player_choice":"Traded Relic","damage_taken":0,"relics_obtained":["Nloth\u0027s Gift"],"max_hp_gain":0,"max_hp_loss":0,"event_name":"N\u0027loth","floor":31,"relics_lost":["Dream Catcher"],"gold_loss":0},{"damage_healed":0,"gold_gain":0,"player_choice":"Fight","damage_taken":0,"max_hp_gain":0,"max_hp_loss":0,"event_name":"MindBloom","floor":47,"gold_loss":0}],"is_beta":false,"boss_relics":[{"not_picked":["Calling Bell","Philosopher\u0027s Stone"],"picked":"Coffee Dripper"},{"not_picked":["Cursed Key","Snecko Eye"],"picked":"Black Blood"}],"items_purged_floors":[24,37],"is_endless":false,"potions_floor_spawned":[2,4,10,12,14,18,21,29,38,39,48],"ascension_level":0}}