{"host":"wy4vwr4x0uqk666t","time":1614261739,"event":{"mods":["Aspiration","BaseMod","BetterRewards","Colored Map","Colored Powertips","Curses Come First","Defuse TimeMaze Blight","Downfall","Hubris","Infinite Spire","Lobotomy","Minty Spire (QoL Compilation)","Quick Restart","Replay The Spire","StSLib"],"gold_per_floor":[111,30,47,67,82,117,117,97,122,122,136,136,169,183,245,245,245],"floor_reached":16,"language":"ENG","playtime":756,"items_purged":[],"score":158,"play_id":"16f1bc7c-eb44-46c6-814c-6bb3e80d4bae","local_time":"20210225150219","is_ascension_mode":true,"campfire_choices":[{"data":"Bash","floor":7,"key":"SMITH"},{"floor":10,"key":"REST"},{"data":"Rampage","floor":12,"key":"SMITH"}],"circlet_count":0,"master_deck":["Strike_R","Strike_R","Strike_R","Strike_R","Strike_R","Defend_R","Defend_R","Defend_R","Defend_R","Bash+1","Headbutt","MHz","Wild Strike","Metallicize","WallGazer","MeatLantern","Sword Boomerang","OldLady","Immolate","Mercenary","Rampage+1","PunishingBird","Laetitia","Feel No Pain"],"relics":["Burning Blood","CogitoBucket","Replay:Wax Seal","Smiling Mask","HellTrain","infinitespire:Lucky Rock","Replay:Baseball"],"acts_visited":["Exordium"],"potions_floor_usage":[16,16,16],"damage_taken":[{"damage":6,"enemies":"Cultist","floor":1,"turns":3},{"damage":1,"enemies":"2 Louse","floor":3,"turns":3},{"damage":27,"enemies":"Small Slimes","floor":4,"turns":7},{"damage":11,"enemies":"Looter","floor":5,"turns":2},{"damage":55,"enemies":"Lagavulin","floor":6,"turns":11},{"damage":22,"enemies":"Blue Slaver","floor":11,"turns":3},{"damage":2,"enemies":"Gremlin Nob","floor":13,"turns":3},{"damage":0,"enemies":"2 Fungi Beasts","floor":14,"turns":1},{"damage":12,"enemies":"Hexaghost","floor":16,"turns":5}],"seed_played":"-5968338691682620091","potions_obtained":[{"floor":1,"key":"Elixir"},{"floor":4,"key":"Swift Potion"},{"floor":8,"key":"SneckoOil"},{"floor":15,"key":"Toxic Potion"},{"floor":15,"key":"Doom Potion"}],"is_trial":false,"path_per_floor":["M","$","M","M","M","E","R","?","T","R","M","R","E","M","R_BF","B"],"character_chosen":"IRONCLAD","items_purchased":["Replay:Wax Seal"],"campfire_rested":1,"item_purchase_floors":[2],"current_hp_per_floor":[80,80,80,80,75,26,26,26,26,50,34,34,38,44,12,0,0],"gold":245,"neow_bonus":"","is_daily":false,"chose_seed":false,"campfire_upgraded":2,"win_rate":0.0,"timestamp":1614261739,"path_taken":["M","$","M","M","M","E","R","?","T","R","?","R","E","M","R_BF","BOSS"],"items_purchased_type":["Relic"],"build_version":"2020-12-22","purchased_purges":0,"victory":false,"max_hp_per_floor":[80,80,80,80,80,80,80,80,80,80,80,80,80,80,80,80,80],"card_choices":[{"not_picked":["Havoc","Clothesline"],"picked":"Headbutt","floor":1},{"not_picked":["BeautyBeast","ShyLook"],"picked":"MHz","floor":1},{"not_picked":["Flex","Run Through"],"picked":"Wild Strike","floor":3},{"not_picked":["LaLuna","Scarecrow"],"picked":"CherryBlossoms","floor":3},{"not_picked":["Second Wind","Heavy Blade"],"picked":"Metallicize","floor":4},{"not_picked":["FairyFestival","SingingMachine"],"picked":"WallGazer","floor":4},{"not_picked":["ShyLook","LittleHelper"],"picked":"MeatLantern","floor":5},{"not_picked":["Body Slam","Seeing Red"],"picked":"Sword Boomerang","floor":5},{"not_picked":["Freischutz","LongBird"],"picked":"OldLady","floor":6},{"not_picked":["Reaper","Heavy Blade"],"picked":"Immolate","floor":6},{"not_picked":["HeroicMonk","ShyLook"],"picked":"Mercenary","floor":11},{"not_picked":["Flame Barrier","Combust"],"picked":"Rampage","floor":11},{"not_picked":["Scorched","Murderer","SpiderBud"],"picked":"Singing Bowl","floor":13},{"not_picked":["Bloodbath","Scorched"],"picked":"PunishingBird","floor":13},{"not_picked":["Life Link","Wild Strike","Sword Boomerang"],"picked":"SKIP","floor":13},{"not_picked":["Life Link","Wild Strike","Sword Boomerang"],"picked":"SKIP","floor":13},{"not_picked":["Rudolta","Bloodbath"],"picked":"Laetitia","floor":14},{"not_picked":["Evolve","Sword Boomerang","Uppercut"],"picked":"SKIP","floor":14},{"not_picked":["Feed","Shrug It Off"],"picked":"Feel No Pain","floor":15}],"player_experience":3755347,"relics_obtained":[{"floor":6,"key":"Smiling Mask"},{"floor":13,"key":"infinitespire:Lucky Rock"},{"floor":15,"key":"Replay:Baseball"}],"event_choices":[{"damage_healed":0,"gold_gain":0,"player_choice":"Bought 1 Potion","damage_taken":0,"max_hp_gain":0,"max_hp_loss":0,"event_name":"The Woman in Blue","floor":8,"gold_loss":0}],"is_beta":false,"boss_relics":[],"items_purged_floors":[],"is_endless":false,"potions_floor_spawned":[1,4,14],"killed_by":"Hexaghost","ascension_level":3}}