{"host":"uyfpom4rlahfoee4","time":1614224296,"event":{"mods":["BaseMod","Downfall","Minty Spire (QoL Compilation)","StSLib"],"gold_per_floor":[99,112,125,125,125,125,149,163,163,45,45,30,30,41,58,157,157,157,167,267,281,17,17,17,17,17,41,51,51,66,12,22,124,124,124,144,161,177,194,214,214,12,26,37,37,37,49,49,63,63],"floor_reached":51,"language":"ENG","playtime":3565,"items_purged":[],"score":643,"play_id":"e936f7ef-c4e7-4b2d-847f-8f11edb7706c","local_time":"20210224193816","is_ascension_mode":false,"campfire_choices":[{"data":"champ:Taunt","floor":1,"key":"SMITH"},{"floor":6,"key":"REST"},{"floor":11,"key":"REST"},{"data":"champ:StanceDance","floor":13,"key":"SMITH"},{"data":"champ:StrikeOfGenius","floor":18,"key":"SMITH"},{"floor":26,"key":"REST"},{"floor":29,"key":"REST"},{"data":"Apotheosis","floor":35,"key":"SMITH"},{"floor":46,"key":"REST"}],"circlet_count":0,"master_deck":["champ:Strike","champ:Strike","champ:Strike","champ:Strike","champ:Defend","champ:Defend","champ:Defend","champ:Defend","champ:Execute","champ:Taunt+1","champ:RecklessLeap","champ:Shatter+1","champ:StanceDance+1","champ:FaceSlap","champ:AdrenalArmor","champ:DeathBlow","champ:FanOfKnives+1","champ:StrikeOfGenius+1","champ:BladeFlurry","champ:LastStand","champ:PerfectedStrike","champ:Backstep+1","champ:FocusedBerserking","champ:ShieldWall","champ:TripleStrike+1","champ:PerfectedStrike+1","champ:BringItOn","Apotheosis+1","champ:PreciseThrust+1","champ:HoldFirm","CurseOfTheBell","champ:FocusedBerserking+1","champ:Haymaker+1","champ:GutPunch+1","champ:StanceDance+1","champ:IgnorePain","Mind Blast+1","champ:AdrenalArmor+1","champ:EnragedBash+1","champ:PreciseThrust+1","champ:BerserkerStyle+1"],"relics":["champ:ChampionCrown","Blood Vial","Darkstone Periapt","downfall:ShatteredFragment","Philosopher\u0027s Stone","champ:BlackKnightHelmet","Matryoshka","Molten Egg 2","downfall:RedIOU","Pantograph","Bottled Tornado","Art of War","MealTicket","Membership Card","Whetstone","champ:FightingForDummies","Calling Bell","Strawberry","Sundial","Ginger","Bag of Marbles","Girya"],"acts_visited":["Exordium","TheCity","TheBeyond"],"potions_floor_usage":[16,20,31,33,40,47,50],"damage_taken":[{"damage":0,"enemies":"Small Slimes","floor":2,"turns":4},{"damage":10,"enemies":"2 Louse","floor":3,"turns":2},{"damage":0,"enemies":"Cultist","floor":8,"turns":2},{"damage":20,"enemies":"downfall:FleeingMerchant","floor":10,"turns":4},{"damage":45,"enemies":"downfall:FleeingMerchant","floor":12,"turns":4},{"damage":20,"enemies":"Large Slime","floor":14,"turns":4},{"damage":10,"enemies":"2 Fungi Beasts","floor":15,"turns":2},{"damage":76,"enemies":"IC_STATUS_ARCHETYPE","floor":16,"turns":5},{"damage":45,"enemies":"downfall:LooterAlt2","floor":19,"turns":4},{"damage":70,"enemies":"downfall:LooterAlt2","floor":20,"turns":5},{"damage":35,"enemies":"3 Byrds","floor":21,"turns":4},{"damage":53,"enemies":"downfall:FleeingMerchant","floor":22,"turns":4},{"damage":30,"enemies":"Snake Plant","floor":28,"turns":3},{"damage":39,"enemies":"Centurion and Healer","floor":30,"turns":3},{"damage":25,"enemies":"downfall:FleeingMerchant","floor":31,"turns":2},{"damage":13,"enemies":"3 Cultists","floor":32,"turns":4},{"damage":121,"enemies":"WA_ARCHETYPE_CALM","floor":33,"turns":7},{"damage":17,"enemies":"3 Darklings","floor":36,"turns":4},{"damage":12,"enemies":"3 Shapes","floor":37,"turns":3},{"damage":29,"enemies":"Jaw Worm Horde","floor":38,"turns":4},{"damage":69,"enemies":"Transient","floor":39,"turns":5},{"damage":26,"enemies":"4 Shapes","floor":40,"turns":5},{"damage":55,"enemies":"3 Darklings","floor":43,"turns":4},{"damage":12,"enemies":"Writhing Mass","floor":44,"turns":4},{"damage":25,"enemies":"Spire Growth","floor":47,"turns":3},{"damage":21,"enemies":"4 Shapes","floor":49,"turns":6},{"damage":143,"enemies":"DF_ARCHETYPE_ORBS","floor":50,"turns":8}],"seed_played":"-5285637774856164944","potions_obtained":[{"floor":2,"key":"Energy Potion"},{"floor":3,"key":"BlessingOfTheForge"},{"floor":14,"key":"LiquidMemories"},{"floor":20,"key":"BlessingOfTheForge"},{"floor":21,"key":"DistilledChaos"},{"floor":30,"key":"Block Potion"},{"floor":33,"key":"SneckoOil"},{"floor":37,"key":"Dexterity Potion"},{"floor":39,"key":"Fire Potion"},{"floor":43,"key":"Weak Potion"}],"is_trial":false,"path_per_floor":["R","M","M","?","?","R","T","M","?","$","R","$","R","M","M","B",null,"R","M","?","M","$","?","T","?","R","T","M","R","M","$","M","B",null,"R","M","M","M","M","M","T","$","M","M","$","R","M","$","M","B",null],"character_chosen":"THE_CHAMP","items_purchased":["champ:AdrenalArmor","champ:DeathBlow","Molten Egg 2","Membership Card","Whetstone","champ:FightingForDummies","Apotheosis","Girya","Mind Blast+1"],"campfire_rested":5,"item_purchase_floors":[10,10,22,31,31,31,31,42,42],"current_hp_per_floor":[90,90,90,57,30,57,57,59,59,56,83,85,85,87,89,59,90,90,55,42,34,19,19,19,19,46,46,48,75,68,85,79,49,103,103,86,86,64,57,53,53,68,60,50,65,95,97,103,92,49],"gold":63,"neow_bonus":"RANDOM_COMMON_RELIC","is_daily":false,"chose_seed":false,"campfire_upgraded":4,"win_rate":0.0,"timestamp":1614224296,"path_taken":["R","M","M","?","?","R","T","M","?","$","R","?","R","M","M","BOSS","R","M","?","M","$","?","T","?","R","?","M","R","M","?","M","BOSS","R","M","M","M","M","M","T","$","M","M","$","R","M","$","M","BOSS"],"items_purchased_type":["Card","Card","Relic","Relic","Relic","Relic","Card","Relic","Card"],"build_version":"2020-12-22","purchased_purges":0,"victory":true,"max_hp_per_floor":[90,90,90,90,90,90,90,90,90,90,90,90,90,90,90,90,90,90,90,90,90,90,90,90,90,90,90,90,90,90,90,90,90,103,103,103,103,103,103,103,103,103,103,103,103,103,103,103,103,103],"card_choices":[{"not_picked":["champ:ArenaPreparation","champ:Backstep"],"picked":"champ:RecklessLeap","floor":2},{"not_picked":["champ:Circumvent","champ:CalledShot"],"picked":"champ:Shatter","floor":3},{"not_picked":["champ:FaceSlap","champ:Parry"],"picked":"champ:StanceDance","floor":8},{"not_picked":["champ:Duel","champ:DefensiveStyle"],"picked":"champ:FaceSlap","floor":10},{"not_picked":["champ:Parry","champ:Encircle"],"picked":"champ:FanOfKnives","floor":12},{"not_picked":["champ:ArenaPreparation","champ:Shatter"],"picked":"champ:StrikeOfGenius","floor":14},{"not_picked":["champ:SkillfulDodge","champ:Shatter"],"picked":"champ:BladeFlurry","floor":15},{"not_picked":["champ:VampiricStrike","champ:Devastate"],"picked":"champ:LastStand","floor":16},{"not_picked":["champ:EnragedBash+1","champ:RisingSlash"],"picked":"champ:PerfectedStrike","floor":19},{"not_picked":["champ:PreciseThrust","champ:Circumvent"],"picked":"champ:Backstep+1","floor":20},{"not_picked":["champ:Circumvent","champ:DeathBlow+1"],"picked":"champ:FocusedBerserking","floor":21},{"not_picked":["champ:StanceDance","champ:PerfectedStrike"],"picked":"champ:ShieldWall","floor":22},{"not_picked":["champ:TornadoPunch+1","champ:DeathBlow+1"],"picked":"champ:TripleStrike+1","floor":28},{"not_picked":["champ:SetATrap+1","champ:Backstep"],"picked":"champ:PerfectedStrike+1","floor":30},{"not_picked":["champ:FanOfKnives+1","champ:Backstep+1"],"picked":"champ:BringItOn","floor":31},{"not_picked":["champ:SetATrap","champ:EnGarde+1"],"picked":"champ:PreciseThrust+1","floor":32},{"not_picked":["champ:StrikeOfGenius","champ:LastStand"],"picked":"champ:HoldFirm","floor":33},{"not_picked":["champ:EndlessRage+1","champ:ViciousMockery+1"],"picked":"champ:FocusedBerserking+1","floor":36},{"not_picked":["champ:BladeFlurry+1","champ:Parry"],"picked":"champ:Haymaker+1","floor":37},{"not_picked":["champ:PreciseThrust+1","champ:PerfectedStrike+1"],"picked":"champ:GutPunch+1","floor":38},{"not_picked":["champ:TornadoPunch+1","champ:Shatter+1"],"picked":"champ:StanceDance+1","floor":39},{"not_picked":["champ:Circumvent","champ:BladeFlurry+1"],"picked":"champ:IgnorePain","floor":40},{"not_picked":["champ:EnragedBash+1","champ:Shatter+1"],"picked":"champ:AdrenalArmor+1","floor":43},{"not_picked":["champ:EnGarde","champ:CrownThrow+1"],"picked":"champ:EnragedBash+1","floor":44},{"not_picked":["champ:StanceDance","champ:Parry"],"picked":"champ:PreciseThrust+1","floor":47},{"not_picked":["champ:Circumvent+1","champ:CalledShot+1"],"picked":"champ:BerserkerStyle+1","floor":49}],"player_experience":177358,"relics_obtained":[{"floor":7,"key":"Juzu Bracelet"},{"floor":20,"key":"champ:BlackKnightHelmet"},{"floor":20,"key":"Matryoshka"},{"floor":24,"key":"Pantograph"},{"floor":24,"key":"Bottled Tornado"},{"floor":27,"key":"Art of War"},{"floor":27,"key":"MealTicket"},{"floor":34,"key":"Strawberry"},{"floor":34,"key":"Sundial"},{"floor":34,"key":"Ginger"},{"floor":41,"key":"Bag of Marbles"}],"event_choices":[{"damage_healed":0,"gold_gain":0,"player_choice":"Success","damage_taken":33,"relics_obtained":["Darkstone Periapt"],"max_hp_gain":0,"max_hp_loss":0,"event_name":"Scrap Ooze","floor":4,"gold_loss":0}],"is_beta":false,"boss_relics":[{"not_picked":["Runic Dome","Tiny House"],"picked":"Philosopher\u0027s Stone"},{"not_picked":["Fusion Hammer","bronze:MakeshiftBattery"],"picked":"Calling Bell"}],"items_purged_floors":[],"is_endless":false,"potions_floor_spawned":[2,3,14,20,21,30,33,37,39,43,44],"ascension_level":0}}