{"host":"wshey5htrz8rni6u","time":1614261176,"event":{"mods":["2.2 Compatiblity","BaseMod","Block Reminder","Colored Map","Colored Powertips","Current Relic Mod","Curses Come First","Dark Map","Key Reminder","Keyboard Shortcuts","Minty Spire (QoL Compilation)","Potion Indicator Mod","Quick Restart","Random Character Button","Relic Sorter","Relic Stats","StSLib","SuperFastMode","Unceasing Turn Reminder","UnlockEverythingMod","Weighted Paths"],"gold_per_floor":[118,118,118,136,159,159,198,223,223,263,276,276,296,332,332,425,425,444,28,28,28,52,52,83,83,83,116,133,150,162,187,187,187,187],"floor_reached":33,"language":"ENG","playtime":1664,"items_purged":["Strike_G"],"score":786,"play_id":"658618b3-f506-4843-8699-371c1238ff7c","local_time":"20210225055256","is_ascension_mode":true,"campfire_choices":[{"data":"Skewer","floor":6,"key":"SMITH"},{"data":"Envenom","floor":12,"key":"SMITH"},{"data":"Burst","floor":15,"key":"SMITH"},{"data":"Envenom","floor":23,"key":"SMITH"},{"floor":25,"key":"RECALL"},{"data":"Envenom","floor":32,"key":"SMITH"}],"circlet_count":0,"master_deck":["AscendersBane","Strike_G","Strike_G","Strike_G","Strike_G","Defend_G","Defend_G","Defend_G","Defend_G","Defend_G","Survivor","Neutralize+1","Skewer+1","Deadly Poison","Predator","Backstab","Backstab","Envenom+1","PiercingWail","All Out Attack","Burst+1","Envenom+1","Dodge and Roll","Ghostly","Ghostly","Ghostly","Doubt","Blur","Normality","PiercingWail","Deflect","Deflect+1","Envenom+1"],"relics":["Ring of the Snake","Bloody Idol","Nunchaku","PreservedInsect","Bottled Flame","Vajra","Cursed Key","Incense Burner","Bag of Preparation","Bird Faced Urn","keyreminder:keyreminder","Thread and Needle","Darkstone Periapt","FossilizedHelix"],"acts_visited":["Exordium","TheCity"],"potions_floor_usage":[7,16,28,29,33],"damage_taken":[{"damage":1,"enemies":"Small Slimes","floor":1,"turns":3},{"damage":1,"enemies":"Jaw Worm","floor":4,"turns":4},{"damage":0,"enemies":"Cultist","floor":5,"turns":3},{"damage":17,"enemies":"Lagavulin","floor":7,"turns":4},{"damage":2,"enemies":"2 Fungi Beasts","floor":8,"turns":3},{"damage":0,"enemies":"Gremlin Nob","floor":10,"turns":2},{"damage":0,"enemies":"Blue Slaver","floor":11,"turns":2},{"damage":7,"enemies":"Lots of Slimes","floor":13,"turns":3},{"damage":0,"enemies":"3 Sentries","floor":14,"turns":4},{"damage":19,"enemies":"The Guardian","floor":16,"turns":10},{"damage":15,"enemies":"3 Byrds","floor":18,"turns":7},{"damage":5,"enemies":"Book of Stabbing","floor":24,"turns":5},{"damage":0,"enemies":"Slavers","floor":27,"turns":4},{"damage":4,"enemies":"Spheric Guardian","floor":28,"turns":7},{"damage":0,"enemies":"Snecko","floor":29,"turns":5},{"damage":0,"enemies":"Sentry and Sphere","floor":30,"turns":11},{"damage":0,"enemies":"Gremlin Leader","floor":31,"turns":6},{"damage":56,"enemies":"Champ","floor":33,"turns":15}],"seed_played":"-5735591320306748034","potions_obtained":[{"floor":1,"key":"Strength Potion"},{"floor":5,"key":"BlessingOfTheForge"},{"floor":11,"key":"SpeedPotion"},{"floor":24,"key":"ColorlessPotion"},{"floor":31,"key":"Explosive Potion"}],"is_trial":false,"path_per_floor":["M","?","?","M","M","R","E","M","T","E","M","R","M","E","R","B",null,"M","$","?","?","T","R","E","R","T","E","M","M","M","E","R","B"],"character_chosen":"THE_SILENT","items_purchased":["Incense Burner"],"campfire_rested":0,"item_purchase_floors":[19],"current_hp_per_floor":[58,58,58,57,57,57,40,38,38,38,38,38,31,31,31,12,48,33,33,33,30,30,30,30,30,30,30,30,30,30,30,30,0,0],"gold":187,"neow_bonus":"THREE_CARDS","is_daily":false,"chose_seed":false,"campfire_upgraded":5,"win_rate":0.0,"timestamp":1614261176,"path_taken":["M","?","?","M","M","R","E","?","T","E","M","R","M","E","R","BOSS","M","$","?","?","?","R","E","R","T","E","?","M","M","E","R","BOSS"],"items_purchased_type":["Relic"],"build_version":"2020-12-13","purchased_purges":1,"victory":false,"max_hp_per_floor":[66,60,60,60,60,60,60,60,60,60,60,60,60,60,60,60,60,60,60,60,30,30,30,30,30,30,30,30,30,30,30,30,30,30],"relic_stats":{"Darkstone Periapt":0,"Nunchaku":[14],"counters":[18,98],"Bloody Idol":9,"Bird Faced Urn":[0],"PreservedInsect":187,"Bag of Preparation":[14],"Cursed Key":2,"obtain_stats":[{"Darkstone Periapt":27,"Golden Idol":2,"Vajra":14,"Thread and Needle":26,"PreservedInsect":9,"Incense Burner":19,"Bag of Preparation":22,"Cursed Key":17,"keyreminder:keyreminder":25,"Nunchaku":7,"Bottled Flame":10,"Bloody Idol":20,"Bird Faced Urn":24,"FossilizedHelix":31,"Ring of the Snake":0},{"Darkstone Periapt":13,"Golden Idol":1,"Vajra":9,"Thread and Needle":12,"PreservedInsect":5,"Incense Burner":11,"Bag of Preparation":11,"Cursed Key":10,"keyreminder:keyreminder":12,"Nunchaku":4,"Bottled Flame":6,"Bloody Idol":11,"Bird Faced Urn":12,"FossilizedHelix":17,"Ring of the Snake":0},{"Darkstone Periapt":54,"Golden Idol":3,"Vajra":28,"Thread and Needle":50,"PreservedInsect":17,"Incense Burner":45,"Bag of Preparation":45,"Cursed Key":38,"keyreminder:keyreminder":50,"Nunchaku":14,"Bottled Flame":19,"Bloody Idol":45,"Bird Faced Urn":50,"FossilizedHelix":83,"Ring of the Snake":0}],"Ring of the Snake":[36]},"card_choices":[{"not_picked":["Quick Slash","Dagger Spray"],"picked":"Skewer","floor":0},{"not_picked":["Backflip","Accuracy"],"picked":"Deadly Poison","floor":1},{"not_picked":["Dagger Spray","Underhanded Strike"],"picked":"Predator","floor":4},{"not_picked":["Poisoned Stab","Bouncing Flask"],"picked":"Backstab","floor":5},{"not_picked":["Quick Slash","Concentrate"],"picked":"Backstab","floor":7},{"not_picked":["Bane","Quick Slash","Dagger Spray"],"picked":"SKIP","floor":8},{"not_picked":["Infinite Blades","Acrobatics"],"picked":"Envenom","floor":10},{"not_picked":["Bane","Blade Dance"],"picked":"PiercingWail","floor":11},{"not_picked":["Dagger Throw","Slice"],"picked":"All Out Attack","floor":13},{"not_picked":["Acrobatics","Underhanded Strike"],"picked":"Burst","floor":14},{"not_picked":["Doppelganger","A Thousand Cuts"],"picked":"Envenom","floor":16},{"not_picked":["Infinite Blades","Dagger Spray"],"picked":"Dodge and Roll","floor":18},{"not_picked":["Masterful Stab","Skewer+1"],"picked":"Blur","floor":24},{"not_picked":["Quick Slash","Predator"],"picked":"PiercingWail","floor":27},{"not_picked":["Dagger Throw","Skewer","Outmaneuver"],"picked":"SKIP","floor":28},{"not_picked":["Quick Slash","Well Laid Plans"],"picked":"Deflect","floor":29},{"not_picked":["Masterful Stab","Underhanded Strike"],"picked":"Deflect+1","floor":30},{"not_picked":["Tactician+1","Deflect+1"],"picked":"Envenom","floor":31}],"player_experience":212666,"relics_obtained":[{"floor":7,"key":"Nunchaku"},{"floor":9,"key":"PreservedInsect"},{"floor":10,"key":"Bottled Flame"},{"floor":14,"key":"Vajra"},{"floor":22,"key":"Bag of Preparation"},{"floor":24,"key":"Bird Faced Urn"},{"floor":26,"key":"Thread and Needle"},{"floor":27,"key":"Darkstone Periapt"},{"floor":31,"key":"FossilizedHelix"}],"event_choices":[{"damage_healed":0,"gold_gain":0,"player_choice":"Lose Max HP","damage_taken":0,"relics_obtained":["Golden Idol"],"max_hp_gain":0,"max_hp_loss":6,"event_name":"Golden Idol","floor":2,"gold_loss":0},{"damage_healed":0,"gold_gain":0,"player_choice":"Upgraded","damage_taken":0,"max_hp_gain":0,"max_hp_loss":0,"event_name":"Upgrade Shrine","floor":3,"gold_loss":0,"cards_upgraded":["Neutralize"]},{"damage_healed":0,"gold_gain":0,"player_choice":"Gave Idol","damage_taken":0,"relics_obtained":["Bloody Idol"],"max_hp_gain":0,"max_hp_loss":0,"event_name":"Forgotten Altar","floor":20,"relics_lost":["Golden Idol"],"gold_loss":0},{"damage_healed":0,"gold_gain":0,"player_choice":"Became a Ghost","damage_taken":0,"max_hp_gain":0,"max_hp_loss":30,"event_name":"Ghosts","floor":21,"gold_loss":0,"cards_obtained":["Ghostly","Ghostly","Ghostly"]}],"is_beta":false,"boss_relics":[{"not_picked":["Fusion Hammer","Calling Bell"],"picked":"Cursed Key"}],"items_purged_floors":[19],"is_endless":false,"potions_floor_spawned":[1,5,11,24,31],"killed_by":"Champ","ascension_level":17}}