{"host":"ki8bdgqnhyu1xulu","time":1614293891,"event":{"mods":["AchievementEnabler","BaseMod","Hermit","Minty Spire (QoL Compilation)","StSLib","The Bug Knight","The Cursed","Together in Spire"],"gold_per_floor":[111,66,66,80,80,108,108,108,178,178,209,169,203,219,219,320,320,293,293,293,312,325,360,360,372,395,395,395],"floor_reached":27,"language":"ENG","playtime":2510,"items_purged":[],"score":249,"play_id":"cf2d5983-861e-4aee-a246-637e75eeb5be","local_time":"20210225175811","is_ascension_mode":false,"campfire_choices":[{"floor":10,"key":"REST"},{"floor":15,"key":"REST"},{"floor":24,"key":"REST"}],"circlet_count":0,"master_deck":["Strike_G","Strike_G","Strike_G","Strike_G","Strike_G","Defend_G","Defend_G","Defend_G","Defend_G","Survivor","Neutralize","Leg Sweep","Outmaneuver","Flying Knee","Blur","Infinite Blades","Underhanded Strike","Deadly Poison","Unload","Blade Dance+1","Outmaneuver+1","Riddle With Holes+1","Corpse Explosion","Blade Dance"],"relics":["Ring of the Snake","Juzu Bracelet","Eternal Feather","Bronze Scales","Gremlin Horn","WristBlade","White Beast Statue","HollowMod:LifeEnderRelic","Orichalcum"],"acts_visited":["Exordium","TheCity"],"potions_floor_usage":[11,13,13,13,16,16,22,23,25],"damage_taken":[{"damage":0,"enemies":"Small Slimes","floor":1,"turns":5},{"damage":0,"enemies":"Jaw Worm","floor":4,"turns":6},{"damage":52,"enemies":"Gremlin Nob","floor":6,"turns":6},{"damage":22,"enemies":"Lagavulin","floor":11,"turns":10},{"damage":10,"enemies":"3 Sentries","floor":13,"turns":6},{"damage":0,"enemies":"Cultist","floor":14,"turns":3},{"damage":53,"enemies":"Slime Boss","floor":16,"turns":11},{"damage":26,"enemies":"2 Thieves","floor":18,"turns":5},{"damage":14,"enemies":"3 Byrds","floor":21,"turns":5},{"damage":0,"enemies":"3 Cultists","floor":22,"turns":5},{"damage":38,"enemies":"Book of Stabbing","floor":23,"turns":4},{"damage":21,"enemies":"Snake Plant","floor":25,"turns":3},{"damage":49,"enemies":"Gremlin Leader","floor":27,"turns":5}],"seed_played":"-5406695825434129337","potions_obtained":[{"floor":6,"key":"LiquidBronze"},{"floor":12,"key":"LiquidMemories"},{"floor":12,"key":"Fire Potion"},{"floor":12,"key":"Block Potion"},{"floor":13,"key":"SteroidPotion"},{"floor":14,"key":"SkillPotion"},{"floor":21,"key":"Block Potion"},{"floor":22,"key":"FearPotion"},{"floor":23,"key":"BlessingOfTheForge"},{"floor":25,"key":"Dexterity Potion"}],"is_trial":false,"path_per_floor":["M","$","?","M","?","E","?","?","T","R","E","?","E","M","R","B",null,"M","T","?","M","M","E","R","M","T","E"],"character_chosen":"THE_SILENT","items_purchased":["Outmaneuver"],"campfire_rested":3,"item_purchase_floors":[2],"current_hp_per_floor":[77,77,77,77,77,25,25,25,25,57,35,35,25,25,57,4,77,51,51,77,63,63,25,60,39,39,0,0],"gold":395,"neow_bonus":"TEN_PERCENT_HP_BONUS","is_daily":false,"chose_seed":false,"campfire_upgraded":0,"win_rate":0.0,"timestamp":1614293891,"path_taken":["M","$","?","M","?","E","?","?","T","R","E","?","E","M","R","BOSS","M","?","?","M","M","E","R","M","T","E"],"items_purchased_type":["Card"],"build_version":"2020-12-22","purchased_purges":0,"victory":false,"max_hp_per_floor":[77,77,77,77,77,77,77,77,77,77,77,77,77,77,77,77,77,77,77,77,77,77,77,77,77,77,77,77],"card_choices":[{"not_picked":["Sucker Punch","Distraction"],"picked":"Leg Sweep","floor":1},{"not_picked":["Escape Plan","Deflect"],"picked":"Flying Knee","floor":4},{"not_picked":["Dodge and Roll","Backflip"],"picked":"Blur","floor":6},{"not_picked":["Caltrops","Wraith Form v2"],"picked":"Infinite Blades","floor":11},{"not_picked":["Endless Agony","Sucker Punch"],"picked":"Underhanded Strike","floor":13},{"not_picked":["Poisoned Stab","Prepared"],"picked":"Deadly Poison","floor":14},{"not_picked":["Envenom","After Image"],"picked":"Unload","floor":16},{"not_picked":["Flechettes","Flying Knee"],"picked":"Blade Dance+1","floor":18},{"not_picked":["Quick Slash+1","Backflip"],"picked":"Outmaneuver+1","floor":21},{"not_picked":["Prepared","Dagger Throw"],"picked":"Riddle With Holes+1","floor":22},{"not_picked":["Leg Sweep","Slice"],"picked":"Corpse Explosion","floor":23},{"not_picked":["Prepared","Escape Plan"],"picked":"Blade Dance","floor":25}],"player_experience":63259,"relics_obtained":[{"floor":6,"key":"Juzu Bracelet"},{"floor":9,"key":"Eternal Feather"},{"floor":11,"key":"Bronze Scales"},{"floor":13,"key":"Gremlin Horn"},{"floor":19,"key":"White Beast Statue"},{"floor":23,"key":"HollowMod:LifeEnderRelic"},{"floor":26,"key":"Orichalcum"}],"event_choices":[{"damage_healed":0,"gold_gain":0,"player_choice":"Ignored","damage_taken":0,"max_hp_gain":0,"max_hp_loss":0,"event_name":"Liars Game","floor":3,"gold_loss":0},{"damage_healed":0,"gold_gain":0,"cards_transformed":["Defend_G"],"player_choice":"Transformed","damage_taken":0,"max_hp_gain":0,"max_hp_loss":0,"event_name":"Transmorgrifier","floor":5,"gold_loss":0,"cards_obtained":["Caltrops"]},{"damage_healed":0,"gold_gain":0,"player_choice":"Ignored","damage_taken":0,"max_hp_gain":0,"max_hp_loss":0,"event_name":"Shining Light","floor":7,"gold_loss":0},{"damage_healed":0,"gold_gain":0,"player_choice":"Searched \u00270\u0027 times","damage_taken":0,"max_hp_gain":0,"max_hp_loss":0,"event_name":"Dead Adventurer","floor":8,"gold_loss":0},{"damage_healed":0,"gold_gain":0,"player_choice":"Bought 3 Potions","damage_taken":0,"max_hp_gain":0,"max_hp_loss":0,"event_name":"The Woman in Blue","floor":12,"gold_loss":0},{"cards_removed":["Caltrops"],"damage_healed":26,"gold_gain":0,"player_choice":"Offered Uncommon","damage_taken":0,"max_hp_gain":0,"max_hp_loss":0,"event_name":"Bonfire Elementals","floor":20,"gold_loss":0}],"is_beta":false,"boss_relics":[{"not_picked":["Snecko Eye","Fusion Hammer"],"picked":"WristBlade"}],"items_purged_floors":[],"is_endless":false,"potions_floor_spawned":[6,13,14,21,22,23,25],"killed_by":"Gremlin Leader","ascension_level":0}}