{"host":"04x9isxu4s2lvye3","time":1614220377,"event":{"mods":["BaseMod","Colored Powertips","Highlight Path","Minty Spire (QoL Compilation)"],"gold_per_floor":[119,131,131,131,155,155,174,208,208,3,17,17,32,53,53,149,149,167,167,167,188,188,188,188,188],"floor_reached":24,"language":"ENG","playtime":1143,"items_purged":[],"score":356,"play_id":"ab076998-17c5-489a-a655-8216502e36eb","local_time":"20210224213257","is_ascension_mode":true,"campfire_choices":[{"data":"Poisoned Stab","floor":6,"key":"SMITH"},{"data":"Noxious Fumes","floor":15,"key":"SMITH"},{"data":"Catalyst","floor":23,"key":"SMITH"}],"circlet_count":0,"master_deck":["AscendersBane","Strike_G","Strike_G","Strike_G","Defend_G","Defend_G","Defend_G","Defend_G","Defend_G","Survivor","Neutralize","Poisoned Stab+1","Calculated Gamble","Slice","PiercingWail","Venomology","Noxious Fumes+1","Bane","Distraction","Catalyst+1","Die Die Die","Envenom","Dash","Ghostly","Ghostly","Ghostly","Backflip"],"relics":["Philosopher\u0027s Stone","Golden Idol","Sundial","Question Card","Lee\u0027s Waffle","SlaversCollar","Mummified Hand"],"acts_visited":["Exordium","TheCity"],"potions_floor_usage":[11,14,14,16,18,21,24,24],"damage_taken":[{"damage":8,"enemies":"Jaw Worm","floor":1,"turns":5},{"damage":4,"enemies":"2 Louse","floor":2,"turns":3},{"damage":1,"enemies":"Cultist","floor":5,"turns":4},{"damage":0,"enemies":"3 Louse","floor":7,"turns":4},{"damage":41,"enemies":"Lagavulin","floor":8,"turns":8},{"damage":11,"enemies":"Exordium Thugs","floor":11,"turns":6},{"damage":12,"enemies":"Looter","floor":13,"turns":3},{"damage":18,"enemies":"Gremlin Gang","floor":14,"turns":5},{"damage":29,"enemies":"Hexaghost","floor":16,"turns":9},{"damage":30,"enemies":"Shell Parasite","floor":18,"turns":7},{"damage":10,"enemies":"Spheric Guardian","floor":21,"turns":6},{"damage":24,"enemies":"Slavers","floor":24,"turns":5}],"seed_played":"-6611728777877199276","potions_obtained":[{"floor":2,"key":"Energy Potion"},{"floor":8,"key":"Regen Potion"},{"floor":14,"key":"Fruit Juice"},{"floor":18,"key":"GhostInAJar"}],"is_trial":false,"path_per_floor":["M","M","?","?","M","R","M","E","T","$","M","?","M","M","R","B",null,"M","?","T","M","?","R","E"],"character_chosen":"THE_SILENT","items_purchased":["Lee\u0027s Waffle","Noxious Fumes"],"campfire_rested":0,"item_purchase_floors":[10,10],"current_hp_per_floor":[51,47,47,47,46,46,46,5,5,73,62,62,50,46,46,22,64,34,34,34,24,24,24,0,0],"gold":188,"neow_bonus":"BOSS_RELIC","is_daily":false,"chose_seed":false,"campfire_upgraded":3,"win_rate":0.0,"timestamp":1614220377,"path_taken":["M","M","?","?","M","R","M","E","T","?","M","?","M","?","R","BOSS","M","?","?","M","?","R","E"],"items_purchased_type":["Relic","Card"],"build_version":"2020-12-22","purchased_purges":0,"victory":false,"max_hp_per_floor":[66,66,66,66,66,66,66,66,66,73,73,73,73,73,73,78,78,78,39,39,39,39,39,39,39],"card_choices":[{"not_picked":["Choke","Dagger Throw"],"picked":"Poisoned Stab","floor":1},{"not_picked":["Outmaneuver","Endless Agony"],"picked":"Calculated Gamble","floor":2},{"not_picked":["Flying Knee","Cloak And Dagger"],"picked":"Slice","floor":5},{"not_picked":["Sucker Punch","Dodge and Roll"],"picked":"PiercingWail","floor":7},{"not_picked":["Heel Hook","Blade Dance"],"picked":"Venomology","floor":8},{"not_picked":["Slice","Well Laid Plans","Deflect"],"picked":"Bane","floor":11},{"not_picked":["PiercingWail","Dagger Throw","Prepared"],"picked":"Catalyst","floor":13},{"not_picked":["PiercingWail","All Out Attack","Terror"],"picked":"Die Die Die","floor":14},{"not_picked":["Phantasmal Killer","Die Die Die","After Image"],"picked":"Envenom","floor":16},{"not_picked":["Underhanded Strike+1","Outmaneuver","Dodge and Roll"],"picked":"Dash","floor":18},{"not_picked":["Dodge and Roll","Accuracy","Expertise"],"picked":"Backflip","floor":21}],"player_experience":320425,"relics_obtained":[{"floor":8,"key":"Sundial"},{"floor":9,"key":"Question Card"},{"floor":20,"key":"Mummified Hand"}],"event_choices":[{"damage_healed":0,"gold_gain":0,"player_choice":"Take Wound","damage_taken":0,"relics_obtained":["Golden Idol"],"max_hp_gain":0,"max_hp_loss":0,"event_name":"Golden Idol","floor":3,"gold_loss":0,"cards_obtained":["Injury"]},{"cards_removed":["Injury"],"damage_healed":0,"gold_gain":0,"player_choice":"Forget","damage_taken":0,"max_hp_gain":0,"max_hp_loss":0,"event_name":"Living Wall","floor":4,"gold_loss":0},{"damage_healed":0,"gold_gain":0,"cards_transformed":["Strike_G"],"player_choice":"Transformed","damage_taken":0,"max_hp_gain":0,"max_hp_loss":0,"event_name":"Transmorgrifier","floor":12,"gold_loss":0,"cards_obtained":["Distraction"]},{"damage_healed":0,"gold_gain":0,"player_choice":"Became a Ghost","damage_taken":0,"max_hp_gain":0,"max_hp_loss":39,"event_name":"Ghosts","floor":19,"gold_loss":0,"cards_obtained":["Ghostly","Ghostly","Ghostly"]},{"cards_removed":["Strike_G"],"damage_healed":0,"gold_gain":0,"player_choice":"Purged","damage_taken":0,"max_hp_gain":0,"max_hp_loss":0,"event_name":"Purifier","floor":22,"gold_loss":0}],"is_beta":false,"boss_relics":[{"not_picked":["Runic Dome","WristBlade"],"picked":"SlaversCollar"}],"items_purged_floors":[],"is_endless":false,"potions_floor_spawned":[2,8,11,13,14,18],"killed_by":"Slavers","ascension_level":16}}