{"host":"opdum64sdiqzxm7l","time":1614281734,"event":{"mods":["Act Like it!","Aspiration","BaseMod","CapriCore","Colored Powertips","Conspire","Energized Spire","Friendly Minions","Jedi Mod","Library of Ruina","Library of Ruina Extra","Lobotomy","LobotomyExtend","Minty Spire (QoL Compilation)","MostiFishMod","Pale of the Ancients","Reliquary","Replay The Spire","RumiaBox-露米娅的神秘盒子","Spicy Shops","StSLib","TestMod","UnlockEverythingMod","Waifu the Spire","[IsaacMod]以撒尖塔","[功能]功能增强和修复MOD","【功能Mod】混沌之环修复补丁","【功能Mod】聪明的最终Boss","【遗物卡牌】REMEMod"],"gold_per_floor":[120,120,0,11,11,42,42,72,147,181,181,34,34,67,67,163,163,174,174,174,30,30,68,81,90,90,130,154,172,28,65,65,169],"floor_reached":17,"language":"ZHS","playtime":3186,"items_purged":["Sickly"],"score":744,"play_id":"363d024e-6dd5-4618-b931-e95c51c4129d","local_time":"20210226033534","is_ascension_mode":true,"campfire_choices":[{"data":"DesperateStruggle","floor":11,"key":"SMITH"},{"data":"LeRegole","floor":15,"key":"SMITH"},{"data":"LightDefense","floor":15,"key":"PURGE"}],"circlet_count":0,"master_deck":["Dodge","LightDefense","LightAttack","LightAttack","LightDefense+1","LightDefense","ChargeAndCover","FocusedStrikes","Night Terror+1","LawAndOrder","Commandeering","DesperateStruggle+1","Unlock1","LeRegole+1","Poisoned Strike","REME_TwoStrings","NightInTheBackstreets","SavageMode+1","RushDown","ForTheFamily","UnforgettableMelody","RipSpace","EnergyStrike","IronWall","CrackOfDawn","Eradication","ReplayTheSpireMod:Brewmster","testmod-ComboMaster","CleanUp","Commandeering"],"relics":["PageOfLibrarian","REME_ComplimentaryCards","DaveBox","testmod-TestBox","HushsDoor","Void","testmod-InfectionSource","BirthdayGift-Tetrahedron","RabbitCall","SynthV:TestCard","reliquary:FingerTrap","REME_CardOfGreed","StrikeDummy","aspiration:Lifesprig","MagicDraw2","testmod-Antiphasic","reliquary:HotPoker","BlankCard","conspire:SpecialSausage","LetterFromLob","SynthV:TestCard","Civilization","CeramicFish","Spirit Poop","Bag of Marbles","reliquary:JackalopeAntler","Blue Doll","SteamSale","Nunchaku"],"acts_visited":["Exordium","TheCity"],"potions_floor_usage":[16,16,17,17,17,17,17,17,17,17,17,17,17,17,17,17,17,17,17,17,17],"damage_taken":[{"damage":4,"enemies":"Jaw Worm","floor":1,"turns":3},{"damage":0,"enemies":"Cultist","floor":4,"turns":2},{"damage":0,"enemies":"Gremlin Nob","floor":6,"turns":3},{"damage":8,"enemies":"Lagavulin","floor":8,"turns":3},{"damage":0,"enemies":"3 Sentries","floor":10,"turns":3},{"damage":0,"enemies":"Gremlin Nob","floor":14,"turns":3},{"damage":0,"enemies":"Fading Forest","floor":16,"turns":5},{"damage":0,"enemies":"Cultist","floor":1,"turns":1},{"damage":0,"enemies":"3 Sentries","floor":6,"turns":3},{"damage":0,"enemies":"Small Slimes","floor":7,"turns":1},{"damage":0,"enemies":"Gremlin Nob","floor":10,"turns":1},{"damage":0,"enemies":"Jaw Worm","floor":11,"turns":1},{"damage":0,"enemies":"3 Sentries","floor":14,"turns":2},{"damage":0,"enemies":"Fading Forest","floor":16,"turns":6},{"damage":0,"enemies":"Malkuth","floor":17,"turns":3},{"damage":0,"enemies":"Hod","floor":17,"turns":6},{"damage":11,"enemies":"Geburah","floor":17,"turns":10},{"damage":23,"enemies":"Binah","floor":17,"turns":14},{"damage":0,"enemies":"Angela","floor":17,"turns":5}],"seed_played":"9075996032428010334","potions_obtained":[{"floor":4,"key":"PowerPotion"},{"floor":8,"key":"EntropicBrew"},{"floor":10,"key":"Fire Potion"},{"floor":7,"key":"testmod-TestPotion"},{"floor":16,"key":"Swift Potion"}],"is_trial":false,"path_per_floor":["M","?","$","M","$","E","?","E","T","E","R","$","?","E","R","B",null,"M","M","?","?","$","?","E","M","?","T","E","M","?","$","E","R","B",null],"character_chosen":"Librarian","items_purchased":["reliquary:FingerTrap","REME_CardOfGreed","Poisoned Strike","REME_TwoStrings","RushDown","Civilization","CeramicFish","UnforgettableMelody","ReplayTheSpireMod:Brewmster","SteamSale","testmod-ComboMaster"],"campfire_rested":0,"item_purchase_floors":[3,3,12,12,17,4,4,4,13,13,13],"current_hp_per_floor":[56,56,56,56,56,56,56,48,48,48,48,48,48,48,48,86,84,84,84,67,67,67,70,75,75,75,80,85,85,85,90,90,95],"gold":169,"neow_bonus":"","is_daily":false,"chose_seed":false,"campfire_upgraded":2,"win_rate":0.0,"timestamp":1614281734,"path_taken":["M","?","$","?","?","E","?","E","T","E","R","?","?","E","R","BOSS","M","M","?","?","$","?","E","?","?","T","E","?","?","?","E","R","BOSS"],"items_purchased_type":["Relic","Relic","Card","Card","Card","Relic","Relic","Card","Card","Relic","Card"],"build_version":"2020-12-22","purchased_purges":1,"victory":true,"max_hp_per_floor":[70,70,70,70,70,70,70,86,86,86,86,86,86,86,86,86,84,84,84,84,84,84,87,93,93,93,98,103,103,103,108,107,112],"card_choices":[{"not_picked":["ClassAndRespect","StartinOutLightly","Outburst","GutHarvesting","StructuralAnalysis","Reload","SerpentSwordTechnique","DesperateStruggle"],"picked":"LawAndOrder","floor":1},{"not_picked":["PreparedMind","SmokingPipe","BackAttack","FleetEdge","EnergyStrike","WillOfThePrescript","NonstopAssault","GuardingStance","TrimTheIngredients","FleetFootsteps"],"picked":"Commandeering","floor":4},{"not_picked":["SharpSwipe","Faith","RagingStormLove","QuickSuppression","ShrineToMusic","BackstreetsDash","Rewind","Quickness","Suppress","WillOfThePrescript"],"picked":"DesperateStruggle","floor":6},{"not_picked":["NightInTheBackstreets","Thrust","GreatSerpentsImpact","EnergyStrike","DefenseOrder","Pound","FlamingDragonFist","HighSpeedStabbing","SharpSwipe","ReadyUp"],"picked":"Unlock1","floor":8},{"not_picked":["GuardingStance","StrikeDown","TrimTheIngredients","ConcentratedFire","Bomb","FleshFillet","FleetFootsteps","SharpSwipe","QuickAttack","YoureTooSlow"],"picked":"LeRegole","floor":10},{"not_picked":["ReadyUp","CookingPrep","ForcefulGesture","RatsGuideToSurvival","DarkCloud","GaleKick","Overcharge","BiAn","Overpower","TendonChords"],"picked":"NightInTheBackstreets","floor":14},{"not_picked":["RagingStormLove","Tttonst","FlamingDragonFist","Deflect_lor"],"picked":"SavageMode","floor":16},{"not_picked":["Quickness","JiaoTu","HandleRequest","DarkCloud","EnergyShield","SkyClearingCut","Unlock1","FlashingStrike","FrontalAssault","DriedUp"],"picked":"ForTheFamily","floor":1},{"not_picked":["Diversion","WaitUp","Bvapour","Standoff","CombatPreparation","Wallop_lor","KeepItFresh","Parry","RagingStormLove","SunsetBlade","ChargeUp","GuidanceOfTheGears"],"picked":"RipSpace","floor":6},{"not_picked":["SerpentSwordTechnique","ShockingBlow","SmokingPipe","Eliminate","HeavyPeaks","SkyClearingCut","Pound","LoosenUp","Tttonst","Rewind","Leap_lor","ForTheFamily","Preparation"],"picked":"SKIP","floor":7},{"not_picked":["SmokingPipe","ViolentFlame","HeavyPeaks","AbsorbImpact","NonstopAssault","Overcharge","SharpSwipe","GrazeTheGrass","WildCard","Wallop_lor","FrontalAssault","SnakesPrey"],"picked":"IronWall","floor":10},{"not_picked":["HandleRequest","Laceration","SpearedSweep","RushDown","Standoff","VenomousFangs","BackAttack","EnergyCycle","Reload","SummaryJudgment","Faith","StructuralAnalysis"],"picked":"CrackOfDawn","floor":11},{"not_picked":["FleetEdge","Thirst","BackAttack","MultiBlock","SpearedSweep","DesperateStruggle","AbsorbImpact","QuickAttack","Gigigig","SinglePointStab","GuidanceOfTheGears","SmokingPipe"],"picked":"CleanUp","floor":14},{"not_picked":["RagingStormLove","TieShanKao","GroundSmash","FlamingDragonFist","SuanNi","DaringDecision"],"picked":"Commandeering","floor":16}],"player_experience":9717,"relics_obtained":[{"floor":1,"key":"LetterFromLob"},{"floor":1,"key":"SynthV:TestCard"},{"floor":6,"key":"StrikeDummy"},{"floor":8,"key":"aspiration:Lifesprig"},{"floor":9,"key":"MagicDraw2"},{"floor":10,"key":"testmod-Antiphasic"},{"floor":14,"key":"BlankCard"},{"floor":1,"key":"LetterFromLob"},{"floor":1,"key":"SynthV:TestCard"},{"floor":6,"key":"Bag of Marbles"},{"floor":9,"key":"reliquary:JackalopeAntler"},{"floor":10,"key":"Blue Doll"},{"floor":14,"key":"Nunchaku"}],"event_choices":[{"damage_healed":0,"gold_gain":0,"player_choice":"Box","damage_taken":0,"relics_obtained":["reliquary:HotPoker"],"max_hp_gain":0,"max_hp_loss":0,"event_name":"Big Fish","floor":13,"gold_loss":0,"cards_obtained":["Regret"]},{"damage_healed":0,"gold_gain":0,"player_choice":"Entered Light","damage_taken":17,"max_hp_gain":0,"max_hp_loss":0,"event_name":"Shining Light","floor":3,"gold_loss":0,"cards_upgraded":["SavageMode","LightDefense"]},{"cards_removed":["Regret"],"damage_healed":0,"gold_gain":0,"player_choice":"Offered Curse","damage_taken":0,"relics_obtained":["Spirit Poop"],"max_hp_gain":0,"max_hp_loss":0,"event_name":"Bonfire Elementals","floor":5,"gold_loss":0},{"damage_healed":0,"gold_gain":0,"cards_transformed":["LightAttack"],"player_choice":"Transformed","damage_taken":0,"max_hp_gain":0,"max_hp_loss":0,"event_name":"Transmorgrifier","floor":8,"gold_loss":0,"cards_obtained":["EnergyStrike"]},{"damage_healed":0,"gold_gain":0,"player_choice":"2 cards matched","damage_taken":0,"max_hp_gain":0,"max_hp_loss":0,"event_name":"Match and Keep!","floor":12,"gold_loss":0,"cards_obtained":["Eradication","Sickly"]}],"is_beta":false,"boss_relics":[{"not_picked":["testmod-Recursion","SacredBark"],"picked":"conspire:SpecialSausage"},{"not_picked":[]}],"items_purged_floors":[13],"is_endless":false,"potions_floor_spawned":[4,8,10,14,14,16,6,7,7,7,14,16],"ascension_level":1}}