{"host":"2l5k2wp87eek7qja","time":1614264791,"event":{"mods":["BaseMod","Colored Map","Minty Spire (QoL Compilation)","Relic Stats"],"gold_per_floor":[117,117,117,140,140,140,171,171,171,196,227,227,247,130,130,223,223,243,168,83,103,23,23,61,75,121,121,144,144,144,144,144,144,144],"floor_reached":33,"language":"ENG","playtime":1193,"items_purged":["Strike_G","Strike_G"],"score":642,"play_id":"363fd1ba-d369-4bfd-b719-79ede06ac5db","local_time":"20210225165311","is_ascension_mode":true,"campfire_choices":[{"data":"Dash","floor":6,"key":"SMITH"},{"data":"Neutralize","floor":8,"key":"SMITH"},{"data":"Blade Dance","floor":12,"key":"SMITH"},{"data":"Well Laid Plans","floor":15,"key":"SMITH"},{"data":"Accuracy","floor":23,"key":"SMITH"},{"data":"Cloak And Dagger","floor":27,"key":"SMITH"},{"data":"Burst","floor":29,"key":"SMITH"},{"data":"Prepared","floor":32,"key":"SMITH"}],"circlet_count":0,"master_deck":["AscendersBane","Strike_G","Defend_G","Defend_G","Defend_G","Defend_G","Defend_G","Survivor","Neutralize+1","Dash+1","Predator+1","Blade Dance+1","Acrobatics","Well Laid Plans+1","Burst+1","Accuracy+1","Cloak And Dagger+1","Normality","Prepared+1","Ghostly","Ghostly","Ghostly"],"relics":["Ring of the Snake","NeowsBlessing","Golden Idol","Incense Burner","Molten Egg 2","Mercury Hourglass","Cursed Key","The Courier","Tiny Chest"],"acts_visited":["Exordium","TheCity"],"potions_floor_usage":[11,24,24,33],"damage_taken":[{"damage":0,"enemies":"Jaw Worm","floor":1,"turns":1},{"damage":0,"enemies":"Small Slimes","floor":4,"turns":1},{"damage":0,"enemies":"3 Sentries","floor":7,"turns":2},{"damage":0,"enemies":"2 Louse","floor":10,"turns":2},{"damage":12,"enemies":"Lagavulin","floor":11,"turns":4},{"damage":3,"enemies":"Blue Slaver","floor":13,"turns":3},{"damage":2,"enemies":"The Guardian","floor":16,"turns":12},{"damage":9,"enemies":"2 Thieves","floor":18,"turns":4},{"damage":5,"enemies":"Chosen","floor":21,"turns":4},{"damage":0,"enemies":"Gremlin Leader","floor":24,"turns":3},{"damage":1,"enemies":"Snake Plant","floor":25,"turns":6},{"damage":0,"enemies":"Cultist and Chosen","floor":28,"turns":6},{"damage":37,"enemies":"Champ","floor":33,"turns":13}],"seed_played":"1775118939497723631","potions_obtained":[{"floor":1,"key":"Poison Potion"},{"floor":7,"key":"SneckoOil"},{"floor":16,"key":"Energy Potion"},{"floor":25,"key":"SteroidPotion"},{"floor":28,"key":"DistilledChaos"}],"is_trial":false,"path_per_floor":["M","?","?","M","?","R","E","R","T","M","E","R","M","$","R","B",null,"M","?","?","M","$","R","E","M","T","R","M","R","?","T","R","B"],"character_chosen":"THE_SILENT","items_purchased":["Well Laid Plans"],"campfire_rested":0,"item_purchase_floors":[14],"current_hp_per_floor":[59,52,52,52,52,52,52,52,52,52,40,40,37,37,37,35,54,45,45,45,40,40,40,40,39,39,39,39,39,30,30,30,0,0],"gold":144,"neow_bonus":"THREE_ENEMY_KILL","is_daily":false,"chose_seed":false,"campfire_upgraded":8,"win_rate":0.0,"timestamp":1614264791,"path_taken":["M","?","?","M","?","R","E","R","T","M","E","R","M","$","R","BOSS","M","?","?","M","?","R","E","?","T","R","?","R","?","?","R","BOSS"],"items_purchased_type":["Card"],"build_version":"2020-12-22","purchased_purges":2,"victory":false,"max_hp_per_floor":[66,66,60,60,60,60,60,60,60,60,60,60,60,60,60,60,60,60,60,60,60,60,60,60,60,60,60,60,60,30,30,30,30,30],"relic_stats":{"counters":[13,61],"Golden Idol":69,"Tiny Chest":1,"Cursed Key":1,"obtain_stats":[{"NeowsBlessing":0,"Golden Idol":3,"Molten Egg 2":9,"Tiny Chest":24,"The Courier":20,"Incense Burner":7,"Cursed Key":17,"Ring of the Snake":0,"Mercury Hourglass":11},{"NeowsBlessing":0,"Golden Idol":1,"Molten Egg 2":3,"Tiny Chest":10,"The Courier":8,"Incense Burner":3,"Cursed Key":7,"Ring of the Snake":0,"Mercury Hourglass":5},{"NeowsBlessing":0,"Golden Idol":1,"Molten Egg 2":4,"Tiny Chest":36,"The Courier":29,"Incense Burner":4,"Cursed Key":25,"Ring of the Snake":0,"Mercury Hourglass":10}],"Ring of the Snake":[26],"Mercury Hourglass":[135]},"card_choices":[{"not_picked":["Distraction","Deflect"],"picked":"Dash","floor":1},{"not_picked":["Choke","Finisher"],"picked":"Predator","floor":4},{"not_picked":["Deflect","Prepared","Infinite Blades"],"picked":"SKIP","floor":7},{"not_picked":["Choke+1","Quick Slash+1"],"picked":"Blade Dance","floor":10},{"not_picked":["PiercingWail","Dagger Throw+1"],"picked":"Acrobatics","floor":11},{"not_picked":["Underhanded Strike+1","Concentrate","Slice+1"],"picked":"SKIP","floor":13},{"not_picked":["Envenom","Tools of the Trade"],"picked":"Burst","floor":16},{"not_picked":["Dash+1","Distraction"],"picked":"Accuracy","floor":18},{"not_picked":["Backstab+1","Catalyst"],"picked":"Cloak And Dagger","floor":21},{"not_picked":["Flechettes+1","Slice+1","Underhanded Strike+1"],"picked":"SKIP","floor":24},{"not_picked":["All Out Attack+1","Dodge and Roll","Dagger Spray+1"],"picked":"SKIP","floor":25},{"not_picked":["Deflect","Bane+1"],"picked":"Prepared","floor":28}],"player_experience":893960,"relics_obtained":[{"floor":7,"key":"Incense Burner"},{"floor":9,"key":"Molten Egg 2"},{"floor":11,"key":"Mercury Hourglass"},{"floor":24,"key":"Tiny Chest"}],"event_choices":[{"cards_removed":["Strike_G"],"damage_healed":0,"gold_gain":0,"player_choice":"Card Removal","damage_taken":7,"max_hp_gain":0,"max_hp_loss":0,"event_name":"Golden Wing","floor":2,"gold_loss":0},{"damage_healed":0,"gold_gain":0,"player_choice":"Lose Max HP","damage_taken":0,"relics_obtained":["Golden Idol"],"max_hp_gain":0,"max_hp_loss":6,"event_name":"Golden Idol","floor":3,"gold_loss":0},{"damage_healed":0,"gold_gain":0,"player_choice":"Grow","damage_taken":0,"max_hp_gain":0,"max_hp_loss":0,"event_name":"Living Wall","floor":5,"gold_loss":0,"cards_upgraded":["Predator"]},{"cards_removed":["Strike_G"],"damage_healed":0,"gold_gain":0,"player_choice":"Gave Gold","damage_taken":0,"max_hp_gain":0,"max_hp_loss":0,"event_name":"Beggar","floor":19,"gold_loss":75},{"damage_healed":0,"gold_gain":0,"player_choice":"Obtained Relic","damage_taken":0,"relics_obtained":["The Courier"],"max_hp_gain":0,"max_hp_loss":0,"event_name":"Addict","floor":20,"gold_loss":85},{"damage_healed":0,"gold_gain":0,"player_choice":"Became a Ghost","damage_taken":0,"max_hp_gain":0,"max_hp_loss":30,"event_name":"Ghosts","floor":30,"gold_loss":0,"cards_obtained":["Ghostly","Ghostly","Ghostly"]}],"is_beta":false,"boss_relics":[{"not_picked":["SlaversCollar","SacredBark"],"picked":"Cursed Key"}],"items_purged_floors":[14,22],"is_endless":false,"potions_floor_spawned":[1,7,16,25,28],"killed_by":"Champ","ascension_level":20}}