{"host":"sav7uxregyirlf69","time":1614245604,"event":{"mods":["AchievementEnabler","BaseMod","Colored Map","DeckTracker","Keyboard Shortcuts","Minty Spire (QoL Compilation)","READ ME - Guardian Mod","StSLib","SuperFastMode","The Cursed"],"gold_per_floor":[109,120,100,113,129,129,159,173,200,200,212,67,78,64,64,159,159,169,189,89,101,111,111,130,144,168,168,168],"floor_reached":27,"language":"KOR","playtime":1044,"items_purged":["TheCursedMod:Strike_TheCursed","TheCursedMod:Defend_TheCursed"],"score":223,"play_id":"e597cf51-4c02-4552-865d-11b19d1a06a8","local_time":"20210225183324","is_ascension_mode":false,"campfire_choices":[{"data":"TheCursedMod:Grudge","floor":6,"key":"SMITH"},{"data":"TheCursedMod:CleanUpWorkshop","floor":10,"key":"SMITH"},{"data":"TheCursedMod:HellfireBreathing","floor":15,"key":"SMITH"},{"floor":23,"key":"REST"}],"circlet_count":0,"master_deck":["TheCursedMod:Strike_TheCursed","TheCursedMod:Strike_TheCursed","TheCursedMod:Strike_TheCursed","TheCursedMod:Defend_TheCursed","TheCursedMod:Defend_TheCursed","TheCursedMod:Defend_TheCursed","TheCursedMod:CursedWand","TheCursedMod:CleanUpWorkshop+1","TheCursedMod:Dregs","TheCursedMod:CircleOfCorruption","TheCursedMod:CursedMace","TheCursedMod:Grudge+1","TheCursedMod:HellsGateOpen","TheCursedMod:ReleasedStrength","TheCursedMod:FleshFromBone","TheCursedMod:CircleOfBlood","TheCursedMod:HellfireBreathing+1","TheCursedMod:CircleOfFlame","TheCursedMod:VoidForm","TheCursedMod:SpitefulPray","TheCursedMod:SurpriseAttack+1","TheCursedMod:CursedStaff","TheCursedMod:BloodBarrier+1","TheCursedMod:CursedAmulet","TheCursedMod:Wield+1","Writhe"],"relics":["TheCursedMod:BlackMagic101","Bottled Lightning","Cursed Key","Lantern"],"acts_visited":["Exordium","TheCity"],"potions_floor_usage":[5,7,16,21,21,24,25],"damage_taken":[{"damage":0,"enemies":"Small Slimes","floor":1,"turns":4},{"damage":1,"enemies":"Cultist","floor":2,"turns":3},{"damage":1,"enemies":"Jaw Worm","floor":4,"turns":4},{"damage":10,"enemies":"3 Louse","floor":5,"turns":2},{"damage":4,"enemies":"3 Sentries","floor":7,"turns":7},{"damage":7,"enemies":"2 Fungi Beasts","floor":8,"turns":4},{"damage":1,"enemies":"Looter","floor":11,"turns":3},{"damage":11,"enemies":"Blue Slaver","floor":13,"turns":4},{"damage":20,"enemies":"Exordium Thugs","floor":14,"turns":6},{"damage":2,"enemies":"Slime Boss","floor":16,"turns":8},{"damage":23,"enemies":"Shell Parasite","floor":18,"turns":4},{"damage":39,"enemies":"Spheric Guardian","floor":19,"turns":6},{"damage":16,"enemies":"3 Cultists","floor":21,"turns":6},{"damage":12,"enemies":"Snake Plant","floor":22,"turns":4},{"damage":25,"enemies":"Centurion and Healer","floor":24,"turns":6},{"damage":7,"enemies":"3 Cultists","floor":25,"turns":4},{"damage":8,"enemies":"Shelled Parasite and Fungi","floor":27,"turns":2}],"seed_played":"619064409517413686","potions_obtained":[{"floor":1,"key":"EssenceOfSteel"},{"floor":2,"key":"Explosive Potion"},{"floor":3,"key":"Weak Potion"},{"floor":7,"key":"Strength Potion"},{"floor":14,"key":"LiquidBronze"},{"floor":16,"key":"Regen Potion"},{"floor":21,"key":"GamblersBrew"},{"floor":24,"key":"Explosive Potion"}],"is_trial":false,"path_per_floor":["M","M","?","M","M","R","E","M","T","R","M","$","M","M","R","B",null,"M","M","$","M","M","R","M","M","T","M"],"character_chosen":"THE_CURSED","items_purchased":["TheCursedMod:HellfireBreathing"],"campfire_rested":1,"item_purchase_floors":[12],"current_hp_per_floor":[75,74,74,73,63,63,59,52,52,52,51,51,40,22,22,24,75,58,21,21,17,9,31,10,7,7,0,0],"gold":168,"neow_bonus":"THREE_CARDS","is_daily":false,"chose_seed":false,"campfire_upgraded":3,"win_rate":0.0,"timestamp":1614245604,"path_taken":["M","M","?","M","M","R","E","M","T","R","M","$","M","M","R","BOSS","M","M","?","?","M","R","M","M","T","M"],"items_purchased_type":["Card"],"build_version":"2020-12-22","purchased_purges":2,"victory":false,"max_hp_per_floor":[75,75,75,75,75,75,75,75,75,75,75,75,75,75,75,75,75,75,75,75,75,75,75,75,75,75,75,75],"card_choices":[{"not_picked":["TheCursedMod:EmpowerCircles","TheCursedMod:Obscuration"],"picked":"TheCursedMod:CircleOfCorruption","floor":0},{"not_picked":["TheCursedMod:BloodBarrier","TheCursedMod:RapidMovement"],"picked":"TheCursedMod:CursedMace","floor":1},{"not_picked":["TheCursedMod:AshesToAshes","TheCursedMod:RapidMovement"],"picked":"TheCursedMod:Grudge","floor":2},{"not_picked":["TheCursedMod:Torture","TheCursedMod:SpitefulPray"],"picked":"TheCursedMod:HellsGateOpen","floor":4},{"not_picked":["TheCursedMod:UltimatePain","TheCursedMod:WearCloak"],"picked":"TheCursedMod:ReleasedStrength","floor":5},{"not_picked":["TheCursedMod:SpitefulStrike","TheCursedMod:TacticalStrike"],"picked":"TheCursedMod:FleshFromBone","floor":7},{"not_picked":["TheCursedMod:CursedArmor","TheCursedMod:CursedAmulet"],"picked":"TheCursedMod:CircleOfBlood","floor":8},{"not_picked":["TheCursedMod:PrepareRite","TheCursedMod:Stigma","TheCursedMod:CursedBlade"],"picked":"SKIP","floor":11},{"not_picked":["TheCursedMod:Grudge","TheCursedMod:CursedBlade"],"picked":"TheCursedMod:CircleOfFlame","floor":13},{"not_picked":["TheCursedMod:CircleOfFocus","TheCursedMod:RavingStaff","TheCursedMod:DoubleShield"],"picked":"SKIP","floor":14},{"not_picked":["TheCursedMod:OutForBlood","TheCursedMod:StunningStrike"],"picked":"TheCursedMod:VoidForm","floor":16},{"not_picked":["TheCursedMod:Obscuration","TheCursedMod:WearCloak"],"picked":"TheCursedMod:SpitefulPray","floor":18},{"not_picked":["TheCursedMod:Hemoplague","TheCursedMod:Torture"],"picked":"TheCursedMod:SurpriseAttack+1","floor":19},{"not_picked":["TheCursedMod:SaltUponWound+1","TheCursedMod:Hemoplague","TheCursedMod:CursedStaff"],"picked":"SKIP","floor":21},{"not_picked":["TheCursedMod:SaltUponWound+1","TheCursedMod:Hemoplague"],"picked":"TheCursedMod:CursedStaff","floor":21},{"not_picked":["TheCursedMod:DoubleShield","TheCursedMod:SurpriseAttack+1"],"picked":"TheCursedMod:BloodBarrier+1","floor":22},{"not_picked":["TheCursedMod:CursedMace+1","TheCursedMod:DoubleShield+1"],"picked":"TheCursedMod:CursedAmulet","floor":24},{"not_picked":["TheCursedMod:StingEye","TheCursedMod:CursedArmor"],"picked":"TheCursedMod:Wield+1","floor":25}],"player_experience":1698967,"relics_obtained":[{"floor":7,"key":"Bottled Lightning"},{"floor":26,"key":"Lantern"}],"event_choices":[{"damage_healed":0,"gold_gain":0,"player_choice":"Bought 1 Potion","damage_taken":0,"max_hp_gain":0,"max_hp_loss":0,"event_name":"The Woman in Blue","floor":3,"gold_loss":0}],"is_beta":false,"boss_relics":[{"not_picked":["TheCursedMod:FourLeafCloverCharm","Busted Crown"],"picked":"Cursed Key"}],"items_purged_floors":[12,20],"is_endless":false,"potions_floor_spawned":[1,2,4,7,14,16,18,21,24],"killed_by":"Shelled Parasite and Fungi","ascension_level":0}}