{"host":"75f7vpxw7p171fvt","time":1614226736,"event":{"mods":["100% Spire Juice","Act Like it!","Arknights","Astrologer","Bard","BaseMod","CapriCore","ChefMod","Clockwork Mod","Communication Mod","Downfall","Duelist Mod","Gensokyo","Gremlin Mod","Jorbs\u0027s Wanderer Trilogy","Minty Spire (QoL Compilation)","Potionbrewer","Reliquary","Robot Space Explorer","Shapeshifter Mod","StS++","StSLib","The Administrix","The Blackbeard","The Dragon Tamer","The Gatherer","The Immortal","The Mystic","The Poker Player"],"gold_per_floor":[99,116,116,130,147,158,185,198,198,218,233,247,247,265,282,282,282,282],"floor_reached":16,"language":"ENG","playtime":1555,"items_purged":[],"score":100,"play_id":"f8024aa5-3c58-4823-8c11-41350efb1a80","local_time":"20210224201856","is_ascension_mode":false,"campfire_choices":[{"data":"sneckomod:Unknown","floor":1,"key":"SMITH"},{"data":"sneckomod:UnknownRareAttack","floor":9,"key":"SMITH"}],"circlet_count":0,"master_deck":["sneckomod:Strike","sneckomod:Strike","sneckomod:Strike","sneckomod:Defend","sneckomod:Defend","sneckomod:TailWhip","sneckomod:SnekBite","sneckomod:Unknown+1","sneckomod:Unknown","sneckomod:SlitherStrike","sneckomod:UnknownBlock","sneckomod:UnknownUncommonPower","sneckomod:UnknownRareAttack+1","sneckomod:ImprovisedAttack","sneckomod:UnknownUncommonAttack","sneckomod:Nope","sneckomod:SerpentIdol","sneckomod:SnakeSap","sneckomod:Unknown1Cost"],"relics":["sneckomod:SneckoSoul","Boot","Clockwork:SomewhatSmoothStone","downfall:BrokenWingStatue"],"acts_visited":["Exordium"],"potions_floor_usage":[8,12,16,16],"damage_taken":[{"damage":5,"enemies":"ats:Genji","floor":2,"turns":3},{"damage":8,"enemies":"Jaw Worm","floor":4,"turns":4},{"damage":15,"enemies":"Small Slimes","floor":5,"turns":3},{"damage":14,"enemies":"2 Fungi Beasts","floor":6,"turns":5},{"damage":27,"enemies":"Exordium Thugs","floor":8,"turns":5},{"damage":0,"enemies":"3 Louse","floor":10,"turns":1},{"damage":11,"enemies":"Exordium Wildlife","floor":11,"turns":4},{"damage":10,"enemies":"downfall:LooterAlt","floor":12,"turns":2},{"damage":2,"enemies":"2 Fungi Beasts","floor":14,"turns":2},{"damage":17,"enemies":"3 Louse","floor":15,"turns":2},{"damage":13,"enemies":"DF_ARCHETYPE_STREAMLINE","floor":16,"turns":3}],"seed_played":"-4451213930199016604","potions_obtained":[{"floor":2,"key":"Regen Potion"},{"floor":4,"key":"potionbrewer:ToxicPotion"},{"floor":5,"key":"FearPotion"},{"floor":11,"key":"GamblersBrew"},{"floor":15,"key":"StSpp:InhibitionPotion"}],"is_trial":false,"path_per_floor":["R","M","?","M","M","M","T","M","R","M","M","M","?","M","M","B"],"character_chosen":"THE_SNECKO","items_purchased":[],"campfire_rested":0,"item_purchase_floors":[],"current_hp_per_floor":[99,94,94,86,71,57,57,42,42,42,31,21,21,19,2,0,0,0],"gold":282,"neow_bonus":"TEN_PERCENT_HP_BONUS","is_daily":false,"chose_seed":false,"campfire_upgraded":2,"win_rate":0.0,"timestamp":1614226736,"path_taken":["R","M","?","M","M","M","T","M","R","?","M","M","?","M","M","BOSS"],"items_purchased_type":[],"build_version":"2020-12-22","purchased_purges":0,"victory":false,"max_hp_per_floor":[99,99,99,99,99,99,99,99,99,99,99,99,99,99,99,99,99,99],"card_choices":[{"not_picked":["sneckomod:UnknownDraw","sneckomod:DiceCrush"],"picked":"sneckomod:SlitherStrike","floor":2},{"not_picked":["sneckomod:SlitherStrike","sneckomod:UnknownStrike"],"picked":"sneckomod:UnknownBlock","floor":4},{"not_picked":["sneckomod:IronFang","sneckomod:DefensiveFlair"],"picked":"sneckomod:UnknownUncommonPower","floor":5},{"not_picked":["sneckomod:QuickBite","sneckomod:RainOfDice"],"picked":"sneckomod:UnknownRareAttack","floor":6},{"not_picked":["sneckomod:QuickBite","sneckomod:TrashToTreasure"],"picked":"sneckomod:ImprovisedAttack","floor":8},{"not_picked":["sneckomod:UnknownCommonSkill","sneckomod:DiceCrush"],"picked":"sneckomod:UnknownUncommonAttack","floor":10},{"not_picked":["sneckomod:RainOfDice","sneckomod:UnknownExhaust"],"picked":"sneckomod:Nope","floor":11},{"not_picked":["sneckomod:UnknownCommonSkill","sneckomod:UnknownWeak"],"picked":"sneckomod:SerpentIdol","floor":12},{"not_picked":["sneckomod:DiceBlock","sneckomod:Unknown1Cost"],"picked":"sneckomod:SnakeSap","floor":14},{"not_picked":["sneckomod:SoulRoll","sneckomod:SoulDraw"],"picked":"sneckomod:Unknown1Cost","floor":15}],"player_experience":32156,"relics_obtained":[{"floor":7,"key":"Boot"}],"event_choices":[{"cards_removed":["sneckomod:Defend"],"damage_healed":0,"gold_gain":0,"player_choice":"Offered Basic","damage_taken":0,"max_hp_gain":0,"max_hp_loss":0,"event_name":"Bonfire Elementals","floor":3,"gold_loss":0}],"is_beta":false,"boss_relics":[],"items_purged_floors":[],"is_endless":false,"potions_floor_spawned":[2,4,5,11,15],"killed_by":"DF_ARCHETYPE_STREAMLINE","ascension_level":0}}