{"host":"z8uivwf40jrpk7h3","time":1614244292,"event":{"mods":["BaseMod","Lobotomy","Minty Spire (QoL Compilation)","Replay The Spire","StSLib"],"gold_per_floor":[114,114,131,56,106,106,126,126,126,126,136,155,188,23,23,101,101,117,17,17,17,17,50,68,80,104,122,133,8,8,42,42,42,42],"floor_reached":33,"language":"ZHS","playtime":938,"items_purged":["Strike_G","Strike_G","Strike_G"],"score":477,"play_id":"281f3084-6cc6-46b7-85a7-a6fc65fd08cf","local_time":"20210225171132","is_ascension_mode":true,"campfire_choices":[{"data":"Neutralize","floor":6.0,"key":"SMITH"},{"data":"Survivor","floor":8.0,"key":"SMITH"},{"floor":10.0,"key":"REST"},{"floor":30,"key":"REST"},{"data":"Adrenaline","floor":32,"key":"SMITH"}],"circlet_count":0,"master_deck":["AscendersBane","Strike_G+1","Strike_G+1","Defend_G","Defend_G","Defend_G","Survivor+1","Neutralize+1","Scorched","SpiderBud","Adrenaline+1","Cloak And Dagger+1","OldLady"],"relics":["Ring of the Snake","CogitoBucket","Replay:WaspNest","Omamori","Bag of Preparation","Painkiller Herb","Onion Ring","Blood Vial","Red Mask"],"acts_visited":["Exordium","TheCity"],"potions_floor_usage":[33,33],"damage_taken":[{"damage":2.0,"enemies":"2 Louse","floor":1.0,"turns":4.0},{"damage":7.0,"enemies":"Small Slimes","floor":3.0,"turns":3.0},{"damage":0.0,"enemies":"Cultist","floor":7.0,"turns":2.0},{"damage":1.0,"enemies":"Blue Slaver","floor":11.0,"turns":3.0},{"damage":0.0,"enemies":"Looter","floor":12.0,"turns":3.0},{"damage":13.0,"enemies":"Gremlin Nob","floor":13.0,"turns":4.0},{"damage":23,"enemies":"Hexaghost","floor":16,"turns":9},{"damage":0,"enemies":"3 Byrds","floor":18,"turns":1},{"damage":8,"enemies":"Gremlin Leader","floor":23,"turns":5},{"damage":5,"enemies":"2 Thieves","floor":24,"turns":2},{"damage":12,"enemies":"Snake Plant","floor":25,"turns":3},{"damage":3,"enemies":"Centurion and Healer","floor":27,"turns":3},{"damage":28,"enemies":"Cultist and Chosen","floor":28,"turns":5},{"damage":0,"enemies":"Masked Bandits","floor":31,"turns":1},{"damage":36,"enemies":"Champ","floor":33,"turns":6}],"seed_played":"4590952950263641987","potions_obtained":[{"floor":3.0,"key":"Energy Potion"},{"floor":12.0,"key":"DistilledChaos"},{"floor":16,"key":"Adrenaline Potion"},{"floor":27,"key":"Strength Potion"}],"is_trial":false,"path_per_floor":["M","?","M","$","?","R","M","R","T","R","M","M","E","$","R","B",null,"?","T","?","?","T","E","?","?","T","?","?","T","T","?","T","B"],"character_chosen":"THE_SILENT","items_purchased":["Bag of Preparation"],"campfire_rested":2,"item_purchase_floors":[14],"current_hp_per_floor":[57,37,30,30,24,24,24,24,24,43,42,42,29,29,29,6,51,51,51,51,51,51,43,38,26,26,25,1,1,20,22,22,0,0],"gold":42,"neow_bonus":"","is_daily":false,"chose_seed":false,"campfire_upgraded":3,"win_rate":0.0,"timestamp":1614244292,"path_taken":["M","?","M","$","?","R","M","R","T","R","?","M","E","$","R","BOSS","?","T","?","?","?","E","?","?","T","?","?","T","T","?","T","BOSS"],"items_purchased_type":["Relic"],"build_version":"2020-12-22","purchased_purges":3,"victory":false,"max_hp_per_floor":[66,66,66,66,66,66,66,66,66,66,66,66,66,66,66,66,66,66,66,66,66,66,66,66,66,66,66,66,66,66,66,66,66,66],"card_choices":[{"not_picked":["PunishingBird","SpiderBud"],"picked":"Scorched","floor":1.0},{"not_picked":["Hidden Blade","Outmaneuver","ReplayTheSpireMod:Scrap Shanks"],"picked":"SKIP","floor":1.0},{"not_picked":["Outmaneuver","Acrobatics","A Thousand Cuts"],"picked":"SKIP","floor":3.0},{"not_picked":["BeautyBeast","Wellcheers"],"picked":"SpiderBud","floor":7.0},{"not_picked":["Poisoned Stab","Deflect","Outmaneuver"],"picked":"SKIP","floor":7.0},{"not_picked":["Setup","Outmaneuver","Blade Dance"],"picked":"SKIP","floor":11.0},{"not_picked":["Bane","Poisoned Stab","ReplayTheSpireMod:The Works"],"picked":"SKIP","floor":12.0},{"not_picked":["Tactician","ReplayTheSpireMod:Exploit Weakness","Dagger Throw"],"picked":"SKIP","floor":13.0},{"not_picked":["Unload","Night Terror"],"picked":"Adrenaline","floor":16},{"not_picked":["Riddle With Holes","ReplayTheSpireMod:Exploit Weakness"],"picked":"Cloak And Dagger+1","floor":18},{"not_picked":["Backstab","Burst","Quick Slash"],"picked":"SKIP","floor":23},{"not_picked":["Flying Knee","Quick Slash","Dagger Spray"],"picked":"SKIP","floor":24},{"not_picked":["Dash","Underhanded Strike","Poisoned Stab"],"picked":"SKIP","floor":25},{"not_picked":["Caltrops","Poisoned Stab","Flechettes"],"picked":"SKIP","floor":27},{"not_picked":["Crippling Poison","Sucker Punch","Reflex"],"picked":"SKIP","floor":28},{"not_picked":["MHz","LaLuna"],"picked":"OldLady","floor":31}],"player_experience":99799,"relics_obtained":[{"floor":9.0,"key":"Replay:WaspNest"},{"floor":13.0,"key":"Omamori"},{"floor":23,"key":"Onion Ring"},{"floor":26,"key":"Blood Vial"},{"floor":31,"key":"Red Mask"}],"event_choices":[{"damage_healed":0.0,"max_hp_gain":0.0,"max_hp_loss":0.0,"gold_gain":0.0,"event_name":"Shining Light","player_choice":"Entered Light","floor":2.0,"gold_loss":0.0,"damage_taken":20.0,"cards_upgraded":["Strike_G","Strike_G"]},{"damage_healed":0.0,"max_hp_gain":0.0,"max_hp_loss":0.0,"gold_gain":50.0,"event_name":"FaceTrader","player_choice":"Touch","floor":5.0,"gold_loss":0.0,"damage_taken":6.0},{"cards_removed":["Defend_G"],"damage_healed":0,"gold_gain":0,"player_choice":"Forget","damage_taken":0,"max_hp_gain":0,"max_hp_loss":0,"event_name":"Living Wall","floor":15,"gold_loss":0},{"cards_removed":["Defend_G"],"damage_healed":0,"gold_gain":0,"player_choice":"Elegance","damage_taken":0,"max_hp_gain":0,"max_hp_loss":0,"event_name":"Back to Basics","floor":20,"gold_loss":0},{"damage_healed":0,"gold_gain":0,"player_choice":"Fought Bandits","damage_taken":0,"max_hp_gain":0,"max_hp_loss":0,"event_name":"Masked Bandits","floor":31,"gold_loss":0}],"is_beta":false,"boss_relics":[{"not_picked":["Runic Dome","Replay:Wanted Poster"],"picked":"Painkiller Herb"}],"items_purged_floors":[4,19,29],"is_endless":false,"potions_floor_spawned":[3,12,16,18,23,27,31],"killed_by":"Champ","ascension_level":16}}