{"host":"dl909bjyolgrn2uw","time":1614279965,"event":{"mods":["2.2 Compatiblity","AchievementEnabler","BaseMod","Bestiary","Better Altar","Better Note","Better Sensory Stone","Better Skull","Better Vampires","Colored Powertips","Curses Come First","Disable Question Mark Monsters","Displayed Cursed Tome","Downfall","Emptier Cage","Minty Spire (QoL Compilation)","Morshu Shopkeeper","Permanent Neow","Quick Restart","Rare Cards Sparkle","Relic Stats","Shop Mod","Spicy Shops","StSLib","SuperFastMode","Transform Curses"],"gold_per_floor":[99,116,116,133,149,162,238,238,266,277,291,309,309,339,358,458,458,458,470,480,480,238,270,270,27,54,54,74,99,122,150,166,277,277,277,298,319,335,196,215,242,251,292,192,226,96,124,133,152,152],"floor_reached":51,"language":"ENG","playtime":6682,"items_purged":["Shame","Clumsy","Guardian:CurlUp"],"score":1041,"play_id":"e9e62201-7260-4eec-85f0-49906ed99373","local_time":"20210225130605","is_ascension_mode":true,"campfire_choices":[{"data":"Guardian:TwinSlam","floor":1,"key":"SMITH"},{"data":"Guardian:DecasProtection","floor":8,"key":"SMITH"},{"floor":13,"key":"REST"},{"data":"Guardian:CompilePackage","floor":18,"key":"SMITH"},{"data":"Guardian:Clone","floor":27,"key":"SMITH"},{"data":"Guardian:DecasProtection","floor":35,"key":"SMITH"},{"floor":42,"key":"REST"},{"data":"Guardian:PiercingHide","floor":44,"key":"SMITH"}],"circlet_count":0,"master_deck":["Guardian:TwinSlam+1","Guardian:PiercingHide+1","Guardian:WalkerClaw","Guardian:DecasProtection+1","Guardian:ShieldCharger","Guardian:Recover","Guardian:WalkerClaw+1","Guardian:DecasProtection+1","Guardian:CompilePackage+1","Guardian:Reroute","Guardian:TimeCapacitor","Guardian:FloatingOrbs","Guardian:RevengeProtocol","Guardian:Planning+1","Guardian:ChargeCore","Guardian:PiercingHide+1","Guardian:Clone+1","Guardian:TimeCapacitor","Guardian:ChargeCore","Guardian:TemporalShield","Guardian:ShieldCharger+1","Guardian:ShieldSpikes+1","Guardian:ConstructionForm","Guardian:CompilePackage+1","Guardian:TemporalShield+1","Guardian:Recover+1","Guardian:ConstructionForm","Guardian:Planning+1","Guardian:DecasProtection+1","Guardian:Clone+1","Guardian:DonusPower+1","Guardian:BodySlam","Guardian:Repulse","Guardian:TimeCapacitor"],"relics":["Guardian:StasisSlotReductionRelic","Dream Catcher","Bronze Scales","Ancient Tea Set","Membership Card","MerchantsRug","Mummified Hand","CeramicFish","Toolbox","Anchor","Sozu","Bag of Preparation","Strawberry","Ornamental Fan","downfall:HeartBlessingGreen","Regal Pillow","Bird Faced Urn","Omamori","Ginger","CaptainsWheel","War Paint"],"acts_visited":["Exordium","TheCity","TheBeyond"],"potions_floor_usage":[34,46,50],"damage_taken":[{"damage":0,"enemies":"2 Louse","floor":2,"turns":2},{"damage":1,"enemies":"Cultist","floor":4,"turns":4},{"damage":0,"enemies":"Small Slimes","floor":5,"turns":4},{"damage":1,"enemies":"Exordium Thugs","floor":6,"turns":4},{"damage":20,"enemies":"Gremlin Nob","floor":9,"turns":5},{"damage":0,"enemies":"downfall:LooterAlt","floor":10,"turns":3},{"damage":5,"enemies":"Lots of Slimes","floor":11,"turns":5},{"damage":7,"enemies":"Blue Slaver","floor":12,"turns":4},{"damage":7,"enemies":"3 Sentries","floor":14,"turns":7},{"damage":7,"enemies":"Red Slaver","floor":15,"turns":3},{"damage":9,"enemies":"DF_ARCHETYPE_STREAMLINE","floor":16,"turns":11},{"damage":2,"enemies":"Shell Parasite","floor":19,"turns":5},{"damage":0,"enemies":"Chosen","floor":20,"turns":6},{"damage":0,"enemies":"downfall:FleeingMerchant","floor":22,"turns":4},{"damage":0,"enemies":"Book of Stabbing","floor":23,"turns":5},{"damage":0,"enemies":"downfall:FleeingMerchant","floor":25,"turns":4},{"damage":0,"enemies":"Centurion and Healer","floor":28,"turns":4},{"damage":6,"enemies":"Gremlin Leader","floor":29,"turns":4},{"damage":0,"enemies":"Snecko","floor":30,"turns":4},{"damage":0,"enemies":"Chosen and Byrds","floor":31,"turns":4},{"damage":0,"enemies":"Centurion and Healer","floor":32,"turns":4},{"damage":0,"enemies":"SI_MIRROR_ARCHETYPE","floor":33,"turns":8},{"damage":0,"enemies":"3 Shapes","floor":36,"turns":3},{"damage":22,"enemies":"3 Darklings","floor":37,"turns":4},{"damage":0,"enemies":"Maw","floor":38,"turns":6},{"damage":0,"enemies":"downfall:FleeingMerchant","floor":39,"turns":4},{"damage":0,"enemies":"4 Shapes","floor":40,"turns":2},{"damage":0,"enemies":"Nemesis","floor":43,"turns":7},{"damage":0,"enemies":"Giant Head","floor":45,"turns":5},{"damage":0,"enemies":"downfall:FleeingMerchant","floor":46,"turns":2},{"damage":0,"enemies":"Nemesis","floor":47,"turns":5},{"damage":0,"enemies":"Transient","floor":49,"turns":5},{"damage":0,"enemies":"WA_ARCHETYPE_DIVINITY","floor":50,"turns":10}],"seed_played":"-3131714625988862090","potions_obtained":[{"floor":2,"key":"Guardian:BlockOnCardUsePotion"},{"floor":6,"key":"Guardian:BlockOnCardUsePotion"},{"floor":9,"key":"FearPotion"},{"floor":28,"key":"AttackPotion"},{"floor":30,"key":"DuplicationPotion"},{"floor":31,"key":"EntropicBrew"}],"is_trial":false,"path_per_floor":["R","M","?","M","M","M","T","R","E","M","M","M","R","E","M","B",null,"R","M","M","?","$","E","T","$","?","R","M","E","M","M","M","B",null,"R","M","M","M","$","M","T","R","E","R","E","$","E","?","M","B",null],"character_chosen":"GUARDIAN","items_purchased":["Orrery","Bronze Scales","Membership Card","MerchantsRug","Guardian:Gem_Orange","Mummified Hand","Guardian:ConstructionForm","CeramicFish","Guardian:Gem_Red","Toolbox","Bag of Preparation","Bird Faced Urn","Omamori","Guardian:BodySlam","Ginger","CaptainsWheel","Guardian:Repulse"],"campfire_rested":2,"item_purchase_floors":[22,22,25,25,25,25,25,25,25,25,39,46,46,46,46,46,46],"current_hp_per_floor":[80,80,80,79,79,78,78,78,58,58,53,46,70,63,56,47,80,80,78,78,70,70,70,70,76,76,76,76,70,70,70,70,70,86,86,86,64,64,64,64,71,93,93,93,93,93,93,93,93,93],"gold":152,"neow_bonus":"BOSS_RELIC","is_daily":false,"chose_seed":false,"campfire_upgraded":6,"win_rate":0.0,"timestamp":1614279965,"path_taken":["R","M","?","M","?","M","T","R","E","M","M","M","R","E","M","BOSS","R","M","?","?","$","E","T","?","?","R","M","E","M","M","M","BOSS","R","M","M","?","$","M","T","R","E","R","E","$","E","?","M","BOSS"],"items_purchased_type":["Relic","Relic","Relic","Relic","Card","Relic","Card","Relic","Card","Relic","Relic","Relic","Relic","Card","Relic","Relic","Card"],"build_version":"2020-12-22","purchased_purges":3,"victory":true,"max_hp_per_floor":[80,80,80,80,80,80,80,80,80,80,80,80,80,80,80,80,80,80,80,80,80,80,80,80,86,86,86,86,86,86,86,86,86,86,86,86,86,86,86,86,93,93,93,93,93,93,93,93,93,93],"relic_stats":{"Regal Pillow":0,"counters":[33,157],"CeramicFish":126,"Bag of Preparation":[14],"Ginger":[10],"War Paint":["Guardian:Clone","Guardian:ShieldCharger"],"Sozu":1,"Dream Catcher":2,"Mummified Hand":[122],"Ornamental Fan":[32],"Bronze Scales":[236],"Bird Faced Urn":[0],"obtain_stats":[{"Darkstone Periapt":14,"Guardian:StasisSlotReductionRelic":0,"Regal Pillow":45,"CeramicFish":25,"StoneCalendar":24,"downfall:HeartBlessingGreen":44,"Bag of Preparation":39,"Ginger":46,"Ancient Tea Set":23,"Sozu":34,"Dream Catcher":9,"Sundial":7,"Mummified Hand":25,"Strawberry":41,"Toolbox":25,"MerchantsRug":25,"Guardian:ModeShifter":0,"Omamori":46,"War Paint":47,"Anchor":29,"CaptainsWheel":46,"Ornamental Fan":43,"Bronze Scales":22,"Bird Faced Urn":46,"Orrery":22,"Pandora\u0027s Box":17,"Membership Card":25},{"Darkstone Periapt":9,"Guardian:StasisSlotReductionRelic":0,"Regal Pillow":29,"CeramicFish":16,"StoneCalendar":15,"downfall:HeartBlessingGreen":28,"Bag of Preparation":26,"Ginger":30,"Ancient Tea Set":15,"Sozu":22,"Dream Catcher":5,"Sundial":4,"Mummified Hand":16,"Strawberry":27,"Toolbox":16,"MerchantsRug":16,"Guardian:ModeShifter":0,"Omamori":30,"War Paint":31,"Anchor":18,"CaptainsWheel":30,"Ornamental Fan":28,"Bronze Scales":14,"Bird Faced Urn":30,"Orrery":14,"Pandora\u0027s Box":11,"Membership Card":16},{"Darkstone Periapt":38,"Guardian:StasisSlotReductionRelic":0,"Regal Pillow":135,"CeramicFish":76,"StoneCalendar":72,"downfall:HeartBlessingGreen":130,"Bag of Preparation":121,"Ginger":137,"Ancient Tea Set":72,"Sozu":104,"Dream Catcher":19,"Sundial":14,"Mummified Hand":76,"Strawberry":123,"Toolbox":76,"MerchantsRug":76,"Guardian:ModeShifter":0,"Omamori":137,"War Paint":142,"Anchor":84,"CaptainsWheel":137,"Ornamental Fan":130,"Bronze Scales":67,"Bird Faced Urn":137,"Orrery":67,"Pandora\u0027s Box":52,"Membership Card":76}]},"card_choices":[{"not_picked":["Guardian:Reroute","Guardian:Gem_Green"],"picked":"Guardian:PiercingHide","floor":2},{"not_picked":["Guardian:Planning","Guardian:BodySlam","Guardian:Suspension"],"picked":"SKIP","floor":4},{"not_picked":["Guardian:Gem_Red","Guardian:PiercingHide"],"picked":"Guardian:WalkerClaw","floor":5},{"not_picked":["Guardian:SentryBeam","Guardian:Planning"],"picked":"Guardian:DecasProtection","floor":6},{"not_picked":["Guardian:TimeBomb","Guardian:Preprogram"],"picked":"Guardian:ShieldCharger","floor":9},{"not_picked":["Guardian:GemFinder","Guardian:Reroute"],"picked":"Guardian:Recover","floor":10},{"not_picked":["Guardian:CrystalBeam","Guardian:SentryBeam","Guardian:SpikerProtocol"],"picked":"SKIP","floor":11},{"not_picked":["Guardian:VentSteam","Guardian:Gem_Green"],"picked":"Guardian:Gem_Purple","floor":12},{"not_picked":["Guardian:Recover","Guardian:PiercingHide"],"picked":"Guardian:WalkerClaw","floor":13},{"not_picked":["Guardian:FastForward","Guardian:ArmoredProtocol"],"picked":"Guardian:DecasProtection","floor":14},{"not_picked":["Guardian:TemporalStrike","Guardian:Harden","Guardian:Incinerate"],"picked":"SKIP","floor":15},{"not_picked":["Guardian:SphericShield","Guardian:BaubleBeam"],"picked":"Guardian:CompilePackage","floor":16},{"not_picked":["Guardian:Planning","Guardian:CrystalBeam+1"],"picked":"Guardian:Clone","floor":19},{"not_picked":["Guardian:WalkerClaw+1","Guardian:SentryBeam"],"picked":"Guardian:TimeCapacitor","floor":20},{"not_picked":["Guardian:Incinerate+1","Guardian:BronzeArmor"],"picked":"Guardian:ChargeCore","floor":22},{"not_picked":["Guardian:PrismaticBeam","Guardian:ChargeCore"],"picked":"Guardian:Gem_Cyan","floor":22},{"not_picked":["Guardian:PiercingHide","Guardian:RevengeProtocol"],"picked":"Guardian:TemporalShield","floor":22},{"not_picked":["Guardian:BodySlam","Guardian:PrimingBeam+1"],"picked":"Guardian:ShieldCharger","floor":22},{"not_picked":["Guardian:Gem_Lightblue","Guardian:SpikerProtocol"],"picked":"Guardian:ShieldSpikes+1","floor":23},{"not_picked":["Guardian:WalkerClaw","Guardian:ChargeCore","Guardian:ShieldCharger"],"picked":"SKIP","floor":25},{"not_picked":["Guardian:TimeBomb","Guardian:StasisField","Guardian:Gem_Green"],"picked":"SKIP","floor":28},{"not_picked":["Guardian:GemFire","Guardian:PrimingBeam","Guardian:Gem_Cyan"],"picked":"SKIP","floor":29},{"not_picked":["Guardian:Preprogram","Guardian:Gem_Crimson"],"picked":"Guardian:TemporalShield+1","floor":30},{"not_picked":["Guardian:TemporalShield","Guardian:Suspension+1"],"picked":"Guardian:Recover+1","floor":31},{"not_picked":["Guardian:Reroute","Guardian:PolyBeam+1","Guardian:TemporalShield"],"picked":"SKIP","floor":32},{"not_picked":["Guardian:FierceBash","Guardian:Gem_Synthetic"],"picked":"Guardian:ConstructionForm","floor":33},{"not_picked":["Guardian:Reroute","Guardian:CrystalBeam+1"],"picked":"Guardian:Planning+1","floor":36},{"not_picked":["Guardian:Gem_Lightblue","Guardian:PrimingBeam"],"picked":"Guardian:DecasProtection+1","floor":37},{"not_picked":["Guardian:CrystalBeam+1","Guardian:Planning+1","Guardian:DecasProtection"],"picked":"SKIP","floor":38},{"not_picked":["Guardian:ChargeUp","Guardian:BaubleBeam","Guardian:CrystalBeam+1"],"picked":"SKIP","floor":39},{"not_picked":["Guardian:PrimingBeam","Guardian:CrystalBeam","Guardian:RevengeProtocol"],"picked":"SKIP","floor":40},{"not_picked":["Guardian:RollAttack+1","Guardian:Suspension"],"picked":"Guardian:Clone","floor":42},{"not_picked":["Guardian:Gem_Green","Guardian:Recover"],"picked":"Guardian:DonusPower+1","floor":43},{"not_picked":["Guardian:Gem_Cyan","Guardian:EvasiveProtocol+1","Guardian:TemporalStrike"],"picked":"SKIP","floor":45},{"not_picked":["Guardian:GemFinder","Guardian:Incinerate+1","Guardian:ShieldCharger+1"],"picked":"SKIP","floor":46},{"not_picked":["Guardian:ChargeCore","Guardian:ShieldCharger","Guardian:Gem_Yellow"],"picked":"SKIP","floor":47},{"not_picked":["Guardian:WalkerClaw+1","Guardian:PrismaticBeam","Guardian:Planning+1"],"picked":"SKIP","floor":49}],"player_experience":548373,"relics_obtained":[{"floor":7,"key":"Sundial"},{"floor":9,"key":"Dream Catcher"},{"floor":14,"key":"Darkstone Periapt"},{"floor":23,"key":"Ancient Tea Set"},{"floor":24,"key":"StoneCalendar"},{"floor":29,"key":"Anchor"},{"floor":41,"key":"Strawberry"},{"floor":43,"key":"Ornamental Fan"},{"floor":45,"key":"Regal Pillow"},{"floor":47,"key":"War Paint"}],"event_choices":[],"is_beta":false,"boss_relics":[{"not_picked":["Black Star","Empty Cage"],"picked":"Pandora\u0027s Box"},{"not_picked":["Philosopher\u0027s Stone","Astrolabe"],"picked":"Sozu"}],"items_purged_floors":[25,39,46],"is_endless":false,"potions_floor_spawned":[2,6,9,10,16,20,28,29,30,31,36,40,45,49],"ascension_level":1}}