{"host":"sc0o2qwpf9j16a4i","time":1614267657,"event":{"mods":["AchievementEnabler","BaseMod","BetterRewards","Block Reminder","Colored Map","Colored Powertips","Custom Start","Highlight Path","Minty Spire (QoL Compilation)","Relic Stats"],"gold_per_floor":[118,118,128,18,35,35,65,79,156,156,186,186,221,235,235,312,312,332,332,345,364,11,11,42,42,68,82,82,109,109,128,128,201,201,220,220,1219,927,927,952,952,969,1037,1037,1051,1051,1051],"floor_reached":46,"language":"ENG","playtime":1373,"items_purged":["Pain","Normality"],"score":1317,"play_id":"23513255-dadd-4115-babf-6b0344da4c3b","local_time":"20210225174057","is_ascension_mode":true,"campfire_choices":[{"data":"Barrage","floor":6.0,"key":"SMITH"},{"data":"Barrage","floor":10.0,"key":"SMITH"},{"data":"Ball Lightning","floor":12.0,"key":"SMITH"},{"floor":15.0,"key":"REST"},{"data":"Biased Cognition","floor":23.0,"key":"SMITH"},{"floor":28.0,"key":"REST"},{"floor":30.0,"key":"REST"},{"floor":32.0,"key":"REST"},{"floor":41,"key":"REST"},{"floor":44,"key":"REST"}],"circlet_count":0,"master_deck":["AscendersBane","Strike_B","Strike_B","Strike_B","Defend_B","Defend_B","Defend_B","Defend_B","Zap","Dualcast","Ball Lightning+1","Leap","Compile Driver","Barrage+1","Barrage+1","Biased Cognition+1","Beam Cell","Electrodynamics","Cold Snap","Hologram","Conserve Battery","Ball Lightning","White Noise","Coolheaded","Heatsinks+1","Creative AI","Normality","Enlightenment","Coolheaded","Capacitor","Loop","Reinforced Body+1","Cold Snap"],"relics":["FrozenCore","ClockworkSouvenir","Lizard Tail","Pantograph","Ancient Tea Set","WarpedTongs","Cables","Pear","Dream Catcher","Fusion Hammer","Membership Card","Calipers","Blue Candle"],"acts_visited":["Exordium","TheCity","TheBeyond"],"potions_floor_usage":[40,40,46],"damage_taken":[{"damage":1.0,"enemies":"2 Louse","floor":1.0,"turns":3.0},{"damage":5.0,"enemies":"Small Slimes","floor":3.0,"turns":4.0},{"damage":0.0,"enemies":"Cultist","floor":5.0,"turns":3.0},{"damage":14.0,"enemies":"Lagavulin","floor":7.0,"turns":8.0},{"damage":2.0,"enemies":"2 Fungi Beasts","floor":8.0,"turns":3.0},{"damage":22.0,"enemies":"3 Sentries","floor":13.0,"turns":8.0},{"damage":23.0,"enemies":"Exordium Thugs","floor":14.0,"turns":3.0},{"damage":39.0,"enemies":"Slime Boss","floor":16.0,"turns":7.0},{"damage":0.0,"enemies":"Spheric Guardian","floor":18.0,"turns":3.0},{"damage":2.0,"enemies":"3 Byrds","floor":20.0,"turns":2.0},{"damage":5.0,"enemies":"3 Cultists","floor":21.0,"turns":3.0},{"damage":49.0,"enemies":"Book of Stabbing","floor":24.0,"turns":7.0},{"damage":0.0,"enemies":"Sentry and Sphere","floor":27.0,"turns":4.0},{"damage":26.0,"enemies":"Slavers","floor":29.0,"turns":3.0},{"damage":0.0,"enemies":"Snake Plant","floor":31.0,"turns":3.0},{"damage":20.0,"enemies":"Collector","floor":33.0,"turns":11.0},{"damage":0.0,"enemies":"3 Shapes","floor":35.0,"turns":4.0},{"damage":68,"enemies":"Reptomancer","floor":40,"turns":7},{"damage":15,"enemies":"3 Darklings","floor":42,"turns":3},{"damage":87,"enemies":"Transient","floor":45,"turns":6},{"damage":14,"enemies":"Sphere and 2 Shapes","floor":46,"turns":3}],"seed_played":"21722814697500877","potions_obtained":[{"floor":5.0,"key":"SkillPotion"},{"floor":7.0,"key":"Dexterity Potion"},{"floor":13.0,"key":"PotionOfCapacity"},{"floor":16.0,"key":"SmokeBomb"},{"floor":18.0,"key":"Strength Potion"},{"floor":21.0,"key":"Dexterity Potion"},{"floor":29.0,"key":"SteroidPotion"},{"floor":31.0,"key":"Block Potion"},{"floor":35.0,"key":"Block Potion"},{"floor":45,"key":"Block Potion"}],"is_trial":false,"path_per_floor":["M","?","M","$","M","R","E","M","T","R","?","R","E","M","R","B",null,"M","?","M","M","$","R","E","?","T","M","R","E","R","M","R","B",null,"M","?","?","$","?","E","R","M","T","R","M","M"],"character_chosen":"DEFECT","items_purchased":["ClockworkSouvenir","Compile Driver","FocusPotion","Cables","Membership Card","Enlightenment","BlessingOfTheForge"],"campfire_rested":6,"item_purchase_floors":[0,4,4,22,38,38,38],"current_hp_per_floor":[63,68,63,63,63,63,49,47,47,47,47,47,25,2,24,10,60,60,60,58,53,53,53,14,14,14,14,39,13,38,38,63,66,81,81,81,81,81,81,13,37,22,22,46,13,0,0],"gold":1051,"neow_bonus":"","is_daily":false,"chose_seed":false,"campfire_upgraded":4,"win_rate":0.0,"timestamp":1614267657,"path_taken":["M","?","M","$","M","R","E","M","T","R","?","R","E","M","R","BOSS","M","?","?","M","$","R","E","?","T","M","R","E","R","M","R","BOSS","M","?","?","$","?","E","R","M","T","R","M","M"],"items_purchased_type":["Relic","Card","Potion","Relic","Relic","Card","Potion"],"build_version":"2020-12-22","purchased_purges":2,"victory":false,"max_hp_per_floor":[71,76,76,76,76,76,76,76,76,76,76,76,76,76,76,76,76,76,76,76,76,76,76,86,86,86,86,86,86,86,86,86,86,86,86,86,86,86,82,82,82,82,82,82,82,82,82],"relic_stats":{"Lizard Tail":41,"Dream Catcher":4,"counters":[32,141],"Pantograph":48,"Blue Candle":[5],"obtain_stats":[{"Potion Belt":13,"Pear":24,"Calipers":40,"Blue Candle":12,"Smiling Mask":9,"Ancient Tea Set":13,"ClockworkSouvenir":0,"FrozenCore":17,"WarpedTongs":19,"Cables":22,"Du-Vu Doll":0,"Lizard Tail":7,"Dream Catcher":29,"Busted Crown":17,"Strawberry":22,"Pantograph":9,"Fusion Hammer":34,"Kunai":7,"Membership Card":38,"Cracked Core":0},{"Potion Belt":7,"Pear":23,"Calipers":29,"Blue Candle":6,"Smiling Mask":5,"Ancient Tea Set":17,"ClockworkSouvenir":11,"FrozenCore":19,"WarpedTongs":20,"Cables":22,"Du-Vu Doll":0,"Lizard Tail":15,"Dream Catcher":25,"Busted Crown":9,"Strawberry":10,"Pantograph":16,"Fusion Hammer":27,"Kunai":5,"Membership Card":28,"Cracked Core":0},{"Potion Belt":23,"Pear":98,"Calipers":129,"Blue Candle":18,"Smiling Mask":16,"Ancient Tea Set":73,"ClockworkSouvenir":44,"FrozenCore":83,"WarpedTongs":86,"Cables":91,"Du-Vu Doll":0,"Lizard Tail":62,"Dream Catcher":105,"Busted Crown":34,"Strawberry":37,"Pantograph":65,"Fusion Hammer":119,"Kunai":16,"Membership Card":122,"Cracked Core":0}],"FrozenCore":[14],"WarpedTongs":[138],"Cables":[45,24,21,0,0]},"card_choices":[{"not_picked":["Hologram","Beam Cell"],"picked":"Ball Lightning","floor":1.0},{"not_picked":["Go for the Eyes","Skim"],"picked":"Leap","floor":3.0},{"not_picked":["Steam","Hologram"],"picked":"Barrage","floor":5.0},{"not_picked":["Go for the Eyes","Rebound"],"picked":"Barrage","floor":7.0},{"not_picked":["Steam Power","Fusion","Heatsinks"],"picked":"SKIP","floor":8.0},{"not_picked":["Ball Lightning","FTL"],"picked":"Biased Cognition","floor":13.0},{"not_picked":["Barrage","Gash"],"picked":"Beam Cell","floor":14.0},{"not_picked":["Echo Form","Meteor Strike"],"picked":"Electrodynamics","floor":16.0},{"not_picked":["Conserve Battery","Tempest"],"picked":"Cold Snap","floor":18.0},{"not_picked":["Rebound","Redo"],"picked":"Hologram","floor":20.0},{"not_picked":["Sunder","Rebound+1","Sweeping Beam"],"picked":"SKIP","floor":21.0},{"not_picked":["Sunder","Reboot"],"picked":"Conserve Battery","floor":24.0},{"not_picked":["Turbo","Streamline"],"picked":"Ball Lightning","floor":27.0},{"not_picked":["Static Discharge","Reprogram"],"picked":"White Noise","floor":29.0},{"not_picked":["Hologram","Blizzard"],"picked":"Coolheaded","floor":30.0},{"not_picked":["Stack+1","Go for the Eyes"],"picked":"Heatsinks+1","floor":31.0},{"not_picked":["Machine Learning","Amplify"],"picked":"Creative AI","floor":33.0},{"not_picked":["Stack","Gash","Turbo"],"picked":"SKIP","floor":35.0},{"not_picked":["White Noise","Redo+1"],"picked":"Coolheaded","floor":40},{"not_picked":["Machine Learning","Leap+1"],"picked":"Capacitor","floor":41},{"not_picked":["Compile Driver","Reprogram"],"picked":"Loop","floor":42},{"not_picked":["Consume","Sweeping Beam+1"],"picked":"Reinforced Body+1","floor":44},{"not_picked":["Hologram","Conserve Battery"],"picked":"Cold Snap","floor":45}],"player_experience":1554802,"relics_obtained":[{"floor":7.0,"key":"Lizard Tail"},{"floor":9.0,"key":"Pantograph"},{"floor":13.0,"key":"Ancient Tea Set"},{"floor":24.0,"key":"Pear"},{"floor":29.0,"key":"Dream Catcher"},{"floor":40,"key":"Calipers"},{"floor":43,"key":"Blue Candle"}],"event_choices":[{"damage_healed":0.0,"max_hp_gain":5.0,"max_hp_loss":0.0,"gold_gain":0.0,"event_name":"Big Fish","player_choice":"Donut","floor":2.0,"gold_loss":0.0,"damage_taken":0.0},{"damage_healed":0.0,"max_hp_gain":0.0,"max_hp_loss":0.0,"gold_gain":30.0,"event_name":"Dead Adventurer","player_choice":"Searched \u00272\u0027 times","floor":11.0,"gold_loss":0.0,"damage_taken":0.0},{"damage_healed":0.0,"max_hp_gain":0.0,"max_hp_loss":0.0,"gold_gain":0.0,"event_name":"Accursed Blacksmith","player_choice":"Rummage","floor":19.0,"gold_loss":0.0,"damage_taken":0.0,"relics_obtained":["WarpedTongs"],"cards_obtained":["Pain"]},{"cards_removed":["Strike_B"],"damage_healed":0.0,"max_hp_gain":0.0,"max_hp_loss":0.0,"gold_gain":0.0,"event_name":"Purifier","player_choice":"Purged","floor":25.0,"gold_loss":0.0,"damage_taken":0.0},{"damage_healed":0,"gold_gain":0,"player_choice":"Memory 1","damage_taken":0,"max_hp_gain":0,"max_hp_loss":0,"event_name":"SensoryStone","floor":36,"gold_loss":0},{"damage_healed":0,"gold_gain":999,"player_choice":"Gold","damage_taken":0,"max_hp_gain":0,"max_hp_loss":0,"event_name":"MindBloom","floor":37,"gold_loss":0,"cards_obtained":["Normality","Normality"]},{"damage_healed":0,"gold_gain":0,"player_choice":"Max HP","damage_taken":0,"max_hp_gain":0,"max_hp_loss":4,"event_name":"Winding Halls","floor":39,"gold_loss":0}],"is_beta":false,"boss_relics":[{"not_picked":["SacredBark","Empty Cage"],"picked":"FrozenCore"},{"not_picked":["Runic Pyramid","Inserter"],"picked":"Fusion Hammer"}],"items_purged_floors":[22,38],"is_endless":false,"potions_floor_spawned":[5,7,13,16,18,21,29,31,35,45],"killed_by":"Sphere and 2 Shapes","ascension_level":20}}