{"host":"sav7uxregyirlf69","time":1614241390,"event":{"mods":["AchievementEnabler","BaseMod","Colored Map","DeckTracker","Keyboard Shortcuts","Minty Spire (QoL Compilation)","READ ME - Guardian Mod","StSLib","SuperFastMode"],"gold_per_floor":[157,157,196,237,237,237,0,0,0,56,56,131,179,197,197,222,222],"floor_reached":16,"language":"KOR","playtime":243,"items_purged":["Strike_G"],"score":204,"play_id":"25d5dcff-c875-48e0-b206-5c9f15f4271d","local_time":"20210225172310","is_ascension_mode":true,"campfire_choices":[{"data":"Well Laid Plans","floor":6,"key":"SMITH"},{"data":"Neutralize","floor":8,"key":"SMITH"},{"floor":15,"key":"REST"}],"circlet_count":0,"master_deck":["AscendersBane","Strike_G","Strike_G","Strike_G","Strike_G","Defend_G","Defend_G","Defend_G","Defend_G","Defend_G","Survivor","Neutralize+1","HandOfGreed+1","Well Laid Plans+1","Flying Knee","Blade Dance","Accuracy","Blade Dance"],"relics":["Ring of the Snake","Golden Idol","Bag of Marbles","Regal Pillow","Bag of Preparation"],"acts_visited":["Exordium"],"potions_floor_usage":[14,16],"damage_taken":[{"damage":0,"enemies":"2 Louse","floor":1,"turns":3},{"damage":0,"enemies":"Small Slimes","floor":3,"turns":3},{"damage":8,"enemies":"Jaw Worm","floor":4,"turns":4},{"damage":32,"enemies":"Lagavulin","floor":10,"turns":9},{"damage":1,"enemies":"2 Fungi Beasts","floor":12,"turns":3},{"damage":0,"enemies":"Blue Slaver","floor":13,"turns":3},{"damage":0,"enemies":"3 Louse","floor":14,"turns":1},{"damage":45,"enemies":"Slime Boss","floor":16,"turns":5}],"seed_played":"3190233721333029939","potions_obtained":[{"floor":4,"key":"SteroidPotion"},{"floor":10,"key":"FearPotion"},{"floor":14,"key":"LiquidBronze"}],"is_trial":false,"path_per_floor":["M","?","M","M","?","R","$","R","T","E","$","M","M","M","R","B"],"character_chosen":"THE_SILENT","items_purchased":["Bag of Marbles"],"campfire_rested":1,"item_purchase_floors":[7],"current_hp_per_floor":[44,44,44,36,36,36,36,36,36,4,4,3,3,3,36,0,0],"gold":222,"neow_bonus":"RANDOM_COLORLESS_2","is_daily":false,"chose_seed":false,"campfire_upgraded":2,"win_rate":0.0,"timestamp":1614241390,"path_taken":["M","?","M","M","?","R","$","R","T","E","?","M","M","M","R","BOSS"],"items_purchased_type":["Relic"],"build_version":"2020-12-22","purchased_purges":1,"victory":false,"max_hp_per_floor":[66,60,60,60,60,60,60,60,60,60,60,60,60,60,60,60,60],"card_choices":[{"not_picked":["Master of Strategy","Violence"],"picked":"HandOfGreed","floor":0},{"not_picked":["Bane","Predator"],"picked":"Well Laid Plans","floor":1},{"not_picked":["Backflip","Poisoned Stab"],"picked":"Flying Knee","floor":3},{"not_picked":["Crippling Poison","Blur","Infinite Blades"],"picked":"SKIP","floor":4},{"not_picked":["Flying Knee","Dodge and Roll"],"picked":"Blade Dance","floor":10},{"not_picked":["Blade Dance","Reflex"],"picked":"Accuracy","floor":12},{"not_picked":["Caltrops","Dagger Throw"],"picked":"Blade Dance","floor":13},{"not_picked":["Noxious Fumes","Setup","Choke"],"picked":"SKIP","floor":14}],"player_experience":1697640,"relics_obtained":[{"floor":9,"key":"Regal Pillow"},{"floor":10,"key":"Bag of Preparation"}],"event_choices":[{"damage_healed":0,"gold_gain":0,"player_choice":"Lose Max HP","damage_taken":0,"relics_obtained":["Golden Idol"],"max_hp_gain":0,"max_hp_loss":6,"event_name":"Golden Idol","floor":2,"gold_loss":0},{"damage_healed":0,"gold_gain":0,"player_choice":"Grow","damage_taken":0,"max_hp_gain":0,"max_hp_loss":0,"event_name":"Living Wall","floor":5,"gold_loss":0,"cards_upgraded":["HandOfGreed"]}],"is_beta":false,"boss_relics":[],"items_purged_floors":[7],"is_endless":false,"potions_floor_spawned":[4,10,12,14],"killed_by":"Slime Boss","ascension_level":20}}