{"host":"gg","time":1614235673,"event":{"mods":["AchievementEnabler","BaseMod","Colored Map","Googly Eyes","Minty Spire (QoL Compilation)","Permanent Neow","Relic Stats","The IronCluck"],"gold_per_floor":[111,121,131,197,197,223,242,1,52,52,82,25,25,25],"floor_reached":13,"language":"ENG","playtime":638,"items_purged":["Defend_P"],"score":236,"play_id":"a51dccab-850f-4627-9564-379116a3dd0c","local_time":"20210224224753","is_ascension_mode":true,"campfire_choices":[],"circlet_count":0,"master_deck":["AscendersBane","Strike_P","Strike_P","Strike_P","Strike_P","Defend_P","Defend_P+1","Eruption","Vigilance+1","ReachHeaven","CutThroughFate","LikeWater","Blasphemy","SashWhip","Weave","ThirdEye","ClearTheMind","LessonLearned+1","CutThroughFate+1","Protect"],"relics":["Sozu","Mummified Hand","Membership Card","Molten Egg 2","War Paint"],"acts_visited":["Exordium"],"potions_floor_usage":[],"damage_taken":[{"damage":0.0,"enemies":"Cultist","floor":1.0,"turns":3.0},{"damage":7.0,"enemies":"Jaw Worm","floor":2.0,"turns":4.0},{"damage":10.0,"enemies":"Small Slimes","floor":3.0,"turns":3.0},{"damage":30,"enemies":"3 Sentries","floor":6,"turns":13},{"damage":6,"enemies":"Blue Slaver","floor":7,"turns":4},{"damage":0,"enemies":"Gremlin Nob","floor":11,"turns":3},{"damage":15,"enemies":"3 Sentries","floor":13,"turns":2}],"seed_played":"-3703553485352047676","potions_obtained":[],"is_trial":false,"path_per_floor":["M","M","M","?","?","E","M","$","T","T","E","$","E"],"character_chosen":"WATCHER","items_purchased":["Membership Card","ThirdEye","ClearTheMind","CutThroughFate+1","Protect"],"campfire_rested":0,"item_purchase_floors":[8,8,8,12,12],"current_hp_per_floor":[61,54,44,44,44,14,8,8,8,8,8,8,0,0],"gold":25,"neow_bonus":"BOSS_RELIC","is_daily":false,"chose_seed":false,"campfire_upgraded":0,"win_rate":0.0,"timestamp":1614235673,"path_taken":["M","M","?","?","?","E","M","$","T","?","E","$","E"],"items_purchased_type":["Relic","Card","Card","Card","Card"],"build_version":"2020-12-18","purchased_purges":1,"victory":false,"max_hp_per_floor":[68,68,68,68,68,68,68,68,68,68,68,68,68,68],"relic_stats":{"Sozu":3,"counters":[7,32],"Mummified Hand":[3],"War Paint":["Defend_P","Vigilance"],"obtain_stats":[{"Sozu":0,"Mummified Hand":6,"Molten Egg 2":10,"Membership Card":8,"PureWater":0,"War Paint":11},{"Sozu":0,"Mummified Hand":4,"Molten Egg 2":5,"Membership Card":5,"PureWater":0,"War Paint":6},{"Sozu":0,"Mummified Hand":23,"Molten Egg 2":27,"Membership Card":27,"PureWater":0,"War Paint":30}]},"card_choices":[{"not_picked":["LikeWater","SashWhip"],"picked":"ReachHeaven","floor":1.0},{"not_picked":["SashWhip","Prostrate"],"picked":"CutThroughFate","floor":2.0},{"not_picked":["Adaptation","ClearTheMind"],"picked":"LikeWater","floor":3},{"not_picked":["Pray","WreathOfFlame"],"picked":"SashWhip","floor":6},{"not_picked":["ClearTheMind","Evaluate"],"picked":"Weave","floor":7},{"not_picked":["FlyingSleeves+1","Weave+1"],"picked":"LessonLearned+1","floor":11}],"player_experience":1363697,"relics_obtained":[{"floor":6,"key":"Mummified Hand"},{"floor":10,"key":"Molten Egg 2"},{"floor":11,"key":"War Paint"}],"event_choices":[{"damage_healed":0,"gold_gain":66,"player_choice":"Gained Gold","damage_taken":0,"max_hp_gain":0,"max_hp_loss":0,"event_name":"Golden Wing","floor":4,"gold_loss":0},{"damage_healed":0,"gold_gain":0,"cards_transformed":["Defend_P"],"player_choice":"Change","damage_taken":0,"max_hp_gain":0,"max_hp_loss":0,"event_name":"Living Wall","floor":5,"gold_loss":0,"cards_obtained":["Blasphemy"]}],"is_beta":true,"boss_relics":[],"items_purged_floors":[8],"is_endless":false,"potions_floor_spawned":[1,2,11],"killed_by":"3 Sentries","ascension_level":20}}