{"host":"x73jdofm2fk9hsud","time":1614233691,"event":{"mods":["BaseMod","Bestiary","Minty Spire (QoL Compilation)","Relic Stats","ojb\u0027s Better Paths Mod","ojb\u0027s Info Mod"],"gold_per_floor":[115,115,115,130,142,142,142,142,222,222,234,234,259,272,272,343,343,353,353,268,71,71,71,88,88,88,100,126,126,146,478,478,555,555,568,593,225,242,259,291,291,316,340,340,360,380,380,390,390,390,390,390,390,228,256,256],"floor_reached":57,"language":"ENG","playtime":3469,"items_purged":["Strike_B","Strike_B"],"score":3075,"play_id":"16486fdb-dd2d-4d05-9a52-8b9bc4f87031","local_time":"20210225011451","is_ascension_mode":true,"campfire_choices":[{"data":"Go for the Eyes","floor":6,"key":"SMITH"},{"floor":12,"key":"REST"},{"data":"Redo","floor":15,"key":"SMITH"},{"data":"Ghostly","floor":23,"key":"SMITH"},{"data":"Ghostly","floor":25,"key":"SMITH"},{"data":"Loop","floor":32,"key":"SMITH"},{"floor":41,"key":"RECALL"},{"data":"Loop","floor":47,"key":"SMITH"},{"data":"Capacitor","floor":49,"key":"SMITH"},{"data":"Hologram","floor":53,"key":"SMITH"}],"circlet_count":0,"master_deck":["AscendersBane","Defend_B","Defend_B","Defend_B","Defend_B","Zap","Dualcast","Doom and Gloom","BootSequence","Steam","Go for the Eyes+1","All For One","Redo+1","FTL","Beam Cell","Echo Form","Hologram+1","Ghostly+1","Ghostly+1","Ghostly+1","Ghostly","Turbo","Loop+1","Reinforced Body","Biased Cognition","Coolheaded","Glacier","Loop+1","Reinforced Body+1","Stack","Capacitor+1","Barrage","BootSequence"],"relics":["Runic Pyramid","Blood Vial","Darkstone Periapt","Unceasing Top","SlaversCollar","Art of War","DollysMirror","CaptainsWheel","Eternal Feather","Old Coin","Philosopher\u0027s Stone","Peace Pipe","Membership Card","Bag of Preparation","Mummified Hand","Ginger","OrangePellets","Torii"],"acts_visited":["Exordium","TheCity","TheBeyond","TheEnding"],"potions_floor_usage":[24,28,33,33,56,56],"damage_taken":[{"damage":4,"enemies":"2 Louse","floor":1,"turns":2},{"damage":0,"enemies":"Jaw Worm","floor":4,"turns":3},{"damage":1,"enemies":"Cultist","floor":5,"turns":4},{"damage":3,"enemies":"3 Louse","floor":11,"turns":3},{"damage":0,"enemies":"Lagavulin","floor":13,"turns":6},{"damage":0,"enemies":"Looter","floor":14,"turns":3},{"damage":2,"enemies":"Slime Boss","floor":16,"turns":5},{"damage":16,"enemies":"3 Byrds","floor":18,"turns":5},{"damage":2,"enemies":"Shell Parasite","floor":24,"turns":6},{"damage":0,"enemies":"Snake Plant","floor":27,"turns":7},{"damage":0,"enemies":"Gremlin Leader","floor":28,"turns":9},{"damage":0,"enemies":"Chosen and Byrds","floor":30,"turns":8},{"damage":0,"enemies":"Book of Stabbing","floor":31,"turns":5},{"damage":14,"enemies":"Collector","floor":33,"turns":10},{"damage":0,"enemies":"Orb Walker","floor":35,"turns":4},{"damage":3,"enemies":"Mind Bloom Boss Battle","floor":36,"turns":10},{"damage":0,"enemies":"3 Darklings","floor":38,"turns":5},{"damage":0,"enemies":"Jaw Worm Horde","floor":39,"turns":9},{"damage":0,"enemies":"Nemesis","floor":40,"turns":7},{"damage":0,"enemies":"Giant Head","floor":42,"turns":12},{"damage":0,"enemies":"Transient","floor":45,"turns":6},{"damage":0,"enemies":"Spire Growth","floor":46,"turns":10},{"damage":0,"enemies":"Maw","floor":48,"turns":12},{"damage":1,"enemies":"Time Eater","floor":50,"turns":8},{"damage":1,"enemies":"Donu and Deca","floor":51,"turns":8},{"damage":38,"enemies":"Shield and Spear","floor":55,"turns":9},{"damage":0,"enemies":"The Heart","floor":56,"turns":19}],"seed_played":"-7518723117326556194","potions_obtained":[{"floor":1,"key":"SkillPotion"},{"floor":11,"key":"SneckoOil"},{"floor":16,"key":"BlessingOfTheForge"},{"floor":24,"key":"DistilledChaos"},{"floor":30,"key":"SkillPotion"},{"floor":33,"key":"SkillPotion"},{"floor":35,"key":"ColorlessPotion"},{"floor":36,"key":"Energy Potion"},{"floor":40,"key":"EssenceOfDarkness"},{"floor":55,"key":"PotionOfCapacity"}],"is_trial":false,"path_per_floor":["M","?","?","M","M","R","?","?","T","?","M","R","E","M","R","B",null,"M","?","?","$","?","R","M","R","T","M","E","?","M","E","R","B",null,"M","?","$","M","M","E","R","E","T","?","M","M","R","M","R","B","B",null,"R","$","E","B",null],"character_chosen":"DEFECT","items_purchased":["DollysMirror","Turbo","Membership Card","Glacier","Bag of Preparation","Loop","OrangePellets","FocusPotion"],"campfire_rested":1,"item_purchase_floors":[21,21,37,37,37,37,54,54],"current_hp_per_floor":[60,25,25,27,28,28,21,21,21,21,20,41,43,45,45,45,65,51,35,35,35,35,35,33,33,33,35,35,28,30,32,40,26,37,39,37,37,39,40,40,40,40,40,40,40,40,40,40,40,39,39,40,40,40,2,4],"gold":256,"neow_bonus":"BOSS_RELIC","is_daily":false,"chose_seed":false,"campfire_upgraded":8,"win_rate":0.0,"timestamp":1614233691,"path_taken":["M","?","?","M","?","R","?","?","T","?","M","R","E","M","R","BOSS","M","?","?","$","?","R","?","R","T","M","E","?","M","E","R","BOSS","M","?","$","M","M","E","R","E","T","?","M","M","R","?","R","BOSS","BOSS","R","$","E","BOSS"],"items_purchased_type":["Relic","Card","Relic","Card","Relic","Card","Relic","Potion"],"build_version":"2020-12-22","purchased_purges":2,"victory":true,"max_hp_per_floor":[71,71,71,71,71,71,71,71,71,71,71,71,71,71,71,71,71,71,35,35,35,35,35,35,35,35,35,35,40,40,40,40,40,40,40,40,40,40,40,40,40,40,40,40,40,40,40,40,40,40,40,40,40,40,40,40],"relic_stats":{"Darkstone Periapt":0,"Torii":0,"counters":[27,195],"Eternal Feather":8,"Bag of Preparation":[22],"Ginger":[8],"Blood Vial":29,"Peace Pipe":0,"OrangePellets":[3],"Mummified Hand":[58],"Art of War":[43],"obtain_stats":[{"Darkstone Periapt":9,"Torii":55,"Eternal Feather":28,"Bag of Preparation":37,"Ginger":42,"Old Coin":31,"Blood Vial":2,"Peace Pipe":36,"SlaversCollar":17,"OrangePellets":54,"CaptainsWheel":26,"DollysMirror":21,"Mummified Hand":40,"Philosopher\u0027s Stone":34,"Art of War":20,"Membership Card":37,"Cracked Core":0,"Unceasing Top":13,"Runic Pyramid":0},{"Darkstone Periapt":3,"Torii":26,"Eternal Feather":11,"Bag of Preparation":16,"Ginger":20,"Old Coin":13,"Blood Vial":1,"Peace Pipe":16,"SlaversCollar":7,"OrangePellets":25,"CaptainsWheel":9,"DollysMirror":8,"Mummified Hand":19,"Philosopher\u0027s Stone":14,"Art of War":8,"Membership Card":16,"Cracked Core":0,"Unceasing Top":5,"Runic Pyramid":0},{"Darkstone Periapt":9,"Torii":176,"Eternal Feather":53,"Bag of Preparation":90,"Ginger":123,"Old Coin":66,"Blood Vial":2,"Peace Pipe":90,"SlaversCollar":26,"OrangePellets":167,"CaptainsWheel":37,"DollysMirror":31,"Mummified Hand":111,"Philosopher\u0027s Stone":76,"Art of War":31,"Membership Card":90,"Cracked Core":0,"Unceasing Top":18,"Runic Pyramid":0}],"Unceasing Top":[0]},"card_choices":[{"not_picked":["Chill","Go for the Eyes"],"picked":"Doom and Gloom","floor":1},{"not_picked":["Sweeping Beam","Force Field"],"picked":"Steam","floor":4},{"not_picked":["Coolheaded","Tempest"],"picked":"Go for the Eyes","floor":5},{"not_picked":["Leap","Steam"],"picked":"Redo","floor":11},{"not_picked":["Static Discharge","Turbo"],"picked":"FTL","floor":13},{"not_picked":["Coolheaded","BootSequence"],"picked":"Beam Cell","floor":14},{"not_picked":["All For One","Buffer"],"picked":"Echo Form","floor":16},{"not_picked":["Lockon","Darkness"],"picked":"Hologram","floor":18},{"not_picked":["Compile Driver+1","Beam Cell"],"picked":"Gash","floor":24},{"not_picked":["Rebound","Conserve Battery","Steam"],"picked":"SKIP","floor":27},{"not_picked":["Hologram","Hello World+1"],"picked":"Loop","floor":28},{"not_picked":["Barrage","Ball Lightning","Redo"],"picked":"SKIP","floor":30},{"not_picked":["Double Energy+1","Go for the Eyes"],"picked":"Reinforced Body","floor":31},{"not_picked":["Buffer","Machine Learning"],"picked":"Biased Cognition","floor":33},{"not_picked":["Steam","Sweeping Beam","Leap"],"picked":"SKIP","floor":35},{"not_picked":["Chaos","Reprogram"],"picked":"Coolheaded","floor":36},{"not_picked":["Cold Snap","Consume"],"picked":"Reinforced Body+1","floor":38},{"not_picked":["Conserve Battery","Sweeping Beam","Meteor Strike"],"picked":"SKIP","floor":39},{"not_picked":["Hologram","Chaos"],"picked":"Stack","floor":40},{"not_picked":["Barrage","Auto Shields","FTL"],"picked":"SKIP","floor":42},{"not_picked":["Reinforced Body","Rebound+1"],"picked":"Capacitor","floor":45},{"not_picked":["Rebound","Hologram"],"picked":"Barrage","floor":46},{"not_picked":["White Noise","Stack+1","Turbo+1"],"picked":"SKIP","floor":48},{"not_picked":["Reboot","Redo"],"picked":"BootSequence","floor":55}],"player_experience":5428237,"relics_obtained":[{"floor":9,"key":"Darkstone Periapt"},{"floor":13,"key":"Unceasing Top"},{"floor":26,"key":"CaptainsWheel"},{"floor":28,"key":"Eternal Feather"},{"floor":31,"key":"Old Coin"},{"floor":36,"key":"Peace Pipe"},{"floor":40,"key":"Mummified Hand"},{"floor":42,"key":"Ginger"},{"floor":55,"key":"Torii"}],"event_choices":[{"damage_healed":0,"gold_gain":0,"player_choice":"Success","damage_taken":35,"relics_obtained":["Blood Vial"],"max_hp_gain":0,"max_hp_loss":0,"event_name":"Scrap Ooze","floor":2,"gold_loss":0},{"damage_healed":0,"gold_gain":0,"cards_transformed":["Strike_B"],"player_choice":"Transformed","damage_taken":0,"max_hp_gain":0,"max_hp_loss":0,"event_name":"Transmorgrifier","floor":3,"gold_loss":0,"cards_obtained":["BootSequence"]},{"cards_removed":["Strike_B"],"damage_healed":0,"gold_gain":0,"player_choice":"Card Removal","damage_taken":7,"max_hp_gain":0,"max_hp_loss":0,"event_name":"Golden Wing","floor":7,"gold_loss":0},{"damage_healed":0,"gold_gain":0,"player_choice":"Ignored","damage_taken":0,"max_hp_gain":0,"max_hp_loss":0,"event_name":"Shining Light","floor":8,"gold_loss":0},{"damage_healed":0,"gold_gain":0,"player_choice":"1 cards matched","damage_taken":0,"max_hp_gain":0,"max_hp_loss":0,"event_name":"Match and Keep!","floor":10,"gold_loss":0,"cards_obtained":["All For One"]},{"damage_healed":0,"gold_gain":0,"player_choice":"Became a Ghost","damage_taken":0,"max_hp_gain":0,"max_hp_loss":36,"event_name":"Ghosts","floor":19,"gold_loss":0,"cards_obtained":["Ghostly","Ghostly","Ghostly"]},{"damage_healed":0,"gold_gain":0,"player_choice":"Obtained Relic","damage_taken":0,"relics_obtained":["Art of War"],"max_hp_gain":0,"max_hp_loss":0,"event_name":"Addict","floor":20,"gold_loss":85},{"damage_healed":0,"gold_gain":0,"player_choice":"Upgraded","damage_taken":0,"max_hp_gain":0,"max_hp_loss":0,"event_name":"Upgrade Shrine","floor":22,"gold_loss":0,"cards_upgraded":["Ghostly"]},{"damage_healed":0,"gold_gain":0,"player_choice":"Shed Blood","damage_taken":12,"max_hp_gain":5,"max_hp_loss":0,"event_name":"Forgotten Altar","floor":29,"gold_loss":0},{"damage_healed":0,"gold_gain":0,"player_choice":"Fight","damage_taken":0,"max_hp_gain":0,"max_hp_loss":0,"event_name":"MindBloom","floor":36,"gold_loss":0},{"cards_removed":["Gash"],"damage_healed":0,"gold_gain":0,"player_choice":"Removed Attack","damage_taken":0,"max_hp_gain":0,"max_hp_loss":0,"event_name":"Falling","floor":44,"gold_loss":0}],"is_beta":false,"boss_relics":[{"not_picked":["Tiny House","Sozu"],"picked":"SlaversCollar"},{"not_picked":["Calling Bell","Fusion Hammer"],"picked":"Philosopher\u0027s Stone"}],"items_purged_floors":[37,54],"is_endless":false,"potions_floor_spawned":[1,11,16,24,30,33,35,36,40,55],"ascension_level":20}}