{"host":"ap8nepptd6icxyz7","time":1614275612,"event":{"mods":["2.2 Compatiblity","AchievementEnabler","BaseMod","Bestiary","Better Altar","Better Match","Better Note","Better Sensory Stone","Better Skull","Better Third Choice","Better Vampires","Challenge The Spire","Colored Map","Colored Powertips","Colorless Booster Pack","Custom Start","Displayed Cursed Tome","Energized Spire","Faster Ascension Climbing","Hermit","Highlight Path","Jorbs\u0027s Wanderer Trilogy","Marked Mod","Mimic Mod","Minty Spire (QoL Compilation)","Permanent Neow","Quick Restart","Random Character Button","Rare Cards Sparkle","Relic Sorter","Relic Stats","Reliquary","SCP261 Mod","SacredBarkPlus","StSLib","Uncapped"],"gold_per_floor":[118,118,136,21,38,66,66,80,105,105,30,56,42,42,42],"floor_reached":14,"language":"ENG","playtime":722,"items_purged":["Strike_R"],"score":120,"play_id":"0c579c03-bb02-4e20-bd95-0ccd12c3d9f7","local_time":"20210225115332","is_ascension_mode":true,"campfire_choices":[{"data":"Berserk","floor":7.0,"key":"SMITH"},{"floor":10.0,"key":"REST"}],"circlet_count":0,"master_deck":["Strike_R","Strike_R","Strike_R","Defend_R","Defend_R","Defend_R","Defend_R","Bash","Barricade+1","Second Wind+1","Sword Boomerang","Warcry","Metallicize","Shockwave","Berserk+1","Dual Wield","Disarm","Battle Trance"],"relics":["Burning Blood","reliquary:Buckler","Red Skull","Vajra"],"acts_visited":["Exordium"],"potions_floor_usage":[],"damage_taken":[{"damage":3.0,"enemies":"2 Louse","floor":1.0,"turns":3.0},{"damage":10.0,"enemies":"Cultist","floor":3.0,"turns":5.0},{"damage":2.0,"enemies":"Small Slimes","floor":5.0,"turns":4.0},{"damage":32.0,"enemies":"3 Sentries","floor":6.0,"turns":13.0},{"damage":14.0,"enemies":"Exordium Wildlife","floor":8.0,"turns":6.0},{"damage":32.0,"enemies":"Gremlin Nob","floor":12.0,"turns":6.0},{"damage":17.0,"enemies":"Exordium Thugs","floor":13.0,"turns":5.0},{"damage":9,"enemies":"3 Sentries","floor":14,"turns":3}],"seed_played":"6829843000163640674","potions_obtained":[{"floor":3.0,"key":"BlessingOfTheForge"},{"floor":5.0,"key":"BlessingOfTheForge"},{"floor":12.0,"key":"PowerPotion"}],"is_trial":false,"path_per_floor":["M","?","M","$","M","E","R","M","T","R","$","E","M","E"],"character_chosen":"IRONCLAD","items_purchased":["Metallicize","Dual Wield"],"campfire_rested":1,"item_purchase_floors":[4,11],"current_hp_per_floor":[80,80,76,76,80,54,54,46,46,70,70,44,33,24,24],"gold":42,"neow_bonus":"ONE_RANDOM_RARE_CARD","is_daily":false,"chose_seed":false,"campfire_upgraded":1,"win_rate":0.0,"timestamp":1614275612,"path_taken":["M","?","?","?","M","E","R","M","T","R","$","E","M","E"],"items_purchased_type":["Card","Card"],"build_version":"2020-12-22","purchased_purges":1,"victory":false,"max_hp_per_floor":[80,80,80,80,80,80,80,80,80,80,80,80,80,80,80],"relic_stats":{"counters":[8,45],"obtain_stats":[{"Vajra":12,"reliquary:Buckler":6,"Burning Blood":0,"Red Skull":9},{"Vajra":6,"reliquary:Buckler":4,"Burning Blood":0,"Red Skull":5},{"Vajra":37,"reliquary:Buckler":25,"Burning Blood":0,"Red Skull":31}],"Burning Blood":39},"card_choices":[{"not_picked":["Wild Strike","Pummel"],"picked":"Second Wind","floor":1.0},{"not_picked":["Cleave","Twin Strike"],"picked":"Warcry","floor":3.0},{"not_picked":["Sever Soul","Intimidate"],"picked":"Shockwave","floor":5.0},{"not_picked":["Pommel Strike","Heavy Blade"],"picked":"Berserk","floor":6.0},{"not_picked":["Sword Boomerang","Searing Blow","Havoc"],"picked":"SKIP","floor":8.0},{"not_picked":["Shrug It Off","Cleave"],"picked":"Disarm","floor":12.0},{"not_picked":["Twin Strike","Heavy Blade"],"picked":"Battle Trance","floor":13.0}],"player_experience":32197,"relics_obtained":[{"floor":6.0,"key":"reliquary:Buckler"},{"floor":9.0,"key":"Red Skull"},{"floor":12.0,"key":"Vajra"}],"event_choices":[{"damage_healed":0.0,"max_hp_gain":0.0,"max_hp_loss":0.0,"gold_gain":0.0,"cards_transformed":["Strike_R"],"event_name":"Transmorgrifier","player_choice":"Transformed","floor":2.0,"gold_loss":0.0,"damage_taken":0.0,"cards_obtained":["Sword Boomerang"]}],"is_beta":false,"boss_relics":[],"items_purged_floors":[4],"is_endless":false,"potions_floor_spawned":[3,5,12],"killed_by":"3 Sentries","ascension_level":4}}