{"host":"to2s10i0cynxbiqz","time":1614228423,"event":{"mods":["BaseMod","Colored Powertips","Highlight Path","Minty Spire (QoL Compilation)","Quick Restart","StSLib","slay the spire mod where everything is the same but ironclad has a cowboy hat"],"gold_per_floor":[112,127,127,52,52,52,80,80,132,149,163,179,197,229,229,324,324,344,344,344],"floor_reached":19,"language":"ZHS","playtime":783,"items_purged":["Strike_R"],"score":405,"play_id":"e5ecf17d-6ff6-4e62-9f02-0a8fd835718d","local_time":"20210225124703","is_ascension_mode":true,"campfire_choices":[{"data":"Armaments","floor":6.0,"key":"SMITH"},{"data":"Warcry","floor":8.0,"key":"SMITH"},{"data":"Whirlwind","floor":15.0,"key":"SMITH"}],"circlet_count":0,"master_deck":["Bash","Whirlwind+1","Warcry+1","Armaments+1","Combust","Offering+1","Warcry+1","Dark Embrace","Combust","Immolate","Exhume+1","Bloodletting+1","Hemokinesis","Reckless Charge","Bloodletting+1","Warcry+1","Combust"],"relics":["Burning Blood","Toxic Egg 2","Anchor","Blood Vial","Pandora\u0027s Box"],"acts_visited":["Exordium","TheCity"],"potions_floor_usage":[],"damage_taken":[{"damage":11.0,"enemies":"Jaw Worm","floor":1.0,"turns":5.0},{"damage":9.0,"enemies":"Cultist","floor":2.0,"turns":5.0},{"damage":10.0,"enemies":"3 Sentries","floor":7.0,"turns":5.0},{"damage":0.0,"enemies":"2 Louse","floor":10.0,"turns":1.0},{"damage":0.0,"enemies":"Lots of Slimes","floor":11.0,"turns":1.0},{"damage":4.0,"enemies":"Exordium Wildlife","floor":12.0,"turns":4.0},{"damage":10.0,"enemies":"Large Slime","floor":13.0,"turns":5.0},{"damage":31.0,"enemies":"Lagavulin","floor":14.0,"turns":7.0},{"damage":41.0,"enemies":"The Guardian","floor":16.0,"turns":13.0},{"damage":28,"enemies":"Shell Parasite","floor":18,"turns":3},{"damage":0,"enemies":"2 Thieves","floor":19,"turns":1}],"seed_played":"-7964807767818093000","potions_obtained":[{"floor":2.0,"key":"Block Potion"},{"floor":5.0,"key":"LiquidMemories"},{"floor":5.0,"key":"Explosive Potion"},{"floor":7.0,"key":"BloodPotion"},{"floor":13.0,"key":"HeartOfIron"}],"is_trial":false,"path_per_floor":["M","M","?","$","?","R","E","R","T","M","M","M","M","E","R","B",null,"M","M"],"character_chosen":"IRONCLAD","items_purchased":[],"campfire_rested":0,"item_purchase_floors":[],"current_hp_per_floor":[67,64,64,64,64,64,60,60,60,66,72,74,70,61,61,28,67,47,49,49],"gold":344,"neow_bonus":"TRANSFORM_CARD","is_daily":false,"chose_seed":false,"campfire_upgraded":3,"win_rate":0.0,"timestamp":1614228423,"path_taken":["M","M","?","?","?","R","E","R","T","M","M","M","?","E","R","BOSS","M","M"],"items_purchased_type":[],"build_version":"2020-12-22","purchased_purges":1,"victory":false,"max_hp_per_floor":[80,80,80,80,80,80,80,80,80,80,80,80,80,80,80,80,80,80,80,80],"card_choices":[{"not_picked":["Heavy Blade","Dual Wield"],"picked":"Warcry","floor":1.0},{"not_picked":["Body Slam","Clothesline"],"picked":"Armaments","floor":2.0},{"not_picked":["Body Slam","Twin Strike"],"picked":"Offering+1","floor":7.0},{"not_picked":["Heavy Blade","True Grit+1"],"picked":"Warcry+1","floor":10.0},{"not_picked":["Perfected Strike","Heavy Blade","Flex+1"],"picked":"SKIP","floor":11.0},{"not_picked":["Burning Pact+1","Dropkick"],"picked":"Dark Embrace","floor":12.0},{"not_picked":["Sword Boomerang","Clash","Havoc+1"],"picked":"SKIP","floor":13.0},{"not_picked":["Heavy Blade","Carnage"],"picked":"Combust","floor":14.0},{"not_picked":["Corruption","Bludgeon"],"picked":"Immolate","floor":16.0},{"not_picked":["Twin Strike","Searing Blow"],"picked":"Combust","floor":18}],"player_experience":211622,"relics_obtained":[{"floor":7.0,"key":"Toxic Egg 2"},{"floor":9.0,"key":"Anchor"},{"floor":14.0,"key":"Blood Vial"}],"event_choices":[{"damage_healed":0.0,"max_hp_gain":0.0,"max_hp_loss":0.0,"gold_gain":0.0,"cards_transformed":["Strike_R"],"event_name":"Transmorgrifier","player_choice":"Transformed","floor":3.0,"gold_loss":0.0,"damage_taken":0.0,"cards_obtained":["Combust"]},{"damage_healed":0.0,"max_hp_gain":0.0,"max_hp_loss":0.0,"gold_gain":0.0,"event_name":"Lab","player_choice":"Got Potions","floor":5.0,"gold_loss":0.0,"damage_taken":0.0}],"is_beta":false,"boss_relics":[{"not_picked":["Runic Cube","Coffee Dripper"],"picked":"Pandora\u0027s Box"}],"items_purged_floors":[4],"is_endless":false,"potions_floor_spawned":[2,7,11,13],"killed_by":"2 Thieves","ascension_level":9}}