{"host":"2myxm4ogqgjbicg6","time":1614212953,"event":{"mods":["Aspiration","BaseMod","Colored Powertips","DeckTracker","GifTheSpireLib","Ironclad Rager","Minty Spire (QoL Compilation)","Quick Restart","StSLib","Stuff the Spire","SuperFastMode","The IronCluck","[IsaacMod]????"],"gold_per_floor":[117,45,58,58,74,74,129,146,146,146,146,222,222,222,222,325,325,336,336,100,15,27,27,69,95,176,176,201,57,57,89,89,89,89],"floor_reached":33,"language":"ENG","playtime":737,"items_purged":["Regret"],"score":421,"play_id":"de48313a-fb70-4730-9359-e71eb5664058","local_time":"20210225002913","is_ascension_mode":true,"campfire_choices":[{"data":"Carnage","floor":6,"key":"SMITH"},{"data":"Fire Breathing","floor":13,"key":"SMITH"},{"floor":15,"key":"REST"},{"data":"Flame Barrier","floor":23,"key":"SMITH"},{"floor":27,"key":"REST"},{"data":"Infernal Blade","floor":30,"key":"SMITH"},{"floor":32,"key":"REST"}],"circlet_count":0,"master_deck":["AscendersBane","Strike_R","Strike_R","Strike_R","Strike_R","Strike_R","Defend_R","Defend_R","Defend_R","Defend_R","Bash","BettingIsNotGood","Carnage+1","Fire Breathing+1","Carnage","Clash","Parasite","Immolate","Flame Barrier+1","Ghostly Armor","Reckless Charge","Shockwave+1","Infernal Blade+1","Shrug It Off+1"],"relics":["Burning Blood","HushsDoor","Happy Flower","GuppysTail","TheBean","The Courier","GnawedLeaf","StuffTheSpire:RedRose","aspiration:PoetsPen_weak","Unceasing Top","BelialBook","Matryoshka","MealTicket","aspiration:StickyExplosives_weak","Pantograph","StuffTheSpire:Gunfinga"],"acts_visited":["Exordium","TheCity"],"potions_floor_usage":[7,16,18,24,25,33],"damage_taken":[{"damage":1,"enemies":"Cultist","floor":1,"turns":3},{"damage":9,"enemies":"Jaw Worm","floor":3,"turns":3},{"damage":0,"enemies":"2 Louse","floor":5,"turns":2},{"damage":35,"enemies":"Gremlin Nob","floor":7,"turns":4},{"damage":16,"enemies":"Exordium Wildlife","floor":8,"turns":3},{"damage":77,"enemies":"Hexaghost","floor":16,"turns":9},{"damage":4,"enemies":"Spheric Guardian","floor":18,"turns":3},{"damage":7,"enemies":"Chosen","floor":22,"turns":3},{"damage":43,"enemies":"Slavers","floor":24,"turns":5},{"damage":2,"enemies":"Shelled Parasite and Fungi","floor":25,"turns":2},{"damage":20,"enemies":"Chosen and Byrds","floor":28,"turns":4},{"damage":11,"enemies":"Centurion and Healer","floor":31,"turns":4},{"damage":89,"enemies":"Automaton","floor":33,"turns":6}],"seed_played":"-1279514701938487746","potions_obtained":[{"floor":3,"key":"ColorlessPotion"},{"floor":8,"key":"Explosive Potion"},{"floor":16,"key":"Fire Potion"},{"floor":22,"key":"Regen Potion"},{"floor":24,"key":"AttackPotion"},{"floor":25,"key":"Swift Potion"}],"is_trial":false,"path_per_floor":["M","$","M","$","M","R","E","M","T","?","?","T","R","?","R","B",null,"M","T","$","?","M","R","E","M","T","R","M","$","R","M","R","B"],"character_chosen":"IRONCLAD","items_purchased":["Fire Breathing","Flame Barrier","BelialBook","StuffTheSpire:Gunfinga","Infernal Blade"],"campfire_rested":3,"item_purchase_floors":[2,20,20,29,29],"current_hp_per_floor":[77,77,74,74,80,80,52,42,42,42,62,62,62,62,80,12,63,65,65,65,65,64,64,41,45,45,69,55,70,70,65,80,0,0],"gold":89,"neow_bonus":"RANDOM_COMMON_RELIC","is_daily":false,"chose_seed":false,"campfire_upgraded":4,"win_rate":0.0,"timestamp":1614212953,"path_taken":["M","$","M","?","M","R","E","M","T","?","?","?","R","?","R","BOSS","M","?","$","?","M","R","E","M","T","R","M","$","R","M","R","BOSS"],"items_purchased_type":["Card","Card","Relic","Relic","Card"],"build_version":"2020-12-22","purchased_purges":1,"victory":false,"max_hp_per_floor":[80,80,80,80,80,80,80,80,80,80,80,80,80,80,80,80,80,80,80,80,80,80,80,80,80,80,80,80,80,80,80,80,80,80],"card_choices":[{"not_picked":[],"picked":"BettingIsNotGood","floor":0},{"not_picked":["Pommel Strike","Spot Weakness"],"picked":"Carnage","floor":1},{"not_picked":["Wild Strike","StuffTheSpire:BloodClot","True Grit"],"picked":"SKIP","floor":3},{"not_picked":["Offering","StuffTheSpire:RockThrow"],"picked":"Combust","floor":5},{"not_picked":["StuffTheSpire:Slingshot","True Grit"],"picked":"Carnage","floor":7},{"not_picked":["True Grit","Pommel Strike"],"picked":"Clash","floor":8},{"not_picked":["Exhume","Offering"],"picked":"Immolate","floor":16},{"not_picked":["StuffTheSpire:Incineration","Perfected Strike","StuffTheSpire:RagingBull"],"picked":"SKIP","floor":18},{"not_picked":["Entrench+1","Combust"],"picked":"Ghostly Armor","floor":22},{"not_picked":["Dropkick","True Grit"],"picked":"Reckless Charge","floor":24},{"not_picked":["Combust","StuffTheSpire:Incineration"],"picked":"Shockwave+1","floor":25},{"not_picked":["Clothesline","StuffTheSpire:Slingshot","Havoc"],"picked":"SKIP","floor":28},{"not_picked":["StuffTheSpire:Resist","Body Slam"],"picked":"Shrug It Off+1","floor":31}],"player_experience":435379,"relics_obtained":[{"floor":7,"key":"TheBean"},{"floor":9,"key":"The Courier"},{"floor":12,"key":"GnawedLeaf"},{"floor":19,"key":"Unceasing Top"},{"floor":24,"key":"MealTicket"},{"floor":26,"key":"aspiration:StickyExplosives_weak"},{"floor":26,"key":"Pantograph"}],"event_choices":[{"cards_removed":["Combust"],"damage_healed":0,"gold_gain":0,"player_choice":"Purged","damage_taken":0,"max_hp_gain":0,"max_hp_loss":0,"event_name":"Purifier","floor":10,"gold_loss":0},{"damage_healed":20,"gold_gain":0,"player_choice":"Healed and dodged fight","damage_taken":0,"max_hp_gain":0,"max_hp_loss":0,"event_name":"Mushrooms","floor":11,"gold_loss":0,"cards_obtained":["Parasite"]},{"damage_healed":0,"gold_gain":0,"player_choice":"Obtained Relic","damage_taken":0,"relics_obtained":["Matryoshka"],"max_hp_gain":0,"max_hp_loss":0,"event_name":"Addict","floor":21,"gold_loss":85}],"is_beta":false,"boss_relics":[{"not_picked":["aspiration:FutureDiary","Coffee Dripper"],"picked":"aspiration:PoetsPen_weak"},{"not_picked":[]}],"items_purged_floors":[20],"is_endless":false,"potions_floor_spawned":[3,8,16,22,24,25],"killed_by":"Automaton","ascension_level":12}}