{"host":"2vsfvi9pm0ilma55","time":1614218995,"event":{"mods":["BaseMod","Bestiary","Highlight Path","Minty Spire (QoL Compilation)","Relic Stats","StSLib","The Marked","The Warlock"],"gold_per_floor":[117,42,57,73,83,117,132,132,157,183,183,193,225,225,225,225,225],"floor_reached":16,"language":"ENG","playtime":881,"items_purged":[],"score":244,"play_id":"f64c47ef-9dc3-48e0-8069-d31fa388958a","local_time":"20210224180955","is_ascension_mode":true,"campfire_choices":[{"floor":8.0,"key":"REST"},{"data":"Ritualist:SummonAgiel","floor":11.0,"key":"SMITH"},{"data":"Ritualist:TwinWave","floor":15.0,"key":"SMITH"}],"circlet_count":0,"master_deck":["AscendersBane","Ritualist:StrikeMagenta","Ritualist:StrikeMagenta","Ritualist:StrikeMagenta","Ritualist:DefendMagenta","Ritualist:DefendMagenta","Ritualist:DefendMagenta","Ritualist:DefendMagenta","Ritualist:InitiationRite","Ritualist:SummonAgiel+1","Ritualist:Repatriate","Ritualist:Tenderize","Ritualist:ImpFeast","Ritualist:TwinWave+1","Ritualist:BookOfNames","Ritualist:LongCon","Ritualist:QuietMeditation","Ritualist:FuturePlans","Ritualist:RitualBloodletter","Ritualist:SpreadingCurse"],"relics":["Philosopher\u0027s Stone","Tiny Chest","Bag of Preparation","Anchor","Bronze Scales"],"acts_visited":["Exordium"],"potions_floor_usage":[16,16],"damage_taken":[{"damage":0.0,"enemies":"Small Slimes","floor":1.0,"turns":4.0},{"damage":8.0,"enemies":"2 Louse","floor":3.0,"turns":2.0},{"damage":0.0,"enemies":"Cultist","floor":4.0,"turns":3.0},{"damage":2.0,"enemies":"Large Slime","floor":5.0,"turns":4.0},{"damage":25.0,"enemies":"Lagavulin","floor":6.0,"turns":5.0},{"damage":0.0,"enemies":"2 Fungi Beasts","floor":7.0,"turns":2.0},{"damage":13.0,"enemies":"Gremlin Nob","floor":10.0,"turns":3.0},{"damage":2.0,"enemies":"Looter","floor":12.0,"turns":2.0},{"damage":7.0,"enemies":"3 Sentries","floor":13.0,"turns":4.0},{"damage":49,"enemies":"Slime Boss","floor":16,"turns":7}],"seed_played":"-737308387011564684","potions_obtained":[{"floor":3.0,"key":"SkillPotion"},{"floor":5.0,"key":"Energy Potion"},{"floor":6.0,"key":"DuplicationPotion"},{"floor":12.0,"key":"FearPotion"}],"is_trial":false,"path_per_floor":["M","?","M","M","M","E","M","R","T","E","R","M","E","?","R","B"],"character_chosen":"RITUALIST","items_purchased":[],"campfire_rested":1,"item_purchase_floors":[],"current_hp_per_floor":[67,67,59,59,57,32,32,54,54,41,41,39,32,37,37,0,0],"gold":225,"neow_bonus":"BOSS_RELIC","is_daily":false,"chose_seed":false,"campfire_upgraded":2,"win_rate":0.0,"timestamp":1614218995,"path_taken":["M","?","M","M","M","E","M","R","T","E","R","M","E","?","R","BOSS"],"items_purchased_type":[],"build_version":"2020-12-22","purchased_purges":0,"victory":false,"max_hp_per_floor":[74,74,74,74,74,74,74,74,74,74,74,74,74,79,79,79,79],"relic_stats":{"counters":[10,35],"Bronze Scales":[9],"Tiny Chest":0,"Bag of Preparation":[8],"obtain_stats":[{"Anchor":10,"Bronze Scales":13,"Philosopher\u0027s Stone":0,"Tiny Chest":6,"Bag of Preparation":9,"Ritualist:StarterRelic":0},{"Anchor":7,"Bronze Scales":9,"Philosopher\u0027s Stone":0,"Tiny Chest":5,"Bag of Preparation":6,"Ritualist:StarterRelic":0},{"Anchor":22,"Bronze Scales":28,"Philosopher\u0027s Stone":0,"Tiny Chest":17,"Bag of Preparation":19,"Ritualist:StarterRelic":0}]},"card_choices":[{"not_picked":["Ritualist:SoulOpening","Ritualist:ShallowCut"],"picked":"Ritualist:Tenderize","floor":1.0},{"not_picked":["Ritualist:LongCon","Ritualist:DeadlyVelocity"],"picked":"Ritualist:ImpFeast","floor":3.0},{"not_picked":["Ritualist:CutOut","Ritualist:SpreadingCurse"],"picked":"Ritualist:TwinWave","floor":4.0},{"not_picked":["Ritualist:SummonRerek","Ritualist:BurstParasite"],"picked":"Ritualist:BookOfNames","floor":5.0},{"not_picked":["Ritualist:WinningGambit","Ritualist:StrategicCut"],"picked":"Ritualist:LongCon","floor":6.0},{"not_picked":["Ritualist:DarkRitual","Ritualist:BookOfNames"],"picked":"Ritualist:QuietMeditation","floor":7.0},{"not_picked":["Ritualist:SummonNergal","Ritualist:SummonMaat"],"picked":"Ritualist:FuturePlans","floor":10.0},{"not_picked":["Ritualist:QuietMeditation","Ritualist:SmokeRises"],"picked":"Ritualist:RitualBloodletter","floor":12.0},{"not_picked":["Ritualist:IndKnifing","Ritualist:Retreat"],"picked":"Ritualist:SpreadingCurse","floor":13.0}],"player_experience":622767,"relics_obtained":[{"floor":6.0,"key":"Tiny Chest"},{"floor":9.0,"key":"Bag of Preparation"},{"floor":10.0,"key":"Anchor"},{"floor":13.0,"key":"Bronze Scales"}],"event_choices":[{"cards_removed":["Ritualist:StrikeMagenta"],"damage_healed":0.0,"max_hp_gain":0.0,"max_hp_loss":0.0,"gold_gain":0.0,"event_name":"The Cleric","player_choice":"Card Removal","floor":2.0,"gold_loss":75.0,"damage_taken":0.0},{"damage_healed":0.0,"max_hp_gain":5.0,"max_hp_loss":0.0,"gold_gain":0.0,"event_name":"Big Fish","player_choice":"Donut","floor":14.0,"gold_loss":0.0,"damage_taken":0.0}],"is_beta":false,"boss_relics":[],"items_purged_floors":[],"is_endless":false,"potions_floor_spawned":[3,5,6,12],"killed_by":"Slime Boss","ascension_level":20}}