{"host":"wbn3xdfsa5pc2kse","time":1614255953,"event":{"mods":["AchievementEnabler","BaseMod","Bestiary","Colored Map","Colored Powertips","Curses Come First","Highlight Path","Minty Spire (QoL Compilation)","Permanent Neow","Rare Cards Sparkle","Relic Stats","StSLib"],"gold_per_floor":[114,134,151,165,50,50,88,88,114,114,150,150,176,196,196,279,279,301,25,25,25,49,92,92,127,127,127,155,155,155,31,31,113,113,129,4,33,33,48,88,88,19,19,53,53,82,105,147,147,147,147,147],"floor_reached":51,"language":"ZHT","playtime":2700,"items_purged":["Strike_P","Strike_P","Defend_P"],"score":1456,"play_id":"31af1a04-d153-4487-95c8-88d0cc65204b","local_time":"20210225202553","is_ascension_mode":true,"campfire_choices":[{"data":"Eruption","floor":6.0,"key":"SMITH"},{"data":"CrushJoints","floor":8.0,"key":"SMITH"},{"data":"Omniscience","floor":12.0,"key":"SMITH"},{"data":"MentalFortress","floor":15.0,"key":"SMITH"},{"data":"WaveOfTheHand","floor":24,"key":"SMITH"},{"data":"Adaptation","floor":27,"key":"SMITH"},{"data":"Wallop","floor":29,"key":"SMITH"},{"data":"Meditate","floor":32,"key":"SMITH"},{"data":"Wireheading","floor":41,"key":"SMITH"},{"data":"InnerPeace","floor":45,"key":"SMITH"},{"data":"ForeignInfluence","floor":49,"key":"SMITH"}],"circlet_count":0,"master_deck":["AscendersBane","Defend_P","Defend_P","Eruption+1","Vigilance","CrushJoints+1","EmptyFist","Consecrate","FlurryOfBlows","MentalFortress+1","ForeignInfluence+1","Omniscience+1","WaveOfTheHand+1","DevaForm","Swivel","InnerPeace+1","CutThroughFate","Wireheading+1","Adaptation+1","Wallop+1","Meditate+1","DeusExMachina","ClearTheMind","Weave+1","CutThroughFate","FollowUp","JustLucky+1","FlurryOfBlows+1","Protect+1"],"relics":["Coffee Dripper","CeramicFish","Blood Vial","Omamori","Calling Bell","Bag of Marbles","TeardropLocket","Ginger","Ornamental Fan","Oddly Smooth Stone","Anchor","Bottled Tornado","Empty Cage","Thread and Needle","Kunai","Du-Vu Doll","Toxic Egg 2"],"acts_visited":["Exordium","TheCity","TheBeyond"],"potions_floor_usage":[23,23,23,25,25,33,39,40,46,48,48],"damage_taken":[{"damage":0.0,"enemies":"Small Slimes","floor":1.0,"turns":2.0},{"damage":2.0,"enemies":"Jaw Worm","floor":2.0,"turns":4.0},{"damage":0.0,"enemies":"Cultist","floor":3.0,"turns":2.0},{"damage":3.0,"enemies":"Large Slime","floor":4.0,"turns":4.0},{"damage":8.0,"enemies":"Lagavulin","floor":7.0,"turns":5.0},{"damage":15.0,"enemies":"3 Sentries","floor":11.0,"turns":6.0},{"damage":0.0,"enemies":"3 Louse","floor":13.0,"turns":2.0},{"damage":3.0,"enemies":"Exordium Thugs","floor":14.0,"turns":4.0},{"damage":27.0,"enemies":"The Guardian","floor":16.0,"turns":12.0},{"damage":17.0,"enemies":"Shell Parasite","floor":18.0,"turns":5.0},{"damage":0.0,"enemies":"Spheric Guardian","floor":22.0,"turns":4.0},{"damage":8,"enemies":"Slavers","floor":23,"turns":5},{"damage":32,"enemies":"Book of Stabbing","floor":25,"turns":7},{"damage":0,"enemies":"Centurion and Healer","floor":28,"turns":6},{"damage":7,"enemies":"Champ","floor":33,"turns":9},{"damage":0,"enemies":"Orb Walker","floor":35,"turns":2},{"damage":0,"enemies":"3 Darklings","floor":37,"turns":4},{"damage":29,"enemies":"Transient","floor":39,"turns":6},{"damage":5,"enemies":"Giant Head","floor":40,"turns":7},{"damage":0,"enemies":"Mind Bloom Boss Battle","floor":44,"turns":7},{"damage":7,"enemies":"Spire Growth","floor":46,"turns":4},{"damage":0,"enemies":"Sphere and 2 Shapes","floor":47,"turns":3},{"damage":0,"enemies":"Reptomancer","floor":48,"turns":5},{"damage":23,"enemies":"Awakened One","floor":50,"turns":13},{"damage":8,"enemies":"Donu and Deca","floor":51,"turns":2}],"seed_played":"-5206653342703572882","potions_obtained":[{"floor":1.0,"key":"BlessingOfTheForge"},{"floor":2.0,"key":"AttackPotion"},{"floor":22.0,"key":"EntropicBrew"},{"floor":23,"key":"Energy Potion"},{"floor":33,"key":"PowerPotion"},{"floor":37,"key":"EssenceOfSteel"},{"floor":38,"key":"FearPotion"},{"floor":44,"key":"Explosive Potion"},{"floor":46,"key":"Block Potion"}],"is_trial":false,"path_per_floor":["M","M","M","M","$","R","E","R","T","?","E","R","M","M","R","B",null,"M","$","?","T","M","E","R","E","T","R","M","R","?","$","R","B",null,"M","$","M","?","M","E","R","$","T","?","R","M","M","E","R","B","B"],"character_chosen":"WATCHER","items_purchased":["MentalFortress","InnerPeace","PowerPotion","Block Potion","Meditate","Dexterity Potion","CutThroughFate","Swift Potion"],"campfire_rested":0,"item_purchase_floors":[5,19,19,19,31,31,42,42],"current_hp_per_floor":[61,59,59,56,56,56,48,48,48,48,35,35,37,36,36,11,54,39,39,39,39,41,35,35,5,5,5,7,7,7,7,7,2,52,54,54,56,56,29,26,26,26,26,28,28,23,25,27,27,6,0,0],"gold":147,"neow_bonus":"BOSS_RELIC","is_daily":false,"chose_seed":false,"campfire_upgraded":11,"win_rate":0.0,"timestamp":1614255953,"path_taken":["M","M","M","M","$","R","E","R","T","?","E","R","M","M","R","BOSS","M","$","?","?","M","E","R","E","T","R","M","R","?","?","R","BOSS","M","$","M","?","M","E","R","?","T","?","R","M","M","E","R","BOSS","BOSS"],"items_purchased_type":["Card","Card","Potion","Potion","Card","Potion","Card","Potion"],"build_version":"2020-12-22","purchased_purges":3,"victory":false,"max_hp_per_floor":[68,68,68,68,68,68,68,68,68,68,68,68,68,68,68,68,68,68,68,68,68,68,68,68,68,68,68,68,68,68,68,68,68,68,68,68,68,68,68,68,68,68,68,68,68,68,68,68,68,68,68,68],"relic_stats":{"Blood Vial":40,"counters":[25,130],"Ornamental Fan":[324],"CeramicFish":171,"Ginger":[9],"Kunai":[42],"obtain_stats":[{"CeramicFish":7,"Oddly Smooth Stone":23,"Thread and Needle":40,"Omamori":11,"TeardropLocket":17,"Ginger":17,"Bottled Tornado":26,"Empty Cage":34,"Blood Vial":9,"Calling Bell":17,"Du-Vu Doll":44,"Anchor":25,"Ornamental Fan":21,"Coffee Dripper":0,"Bag of Marbles":17,"Kunai":43,"PureWater":0,"Toxic Egg 2":48},{"CeramicFish":5,"Oddly Smooth Stone":12,"Thread and Needle":19,"Omamori":6,"TeardropLocket":9,"Ginger":9,"Bottled Tornado":13,"Empty Cage":15,"Blood Vial":5,"Calling Bell":9,"Du-Vu Doll":20,"Anchor":13,"Ornamental Fan":10,"Coffee Dripper":0,"Bag of Marbles":9,"Kunai":19,"PureWater":0,"Toxic Egg 2":23},{"CeramicFish":17,"Oddly Smooth Stone":55,"Thread and Needle":96,"Omamori":23,"TeardropLocket":41,"Ginger":41,"Bottled Tornado":62,"Empty Cage":77,"Blood Vial":17,"Calling Bell":41,"Du-Vu Doll":103,"Anchor":62,"Ornamental Fan":46,"Coffee Dripper":0,"Bag of Marbles":41,"Kunai":96,"PureWater":0,"Toxic Egg 2":115}]},"card_choices":[{"not_picked":["Vengeance","Collect"],"picked":"CrushJoints","floor":1.0},{"not_picked":["CrushJoints","FlurryOfBlows"],"picked":"EmptyFist","floor":2.0},{"not_picked":["CrushJoints","CutThroughFate"],"picked":"Consecrate","floor":3.0},{"not_picked":["BowlingBash","EmptyFist"],"picked":"FlurryOfBlows","floor":4.0},{"not_picked":["Protect","ConjureBlade"],"picked":"ForeignInfluence","floor":7.0},{"not_picked":["EmptyBody","Consecrate"],"picked":"Omniscience","floor":11.0},{"not_picked":["CarveReality","SashWhip"],"picked":"WaveOfTheHand","floor":13.0},{"not_picked":["Halt","Prostrate","PathToVictory"],"picked":"SKIP","floor":14.0},{"not_picked":["Brilliance","Alpha"],"picked":"DevaForm","floor":16.0},{"not_picked":["Evaluate","FollowUp"],"picked":"Swivel","floor":18.0},{"not_picked":["Halt","ClearTheMind"],"picked":"CutThroughFate","floor":22.0},{"not_picked":["SandsOfTime","Prostrate"],"picked":"Wireheading","floor":23},{"not_picked":["MasterReality","Swivel"],"picked":"Adaptation","floor":25},{"not_picked":["Pray","Evaluate"],"picked":"Wallop","floor":28},{"not_picked":["SpiritShield","Judgement"],"picked":"DeusExMachina","floor":33},{"not_picked":["CrushJoints+1","Conclude","Collect"],"picked":"SKIP","floor":35},{"not_picked":["ThirdEye","Sanctity"],"picked":"ClearTheMind","floor":37},{"not_picked":["SashWhip","BowlingBash+1","Halt"],"picked":"SKIP","floor":39},{"not_picked":["Worship","DevaForm"],"picked":"Weave+1","floor":40},{"not_picked":["DeceiveReality","Consecrate"],"picked":"FollowUp","floor":44},{"not_picked":["Study","ReachHeaven"],"picked":"JustLucky+1","floor":46},{"not_picked":["Pray","Halt+1"],"picked":"FlurryOfBlows+1","floor":47},{"not_picked":["JustLucky","BattleHymn"],"picked":"Protect+1","floor":48}],"player_experience":880794,"relics_obtained":[{"floor":7.0,"key":"CeramicFish"},{"floor":9.0,"key":"Blood Vial"},{"floor":11.0,"key":"Omamori"},{"floor":17.0,"key":"Bag of Marbles"},{"floor":17.0,"key":"TeardropLocket"},{"floor":17.0,"key":"Ginger"},{"floor":21.0,"key":"Ornamental Fan"},{"floor":23,"key":"Oddly Smooth Stone"},{"floor":25,"key":"Anchor"},{"floor":26,"key":"Bottled Tornado"},{"floor":40,"key":"Thread and Needle"},{"floor":43,"key":"Kunai"},{"floor":44,"key":"Du-Vu Doll"},{"floor":48,"key":"Toxic Egg 2"}],"event_choices":[{"cards_removed":["Strike_P"],"damage_healed":0.0,"max_hp_gain":0.0,"max_hp_loss":0.0,"gold_gain":0.0,"event_name":"Living Wall","player_choice":"Forget","floor":10.0,"gold_loss":0.0,"damage_taken":0.0},{"damage_healed":0.0,"max_hp_gain":0.0,"max_hp_loss":0.0,"gold_gain":0.0,"event_name":"Forgotten Altar","player_choice":"Smashed Altar","floor":20.0,"gold_loss":0.0,"damage_taken":0.0,"cards_obtained":["Decay"]},{"damage_healed":0,"gold_gain":0,"player_choice":"Ignored","damage_taken":0,"max_hp_gain":0,"max_hp_loss":0,"event_name":"Ghosts","floor":30,"gold_loss":0},{"damage_healed":0,"gold_gain":0,"player_choice":"Got Potions","damage_taken":0,"max_hp_gain":0,"max_hp_loss":0,"event_name":"Lab","floor":38,"gold_loss":0},{"damage_healed":0,"gold_gain":0,"player_choice":"Fight","damage_taken":0,"max_hp_gain":0,"max_hp_loss":0,"event_name":"MindBloom","floor":44,"gold_loss":0}],"is_beta":false,"boss_relics":[{"not_picked":["SlaversCollar","Runic Pyramid"],"picked":"Calling Bell"},{"not_picked":["Runic Dome","Tiny House"],"picked":"Empty Cage"}],"items_purged_floors":[5,19,36],"is_endless":false,"potions_floor_spawned":[1,2,4,22,23,33,37,44,46,47],"killed_by":"Donu and Deca","ascension_level":20}}