{"host":"f7915vm1ahl7kex1","time":1614280688,"event":{"mods":["BaseMod","Colored Map","Downfall","Minty Spire (QoL Compilation)","Quick Restart","Spire Arcade","StSLib"],"gold_per_floor":[99,99,99,99,99,99,148,148,187,27,36,220,241,280,290,404,404,404,438,315,354,374,112,112,221,239,357,394,439,464,490,525,525,525,525],"floor_reached":33,"language":"ENG","playtime":1995,"items_purged":["downfall:Haunted","Doubt"],"score":368,"play_id":"9151b8b5-26b2-4282-94b7-8b4803a5aa1d","local_time":"20210225131808","is_ascension_mode":false,"campfire_choices":[{"data":"bronze:Format","floor":6.0,"key":"SMITH"},{"floor":18.0,"key":"RECALL"}],"circlet_count":0,"master_deck":["sneckomod:Strike+1","sneckomod:Defend","sneckomod:Defend","sneckomod:Defend","sneckomod:SnekBite+1","bronze:Format+1","sneckomod:QuickBite","sneckomod:WideSting","sneckomod:UnknownX","sneckomod:UnknownStrength","Guardian:StasisStrike","sneckomod:MorePower+1","sneckomod:UnknownBoss+1","sneckomod:UnknownDexterity+1","sneckomod:UnknownRareSkill","sneckomod:UnknownUncommonPower+1","sneckomod:UnknownUncommonAttack+1","sneckomod:UnknownBlock+1","sneckomod:QuickMove","sneckomod:UnknownDexterity+1","sneckomod:SoulRoll","sneckomod:Unknown3Cost","sneckomod:UnknownRarePower+1","sneckomod:UnknownRareAttack+1","sneckomod:SoulRoll","sneckomod:UnknownUncommonPower+1","sneckomod:UnknownClassTHE_BRONZE_AUTOMATON+1","hexamod:SixthSeal","bronze:FunctionCard","sneckomod:UnknownUncommonPower+1","sneckomod:QuickMove+1","sneckomod:Rotation+1","sneckomod:UnknownUncommonAttack+1","sneckomod:SoulRoll+1","hexamod:FourthSeal","hexamod:SecondSeal","sneckomod:QuickMove"],"relics":["sneckomod:SneckoSoul","downfall:HeartsMalice","Potion Belt","CeramicFish","Sling","Letter Opener","Cursed Key","Membership Card","Bird Faced Urn","HornCleat","downfall:GremlinWheel","Bag of Preparation","Whetstone"],"acts_visited":["Exordium","TheCity"],"potions_floor_usage":[30,33,33],"damage_taken":[{"damage":0.0,"enemies":"2 Louse","floor":2.0,"turns":1.0},{"damage":0.0,"enemies":"Cultist","floor":3.0,"turns":1.0},{"damage":0.0,"enemies":"Jaw Worm","floor":5.0,"turns":1.0},{"damage":0.0,"enemies":"Lagavulin","floor":9.0,"turns":6.0},{"damage":5.0,"enemies":"downfall:FleeingMerchant","floor":10.0,"turns":4.0},{"damage":9.0,"enemies":"Blue Slaver","floor":13.0,"turns":3.0},{"damage":22.0,"enemies":"3 Sentries","floor":14.0,"turns":6.0},{"damage":12.0,"enemies":"3 Louse","floor":15.0,"turns":4.0},{"damage":20.0,"enemies":"SI_SHIV_ARCHETYPE","floor":16.0,"turns":7.0},{"damage":14.0,"enemies":"3 Byrds","floor":19.0,"turns":5.0},{"damage":0.0,"enemies":"downfall:FleeingMerchant","floor":20.0,"turns":4.0},{"damage":23.0,"enemies":"Chosen","floor":21.0,"turns":6.0},{"damage":46.0,"enemies":"Snake Plant","floor":22.0,"turns":6.0},{"damage":0.0,"enemies":"downfall:FleeingMerchant","floor":23.0,"turns":4.0},{"damage":0.0,"enemies":"Colosseum Nobs","floor":25.0,"turns":3.0},{"damage":4.0,"enemies":"Centurion and Healer","floor":26.0,"turns":7.0},{"damage":10,"enemies":"Centurion and Healer","floor":27,"turns":6},{"damage":14,"enemies":"Slavers","floor":28,"turns":3},{"damage":9,"enemies":"3 Cultists","floor":29,"turns":7},{"damage":17,"enemies":"Snake Plant","floor":30,"turns":4},{"damage":24,"enemies":"Book of Stabbing","floor":31,"turns":6},{"damage":0,"enemies":"Centurion and Healer","floor":32,"turns":6},{"damage":45,"enemies":"DF_ARCHETYPE_CLAW","floor":33,"turns":5}],"seed_played":"3622072685265640942","potions_obtained":[{"floor":9.0,"key":"Fire Potion"},{"floor":13.0,"key":"sneckomod:MuddlingPotion"},{"floor":16.0,"key":"GamblersBrew"},{"floor":19.0,"key":"Strength Potion"},{"floor":28,"key":"sneckomod:OffclassReductionPotion"},{"floor":29,"key":"AttackPotion"},{"floor":32,"key":"EssenceOfSteel"},{"floor":32,"key":"GamblersBrew"}],"is_trial":false,"path_per_floor":["R","M","M","?","M","R","T","?","E","$","R","?","M","E","M","B",null,"R","M","$","M","M","$","T","?","M","?","E","M","M","E","M","B"],"character_chosen":"THE_SNECKO","items_purchased":["Sling","sneckomod:QuickMove","Membership Card","Guardian:BlockOnCardUsePotion","Block Potion"],"campfire_rested":0,"item_purchase_floors":[10,20,23,23,23],"current_hp_per_floor":[90,90,90,90,90,90,90,78,78,73,73,73,64,42,30,10,90,90,76,76,53,7,7,7,7,13,29,19,26,21,9,29,0,0,0],"gold":525,"neow_bonus":"THREE_ENEMY_KILL","is_daily":false,"chose_seed":false,"campfire_upgraded":1,"win_rate":0.0,"timestamp":1614280688,"path_taken":["R","M","M","?","?","R","T","?","E","$","R","?","M","E","M","BOSS","R","M","$","M","M","$","T","?","M","?","E","?","M","E","M","BOSS"],"items_purchased_type":["Relic","Card","Relic","Potion","Potion"],"build_version":"2020-12-22","purchased_purges":2,"victory":false,"max_hp_per_floor":[90,90,90,90,90,90,90,90,90,90,90,90,90,90,90,90,90,90,90,90,90,90,90,90,90,90,90,90,90,90,90,90,90,90,90],"card_choices":[{"not_picked":["sneckomod:UnknownWeak","sneckomod:PureSnecko"],"picked":"sneckomod:QuickBite","floor":2.0},{"not_picked":["sneckomod:DiceBlock","sneckomod:UnknownCommonSkill"],"picked":"sneckomod:WideSting","floor":3.0},{"not_picked":["sneckomod:Unknown1Cost","sneckomod:IronFang","sneckomod:UnknownCommonAttack"],"picked":"SKIP","floor":5.0},{"not_picked":["sneckomod:UnknownDraw","sneckomod:UnknownCommonAttack"],"picked":"sneckomod:UnknownX","floor":9.0},{"not_picked":["sneckomod:RainOfDice","sneckomod:UnknownUncommonPower"],"picked":"sneckomod:UnknownStrength","floor":10.0},{"not_picked":["sneckomod:UnknownBlock","sneckomod:Unknown1Cost"],"picked":"sneckomod:MorePower","floor":13.0},{"not_picked":["sneckomod:Unknown1Cost+1","sneckomod:Unknown0Cost+1"],"picked":"sneckomod:UnknownBoss+1","floor":14.0},{"not_picked":["sneckomod:DiceBlock","sneckomod:IronFang","sneckomod:Unknown1Cost"],"picked":"SKIP","floor":14.0},{"not_picked":["sneckomod:UnknownExhaust","sneckomod:UnknownDraw","sneckomod:Unknown2Cost"],"picked":"SKIP","floor":15.0},{"not_picked":["sneckomod:Unknown1Cost+1","sneckomod:UnknownExhaust+1"],"picked":"sneckomod:UnknownDexterity+1","floor":16.0},{"not_picked":["sneckomod:SerpentMind","sneckomod:Cheat"],"picked":"sneckomod:UnknownRareSkill","floor":16.0},{"not_picked":["sneckomod:Unknown2Cost+1","sneckomod:UnknownCommonAttack+1"],"picked":"sneckomod:UnknownUncommonPower+1","floor":19.0},{"not_picked":["sneckomod:UnknownCommonSkill","sneckomod:Unknown2Cost"],"picked":"sneckomod:UnknownUncommonAttack","floor":19.0},{"not_picked":["sneckomod:UnknownRareSkill+1","sneckomod:UnknownCommonSkill+1"],"picked":"sneckomod:UnknownBlock+1","floor":20.0},{"not_picked":["sneckomod:WideSting","sneckomod:UnknownCommonAttack+1","sneckomod:UnknownClassHEXA_GHOST_PURPLE"],"picked":"SKIP","floor":20.0},{"not_picked":["sneckomod:UnknownUncommonPower+1","sneckomod:UnknownClassHEXA_GHOST_PURPLE+1"],"picked":"sneckomod:UnknownDexterity+1","floor":21.0},{"not_picked":["sneckomod:Nope","sneckomod:SerpentIdol"],"picked":"sneckomod:SoulRoll","floor":21.0},{"not_picked":["sneckomod:UnknownUncommonSkill","sneckomod:UnknownColorless+1"],"picked":"sneckomod:Unknown3Cost","floor":21.0},{"not_picked":["sneckomod:UnknownVulnerable+1","sneckomod:UnknownX+1"],"picked":"sneckomod:UnknownRarePower+1","floor":22.0},{"not_picked":["sneckomod:WideSting","sneckomod:PureSnecko","sneckomod:DefensiveFlair+1"],"picked":"SKIP","floor":22.0},{"not_picked":["sneckomod:UnknownClassTHE_BRONZE_AUTOMATON+1","sneckomod:UnknownBlock+1"],"picked":"sneckomod:UnknownRareAttack+1","floor":23.0},{"not_picked":["sneckomod:WideSting","sneckomod:UnknownUncommonAttack"],"picked":"sneckomod:SoulRoll","floor":23.0},{"not_picked":["sneckomod:UnknownClassGUARDIAN+1","sneckomod:UnknownBlock+1"],"picked":"sneckomod:UnknownUncommonPower+1","floor":25.0},{"not_picked":["sneckomod:UnknownColorless+1","sneckomod:UnknownClassGUARDIAN+1"],"picked":"sneckomod:UnknownClassTHE_BRONZE_AUTOMATON+1","floor":26.0},{"not_picked":["hexamod:FourthSeal","hexamod:SecondSeal"],"picked":"hexamod:SixthSeal","floor":26.0},{"not_picked":["sneckomod:DiceCrush","sneckomod:Nope","sneckomod:Unknown3Cost"],"picked":"SKIP","floor":26.0},{"not_picked":["sneckomod:Unknown3Cost+1","sneckomod:UnknownVulnerable+1"],"picked":"sneckomod:UnknownUncommonPower+1","floor":27},{"not_picked":["sneckomod:SerpentIdol+1","sneckomod:Unknown0Cost"],"picked":"sneckomod:QuickMove","floor":28},{"not_picked":["sneckomod:PureSnecko","sneckomod:UnknownCommonAttack"],"picked":"sneckomod:Rotation","floor":29},{"not_picked":["sneckomod:UnknownStrike+1","sneckomod:UnknownClassHEXA_GHOST_PURPLE+1"],"picked":"sneckomod:UnknownUncommonAttack+1","floor":29},{"not_picked":["sneckomod:QuickMove","sneckomod:ImprovisedGuard"],"picked":"sneckomod:SoulRoll+1","floor":29},{"not_picked":["hexamod:SixthSeal","hexamod:ThirdSeal"],"picked":"hexamod:FourthSeal","floor":30},{"not_picked":["sneckomod:Nope","sneckomod:SnekBeam","sneckomod:UnknownCommonAttack"],"picked":"SKIP","floor":30},{"not_picked":["sneckomod:SerpentMind","sneckomod:WideSting","sneckomod:UnknownUncommonAttack+1"],"picked":"SKIP","floor":31},{"not_picked":["hexamod:ThirdSeal","hexamod:FourthSeal"],"picked":"hexamod:SecondSeal","floor":32},{"not_picked":["sneckomod:UnknownBlock","sneckomod:Nope"],"picked":"sneckomod:QuickMove","floor":32}],"player_experience":1241248,"relics_obtained":[{"floor":9.0,"key":"CeramicFish"},{"floor":14.0,"key":"Letter Opener"},{"floor":25.0,"key":"Bird Faced Urn"},{"floor":25.0,"key":"HornCleat"},{"floor":27,"key":"downfall:GremlinWheel"},{"floor":28,"key":"Bag of Preparation"},{"floor":31,"key":"Whetstone"}],"event_choices":[{"damage_healed":0.0,"max_hp_gain":0.0,"max_hp_loss":0.0,"gold_gain":0.0,"event_name":"Scrap Ooze","player_choice":"Success","floor":8.0,"gold_loss":0.0,"damage_taken":12.0,"relics_obtained":["Potion Belt"]}],"is_beta":false,"boss_relics":[{"not_picked":["Runic Pyramid","Snecko Eye"],"picked":"Cursed Key"}],"items_purged_floors":[20,23],"is_endless":false,"potions_floor_spawned":[9,13,16,19,26,28,29,32],"killed_by":"DF_ARCHETYPE_CLAW","ascension_level":0}}