{"host":"yassvrowvc2yfwp2","time":1614231002,"event":{"mods":["2.2 Compatiblity","Act Like it!","BaseMod","Better Note","Curses Come First","Dota2Spire","Downfall","HololiveMod","Jorbs\u0027s Wanderer Trilogy","Minty Spire (QoL Compilation)","Prisma Mod","Rare Cards Sparkle","Reimu£®≤©¿ˆ¡È√Œ£©","Replay The Spire","Say the Spire","Spicy Shops","StSLib","The Bug Knight","The Cursed","The Servant 0.9.4"],"gold_per_floor":[99,117,129,129,149,149,149,109,284,303,319,319,145,145,168,292,292,292,292,121,140,163,163,188,188,226,126,167,192,192,317,335,464,464,464,488,509,534,534,70,96,111,111,151,175,200,219,277,300,300],"floor_reached":51,"language":"ZHS","playtime":1999,"items_purged":["Doubt"],"score":927,"play_id":"bc0607b0-d79b-4814-941e-20e1c86bd6db","local_time":"20210225133002","is_ascension_mode":true,"campfire_choices":[{"data":"KyokaiOfKami:ReiMu","floor":1.0,"key":"SMITH"},{"data":"NineCharacters:ReiMu","floor":6.0,"key":"SMITH"},{"floor":12.0,"key":"REST"},{"data":"KamiRite:ReiMu","floor":18.0,"key":"SMITH"},{"data":"PrayRite:ReiMu","floor":23.0,"key":"SMITH"},{"data":"Dreaming2:ReiMu","floor":25.0,"key":"SMITH"},{"data":"FantasyMoon:ReiMu","floor":27.0,"key":"SMITH"},{"data":"YinYang:ReiMu","floor":30.0,"key":"SMITH"},{"data":"KamiRite:ReiMu","floor":35.0,"key":"SMITH"},{"data":"Dreaming:ReiMu","floor":43,"key":"SMITH"}],"circlet_count":0,"master_deck":["Strike_Lin:ReiMu","Strike_Lin:ReiMu","Strike_Lin:ReiMu","Strike_Lin:ReiMu","Defend_Lin:ReiMu","Defend_Lin:ReiMu","Defend_Lin:ReiMu","Defend_Lin:ReiMu","NB:ReiMu","Stagnation:ReiMu","KyokaiOfKami:ReiMu+1","NineCharacters:ReiMu+1","FantasyMoon:ReiMu+1","TheCursedMod:Dregs","OrbThrow:ReiMu","KamiSacrifice:ReiMu","Dreaming2:ReiMu","MikOfLucky:ReiMu","Gathering:ReiMu","Dreaming2:ReiMu+1","SpreadBorder2:ReiMu","KamiRite:ReiMu+1","PrayRite:ReiMu+1","KamiRite:ReiMu+1","ShadowOfCrow2:ReiMu","Dreaming2:ReiMu+1","YinYang:ReiMu+1","AirManeuver:ReiMu+1","UpKicking:ReiMu","KamiRite:ReiMu+1","PhosphorusFlame:ReiMu+1","YinYangSange:ReiMu+1","Dreaming:ReiMu+1","PayForSelf:ReiMu+1"],"relics":["FlyPower:ReiMu","Ring of Fury","ReplayTheSpireMod:Ring of Collecting","Ring of Hypnosis","Replay:WaspNest","PaintedHorse:ReiMu","Golden Idol","Runic Dome","DollysMirror","Ring of Searing","Oddly Smooth Stone","Dota2Spire:Vanguard","downfall:HeartBlessingGreen","Iron Hammer","TungstenRod","Letter Opener","Dota2Spire:RefresherOrb","downfall:TeleportStone","Hololive_LightStick","Dota2Spire:AghanimScepter","Snack Pack","HollowMod:PaleOreRelic","Smiling Mask","Replay:Multitool"],"acts_visited":["Exordium","TheCity","TheBeyond"],"potions_floor_usage":[48,50,50],"damage_taken":[{"damage":0.0,"enemies":"Small Slimes","floor":2.0,"turns":4.0},{"damage":0.0,"enemies":"2 Louse","floor":3.0,"turns":3.0},{"damage":0.0,"enemies":"Cultist","floor":5.0,"turns":5.0},{"damage":10.0,"enemies":"Exordium Thugs","floor":10.0,"turns":4.0},{"damage":4.0,"enemies":"Gremlin Gang","floor":11.0,"turns":4.0},{"damage":0.0,"enemies":"downfall:FleeingMerchant","floor":13.0,"turns":4.0},{"damage":8.0,"enemies":"Looter","floor":15.0,"turns":3.0},{"damage":16.0,"enemies":"IC_STATUS_ARCHETYPE","floor":16.0,"turns":7.0},{"damage":0.0,"enemies":"downfall:FleeingMerchant","floor":20.0,"turns":4.0},{"damage":0.0,"enemies":"Shell Parasite","floor":21.0,"turns":4.0},{"damage":0.0,"enemies":"Chosen","floor":22.0,"turns":3.0},{"damage":19.0,"enemies":"Slavers","floor":26.0,"turns":2.0},{"damage":10.0,"enemies":"Book of Stabbing","floor":28.0,"turns":5.0},{"damage":0.0,"enemies":"Centurion and Healer","floor":29.0,"turns":1.0},{"damage":1.0,"enemies":"DF_ARCHETYPE_STREAMLINE","floor":31.0,"turns":5.0},{"damage":4.0,"enemies":"Cultist and Chosen","floor":32.0,"turns":4.0},{"damage":0.0,"enemies":"WA_ARCHETYPE_CALM","floor":33.0,"turns":5.0},{"damage":12,"enemies":"3 Darklings","floor":36,"turns":4},{"damage":12,"enemies":"3 Shapes","floor":37,"turns":3},{"damage":0,"enemies":"Jaw Worm Horde","floor":38,"turns":3},{"damage":0,"enemies":"downfall:FleeingMerchant","floor":40,"turns":4},{"damage":0,"enemies":"4 Shapes","floor":42,"turns":2},{"damage":0,"enemies":"Nemesis","floor":44,"turns":5},{"damage":0,"enemies":"Transient","floor":45,"turns":5},{"damage":0,"enemies":"Maw","floor":46,"turns":3},{"damage":8,"enemies":"4 Shapes","floor":47,"turns":3},{"damage":0,"enemies":"2 Orb Walkers","floor":48,"turns":3},{"damage":0,"enemies":"Spire Growth","floor":49,"turns":2},{"damage":0,"enemies":"SI_POISON_ARCHETYPE","floor":50,"turns":4}],"seed_played":"-5053435828304486081","potions_obtained":[{"floor":3.0,"key":"BlessingOfTheForge"},{"floor":11.0,"key":"ColorlessPotion"},{"floor":16.0,"key":"Block Potion"},{"floor":22.0,"key":"Elixir"},{"floor":26.0,"key":"Dexterity Potion"},{"floor":49,"key":"SpeedPotion"}],"is_trial":false,"path_per_floor":["R","M","M","?","M","R","T","?","?","M","M","R","$","?","M","B",null,"R","?","$","M","M","R","T","R","E","R","E","M","R","?","M","B",null,"R","M","M","M","?","$","T","M","R","E","M","M","M","?","M","B",null],"character_chosen":"REIMU","items_purchased":["Gathering:ReiMu","Dreaming2:ReiMu","DollysMirror","Hololive_LightStick","Dota2Spire:AghanimScepter","Dreaming:ReiMu","Snack Pack"],"campfire_rested":1,"item_purchase_floors":[13,13,20,40,40,40,40],"current_hp_per_floor":[47,47,47,47,47,47,47,47,47,37,33,52,52,36,28,12,65,65,65,65,65,65,65,65,65,46,46,45,45,45,44,40,40,65,65,60,48,48,48,48,48,48,48,48,50,52,46,46,46,50],"gold":300,"neow_bonus":"THREE_RARE_CARDS","is_daily":false,"chose_seed":false,"campfire_upgraded":9,"win_rate":0.0,"timestamp":1614231002,"path_taken":["R","M","M","?","M","R","T","?","?","M","M","R","$","?","M","BOSS","R","?","?","M","?","R","T","R","E","R","E","M","R","?","M","BOSS","R","M","M","M","?","$","T","M","R","E","M","?","M","?","M","BOSS"],"items_purchased_type":["Card","Card","Relic","Relic","Relic","Card","Relic"],"build_version":"2020-12-22","purchased_purges":1,"victory":true,"max_hp_per_floor":[65,65,65,65,65,65,65,65,65,65,65,65,65,65,65,65,65,65,65,65,65,65,65,65,65,65,65,65,65,65,65,65,65,65,65,65,65,65,65,65,65,65,65,65,65,65,65,65,65,65],"card_choices":[{"not_picked":["Determination:ReiMu","CardOfSanctity:ReiMu"],"picked":"KyokaiOfKami:ReiMu","floor":0.0},{"not_picked":["EmergencyTakeOff:ReiMu","TightArray:ReiMu"],"picked":"NineCharacters:ReiMu","floor":2.0},{"not_picked":["AlertArray:ReiMu","UniversalSpiritual:ReiMu"],"picked":"FantasyMoon:ReiMu","floor":3.0},{"not_picked":["SpringWay:ReiMu","SpreadBorder2:ReiMu"],"picked":"OrbThrow:ReiMu","floor":5.0},{"not_picked":["SubAcupoint:ReiMu","RunawayExorcism:ReiMu"],"picked":"KamiSacrifice:ReiMu","floor":10.0},{"not_picked":["OrbThrow:ReiMu","SubcavityInstant:ReiMu"],"picked":"Dreaming2:ReiMu","floor":11.0},{"not_picked":["SubAcupoint:ReiMu","YinYangSign:ReiMu"],"picked":"MikOfLucky:ReiMu","floor":13.0},{"not_picked":["Meditation:ReiMu","Amulet:ReiMu"],"picked":"SpreadBorder2:ReiMu","floor":15.0},{"not_picked":["Determination:ReiMu","Dreaming:ReiMu"],"picked":"KamiRite:ReiMu","floor":16.0},{"not_picked":["CareerPray:ReiMu","FantasyBorder:ReiMu+1"],"picked":"PrayRite:ReiMu","floor":20.0},{"not_picked":["Conquer:ReiMu","SubcavityInstant:ReiMu","Intuition:ReiMu"],"picked":"SKIP","floor":21.0},{"not_picked":["Meditation:ReiMu","RainPray2:ReiMu"],"picked":"ShadowOfCrow2:ReiMu","floor":22.0},{"not_picked":["Meditation:ReiMu","AlertArray:ReiMu"],"picked":"Dreaming2:ReiMu+1","floor":26.0},{"not_picked":["CeremonyResonance:ReiMu","CollectionFlower2:ReiMu"],"picked":"YinYang:ReiMu","floor":28.0},{"not_picked":["LearningPray:ReiMu","Meditation:ReiMu+1"],"picked":"AirManeuver:ReiMu+1","floor":29.0},{"not_picked":["SafetyPray:ReiMu","ForcedLanding:ReiMu+1"],"picked":"UpKicking:ReiMu","floor":31.0},{"not_picked":["Conquer:ReiMu","Enchanting:ReiMu+1","Gathering:ReiMu+1"],"picked":"SKIP","floor":32.0},{"not_picked":["CleanRite:ReiMu","CeremonyResonance:ReiMu"],"picked":"KamiRite:ReiMu","floor":33.0},{"not_picked":["Enchanting:ReiMu+1","SubcavityInstant:ReiMu"],"picked":"PhosphorusFlame:ReiMu+1","floor":36},{"not_picked":["WonderfulDomain:ReiMu","Meditation:ReiMu+1","FantasyBorder:ReiMu"],"picked":"SKIP","floor":37},{"not_picked":["PayForSelf:ReiMu","SpreadBorder2:ReiMu","Gathering:ReiMu"],"picked":"SKIP","floor":38},{"not_picked":["Meditation:ReiMu","KamiSacrifice:ReiMu"],"picked":"YinYangSange:ReiMu+1","floor":40},{"not_picked":["TightArray:ReiMu","CollectionFlower2:ReiMu+1","EmergencyTakeOff:ReiMu+1"],"picked":"SKIP","floor":42},{"not_picked":["CollectionFlower2:ReiMu","Gathering:ReiMu","Amulet:ReiMu+1"],"picked":"SKIP","floor":44},{"not_picked":["Enchanting:ReiMu","UpKicking:ReiMu+1","Crusade:ReiMu+1"],"picked":"SKIP","floor":45},{"not_picked":["SpringWay:ReiMu","Intuition:ReiMu","CareerPray:ReiMu+1"],"picked":"SKIP","floor":46},{"not_picked":["SafetyPray:ReiMu+1","RainPray2:ReiMu","RunawayExorcism:ReiMu"],"picked":"SKIP","floor":47},{"not_picked":["YinYangSange:ReiMu","EmergencyTakeOff:ReiMu+1"],"picked":"PayForSelf:ReiMu+1","floor":49}],"player_experience":2210452,"relics_obtained":[{"floor":4.0,"key":"Ring of Fury"},{"floor":4.0,"key":"ReplayTheSpireMod:Ring of Collecting"},{"floor":7.0,"key":"Ring of Hypnosis"},{"floor":7.0,"key":"Replay:WaspNest"},{"floor":24.0,"key":"Ring of Searing"},{"floor":24.0,"key":"Oddly Smooth Stone"},{"floor":26.0,"key":"Dota2Spire:Vanguard"},{"floor":28.0,"key":"Iron Hammer"},{"floor":31.0,"key":"TungstenRod"},{"floor":31.0,"key":"Letter Opener"},{"floor":41,"key":"HollowMod:PaleOreRelic"},{"floor":44,"key":"Smiling Mask"},{"floor":48,"key":"Replay:Multitool"}],"event_choices":[{"damage_healed":0.0,"max_hp_gain":0.0,"max_hp_loss":0.0,"gold_gain":0.0,"event_name":"yidonshenshe","player_choice":"»˚«Æ","floor":8.0,"gold_loss":40.0,"damage_taken":0.0,"relics_obtained":["PaintedHorse:ReiMu"]},{"damage_healed":0.0,"max_hp_gain":0.0,"max_hp_loss":0.0,"gold_gain":175.0,"event_name":"Liars Game","player_choice":"AGREE","floor":9.0,"gold_loss":0.0,"damage_taken":0.0,"cards_obtained":["Doubt"]},{"damage_healed":0.0,"max_hp_gain":0.0,"max_hp_loss":0.0,"gold_gain":0.0,"event_name":"Golden Idol","player_choice":"Take Damage","floor":14.0,"gold_loss":0.0,"damage_taken":16.0,"relics_obtained":["Golden Idol"]},{"cards_removed":["Doubt"],"damage_healed":0.0,"max_hp_gain":0.0,"max_hp_loss":0.0,"gold_gain":0.0,"event_name":"betterNote:BetterNote","player_choice":"Give","floor":19.0,"gold_loss":0.0,"damage_taken":0.0,"cards_obtained":["Hololive_CallAiraniIofifteen"]},{"damage_healed":0,"gold_gain":0,"player_choice":"Fight","damage_taken":0,"max_hp_gain":0,"max_hp_loss":0,"event_name":"Mysterious Sphere","floor":48,"gold_loss":0}],"is_beta":false,"boss_relics":[{"not_picked":["SacredBark","Sozu"],"picked":"Runic Dome"},{"not_picked":["SlaversCollar","ReplayTheSpireMod:DimensionalGlitch"],"picked":"Dota2Spire:RefresherOrb"}],"items_purged_floors":[40],"is_endless":false,"potions_floor_spawned":[3,11,16,22,26,29,31,44,45,46,47,49],"ascension_level":1}}