{"host":"ocllwaoi18j60ltd","time":1614267520,"event":{"mods":["BaseMod","DeckTracker","Minty Spire (QoL Compilation)","Permanent Neow","Quick Restart","StSLib","SuperFastMode"],"gold_per_floor":[110,124,139,157,157,157,189,189,189,221,231,260,272,283,283,388,388,406,406,426,351,364,391,391,391,441,453,203,60,60,94,94,193,193,205,205,48,98,114,114,140,15,15,15,29,29,47,79,79,79],"floor_reached":51,"language":"KOR","playtime":1524,"items_purged":["Defend_B","Defend_B","Defend_B"],"score":982,"play_id":"4b8936fa-1794-4258-ad96-3e9409bf3795","local_time":"20210226003840","is_ascension_mode":true,"campfire_choices":[{"data":"Fission","floor":6,"key":"SMITH"},{"data":"Dualcast","floor":8,"key":"SMITH"},{"data":"Capacitor","floor":15,"key":"SMITH"},{"floor":25,"key":"REST"},{"data":"Biased Cognition","floor":30,"key":"SMITH"},{"data":"Buffer","floor":32,"key":"SMITH"},{"data":"Barrage","floor":40,"key":"SMITH"},{"data":"Seek","floor":46,"key":"SMITH"},{"data":"Coolheaded","floor":49,"key":"SMITH"}],"circlet_count":0,"master_deck":["Zap","Dualcast+1","Fission+1","Ball Lightning","Ball Lightning","Leap","Lockon","Biased Cognition+1","Auto Shields","Capacitor+1","Self Repair","Glacier","Coolheaded+1","Barrage+1","Seek+1","Hologram+1","Turbo+1","Buffer+1","Reboot","Defragment+1","Static Discharge+1","Ball Lightning+1"],"relics":["Cracked Core","Blue Candle","Question Card","Happy Flower","Pen Nib","Empty Cage","Singing Bowl","Strawberry","Orichalcum","ClockworkSouvenir","DataDisk","Eternal Feather","Inserter","Vajra","Torii","Bag of Marbles","HornCleat","Letter Opener","Mango"],"acts_visited":["Exordium","TheCity","TheBeyond"],"potions_floor_usage":[27,31,50,50],"damage_taken":[{"damage":3,"enemies":"2 Louse","floor":1,"turns":2},{"damage":0,"enemies":"Cultist","floor":2,"turns":3},{"damage":1,"enemies":"Jaw Worm","floor":3,"turns":2},{"damage":9,"enemies":"Exordium Thugs","floor":4,"turns":4},{"damage":19,"enemies":"Gremlin Nob","floor":7,"turns":4},{"damage":13,"enemies":"3 Sentries","floor":10,"turns":8},{"damage":0,"enemies":"Blue Slaver","floor":11,"turns":2},{"damage":9,"enemies":"Gremlin Nob","floor":12,"turns":3},{"damage":2,"enemies":"Exordium Wildlife","floor":13,"turns":4},{"damage":0,"enemies":"Looter","floor":14,"turns":2},{"damage":0,"enemies":"Hexaghost","floor":16,"turns":9},{"damage":15,"enemies":"2 Thieves","floor":18,"turns":4},{"damage":0,"enemies":"Chosen","floor":20,"turns":3},{"damage":3,"enemies":"Sentry and Sphere","floor":22,"turns":6},{"damage":64,"enemies":"Gremlin Leader","floor":23,"turns":10},{"damage":11,"enemies":"Snake Plant","floor":27,"turns":3},{"damage":0,"enemies":"Book of Stabbing","floor":31,"turns":3},{"damage":0,"enemies":"Automaton","floor":33,"turns":9},{"damage":0,"enemies":"3 Darklings","floor":35,"turns":6},{"damage":0,"enemies":"Mind Bloom Boss Battle","floor":38,"turns":5},{"damage":0,"enemies":"3 Shapes","floor":39,"turns":3},{"damage":1,"enemies":"Reptomancer","floor":41,"turns":7},{"damage":0,"enemies":"Spire Growth","floor":45,"turns":3},{"damage":7,"enemies":"3 Darklings","floor":47,"turns":3},{"damage":7,"enemies":"Nemesis","floor":48,"turns":7},{"damage":17,"enemies":"Awakened One","floor":50,"turns":8}],"seed_played":"5289065300477513170","potions_obtained":[{"floor":10,"key":"FocusPotion"},{"floor":11,"key":"PotionOfCapacity"},{"floor":12,"key":"EssenceOfDarkness"},{"floor":23,"key":"Swift Potion"},{"floor":31,"key":"EssenceOfSteel"},{"floor":35,"key":"GamblersBrew"}],"is_trial":false,"path_per_floor":["M","M","M","M","?","R","E","R","T","E","M","E","M","M","R","B",null,"M","?","M","$","M","E","?","R","T","M","$","$","R","E","R","B",null,"M","?","$","?","M","R","E","$","T","?","M","R","M","E","R","B",null],"character_chosen":"DEFECT","items_purchased":["ClockworkSouvenir","DataDisk","Vajra"],"campfire_rested":1,"item_purchase_floors":[28,29,37],"current_hp_per_floor":[72,72,71,62,62,62,43,43,43,30,30,21,26,33,33,40,75,67,67,74,74,75,18,25,49,49,45,45,45,45,54,63,70,84,84,86,86,88,88,88,89,89,89,89,91,92,87,101,108,98],"gold":79,"neow_bonus":"TRANSFORM_CARD","is_daily":false,"chose_seed":false,"campfire_upgraded":8,"win_rate":0.0,"timestamp":1614267520,"path_taken":["M","M","M","M","?","R","E","R","T","E","M","E","M","?","R","BOSS","M","?","M","$","?","E","?","R","T","M","?","$","R","E","R","BOSS","M","?","$","?","M","R","E","$","T","?","M","R","?","E","R","BOSS"],"items_purchased_type":["Relic","Relic","Relic"],"build_version":"2020-12-22","purchased_purges":3,"victory":true,"max_hp_per_floor":[75,75,75,75,75,75,75,75,75,75,75,75,75,75,75,75,75,75,75,75,75,75,75,82,82,82,82,82,82,82,84,84,84,84,84,86,86,88,88,88,90,90,90,90,92,92,94,108,108,108],"card_choices":[{"not_picked":["Sweeping Beam","Redo"],"picked":"Ball Lightning","floor":1},{"not_picked":["Coolheaded","Cold Snap"],"picked":"Ball Lightning","floor":2},{"not_picked":["Stack","Gash"],"picked":"Leap","floor":3},{"not_picked":["Chill","Compile Driver"],"picked":"Lockon","floor":4},{"not_picked":["Hologram","Steam"],"picked":"Auto Shields","floor":7},{"not_picked":["Hyperbeam","Steam Power","Fusion"],"picked":"Capacitor","floor":10},{"not_picked":["Blizzard","Stack","Turbo"],"picked":"Self Repair","floor":11},{"not_picked":["Hologram","Thunder Strike","Coolheaded"],"picked":"Glacier","floor":12},{"not_picked":["Streamline","Cold Snap","Compile Driver"],"picked":"Coolheaded","floor":13},{"not_picked":["Ball Lightning","Leap","Redo"],"picked":"Barrage","floor":14},{"not_picked":["Biased Cognition","Amplify","Creative AI"],"picked":"Seek","floor":16},{"not_picked":["Scrape","Fusion","Redo+1"],"picked":"Hologram+1","floor":18},{"not_picked":["Stack","Gash+1","Redo","Sweeping Beam"],"picked":"SKIP","floor":20},{"not_picked":["Cold Snap+1","Hello World+1","Leap","Streamline"],"picked":"SKIP","floor":22},{"not_picked":["Cold Snap+1","Hello World+1","Leap","Streamline"],"picked":"SKIP","floor":22},{"not_picked":["Rebound","Melter+1","Barrage"],"picked":"Turbo+1","floor":23},{"not_picked":["BootSequence","Coolheaded","Streamline"],"picked":"Buffer","floor":27},{"not_picked":["Rip and Tear","Scrape","Compile Driver","Blizzard"],"picked":"Singing Bowl","floor":31},{"not_picked":["Hyperbeam","All For One","Core Surge"],"picked":"Reboot","floor":33},{"not_picked":["Sweeping Beam","Rebound","White Noise+1"],"picked":"Defragment+1","floor":35},{"not_picked":["Panacea","Bandage Up","Mayhem","Impatience"],"picked":"Singing Bowl","floor":36},{"not_picked":["Streamline","Storm+1","Auto Shields","Beam Cell+1"],"picked":"Singing Bowl","floor":38},{"not_picked":["Chill+1","Turbo+1","Hologram+1"],"picked":"Static Discharge+1","floor":39},{"not_picked":["Stack+1","Compile Driver","Defragment","Steam+1"],"picked":"Singing Bowl","floor":41},{"not_picked":["Redo","Turbo","Aggregate+1","Compile Driver"],"picked":"Singing Bowl","floor":45},{"not_picked":["Capacitor+1","Force Field","Go for the Eyes","Turbo"],"picked":"Singing Bowl","floor":47},{"not_picked":["Leap","Glacier","Seek"],"picked":"Ball Lightning+1","floor":48}],"player_experience":593861,"relics_obtained":[{"floor":7,"key":"Blue Candle"},{"floor":9,"key":"Question Card"},{"floor":10,"key":"Happy Flower"},{"floor":12,"key":"Pen Nib"},{"floor":23,"key":"Singing Bowl"},{"floor":24,"key":"Strawberry"},{"floor":26,"key":"Orichalcum"},{"floor":31,"key":"Eternal Feather"},{"floor":38,"key":"Torii"},{"floor":41,"key":"Bag of Marbles"},{"floor":43,"key":"HornCleat"},{"floor":44,"key":"Letter Opener"},{"floor":48,"key":"Mango"}],"event_choices":[{"damage_healed":0,"gold_gain":0,"cards_transformed":["Strike_B"],"player_choice":"Transformed","damage_taken":0,"max_hp_gain":0,"max_hp_loss":0,"event_name":"Transmorgrifier","floor":5,"gold_loss":0,"cards_obtained":["Biased Cognition"]},{"cards_removed":["Defend_B"],"damage_healed":0,"gold_gain":0,"player_choice":"Purged","damage_taken":0,"max_hp_gain":0,"max_hp_loss":0,"event_name":"Purifier","floor":19,"gold_loss":0},{"damage_healed":0,"gold_gain":0,"player_choice":"Relic","damage_taken":0,"max_hp_gain":0,"max_hp_loss":0,"event_name":"Wheel of Change","floor":24,"gold_loss":0},{"damage_healed":0,"gold_gain":0,"player_choice":"Memory 1","damage_taken":0,"max_hp_gain":0,"max_hp_loss":0,"event_name":"SensoryStone","floor":36,"gold_loss":0},{"damage_healed":0,"gold_gain":0,"player_choice":"Fight","damage_taken":0,"max_hp_gain":0,"max_hp_loss":0,"event_name":"MindBloom","floor":38,"gold_loss":0},{"damage_healed":0,"gold_gain":0,"player_choice":"Relic","damage_taken":0,"max_hp_gain":0,"max_hp_loss":0,"event_name":"Wheel of Change","floor":44,"gold_loss":0}],"is_beta":false,"boss_relics":[{"not_picked":["Tiny House","Cursed Key"],"picked":"Empty Cage"},{"not_picked":["Coffee Dripper","SacredBark"],"picked":"Inserter"}],"items_purged_floors":[21,28,42],"is_endless":false,"potions_floor_spawned":[10,11,12,13,22,23,31,35,47,48],"ascension_level":1}}