{"host":"xa0kvhbb1ful01xu","time":1614284341,"event":{"mods":["BaseMod","BetterRewards","Custom Start","Downfall","Hubris","Marisa????????","Minty Spire (QoL Compilation)","READ ME - Snecko Mod","StSLib"],"gold_per_floor":[99,99,99,24,24,54,54,65,78,178,28,45,45,64,76,178,178,28,38,52,72,88,38,38,38,38,379,391,408,358,358,374,479,479,429,441,441,454,504,504,557,507,521,188,216,231,81,81,92,92,92,124,153,103,603,603],"floor_reached":57,"language":"ENG","playtime":6487,"items_purged":["Slimebound:Tackle"],"score":1209,"play_id":"0a29268b-5181-447e-8e8c-7bc47e27e6c0","local_time":"20210225211901","is_ascension_mode":false,"campfire_choices":[{"floor":1,"key":"RECALL"},{"data":"Slimebound:Repurpose","floor":11,"key":"SMITH"},{"data":"Slimebound:GrowthPunch","floor":13,"key":"SMITH"},{"data":"Slimebound:SlimeSlap","floor":18,"key":"SMITH"},{"data":"Slimebound:LevelUp","floor":23,"key":"SMITH"},{"data":"Slimebound:SplitAcid","floor":26,"key":"SMITH"},{"data":"Slimebound:MassRepurpose","floor":30,"key":"SMITH"},{"data":"Slimebound:MinionMaster","floor":35,"key":"SMITH"},{"data":"Slimebound:CorrosiveSpit","floor":42,"key":"SMITH"},{"data":"Slimebound:SplitBruiser","floor":47,"key":"SMITH"},{"data":"Slimebound:LevelUp","floor":54,"key":"SMITH"}],"circlet_count":0,"master_deck":["Slimebound:Strike_Slimebound","Slimebound:Strike_Slimebound","Slimebound:Strike_Slimebound","Slimebound:Defend_Slimebound","Slimebound:Defend_Slimebound","Slimebound:Defend_Slimebound","Slimebound:Defend_Slimebound","Slimebound:Split","Slimebound:CorrosiveSpit+1","Slimebound:LeadByExample","Slimebound:LeechingTouch","Slimebound:SplitLeeching","Slimebound:SplitBruiser+1","Slimebound:HauntingLick","Slimebound:Repurpose+1","Slimebound:GrowthPunch+1","Slimebound:SplitAcid+1","Slimebound:LeechEnergy","Slimebound:SlimeSlap+1","Slimebound:Schlurp+1","Slimebound:SpikyOuterGoop","Slimebound:LevelUp+1","Slimebound:LivingWall+1","Slimebound:MassRepurpose+1","Slimebound:SplitSpecialist+1","Slimebound:SlimeTap","Slimebound:MinionMaster+1","Slimebound:SlimeSpikes","Slimebound:AcidTongue+1","Slimebound:Nibble","Slimebound:Nibble+1","Slimebound:LevelUp+1","Slimebound:SamplingLick","hubris:NaturalOne","Slimebound:HauntingLick"],"relics":["Slimebound:AbsorbEndCombat","downfall:HeartsMalice","Slimebound:GreedOozeRelic","Pen Nib","downfall:HeartBlessingRed","Philosopher\u0027s Stone","downfall:HeartBlessingBlue","hubris:BundleOfHerbs","downfall:KnowingSkull","MealTicket","hubris:RunicObelisk","Bottled Tornado","FossilizedHelix","Blue Candle","hubris:TenFootPole","hubris:Spice","downfall:HeartBlessingGreen","hubris:Icosahedron","Toy Ornithopter","Medical Kit","hubris:DeckOfHolding"],"acts_visited":["Exordium","TheCity","TheBeyond","TheEnding"],"potions_floor_usage":[16,22,38,50,52,52],"damage_taken":[{"damage":0,"enemies":"Cultist","floor":2,"turns":1},{"damage":0,"enemies":"Jaw Worm","floor":3,"turns":1},{"damage":0,"enemies":"2 Louse","floor":5,"turns":1},{"damage":43,"enemies":"Gremlin Nob","floor":6,"turns":5},{"damage":21,"enemies":"Exordium Thugs","floor":8,"turns":5},{"damage":4,"enemies":"downfall:LooterAlt","floor":9,"turns":3},{"damage":5,"enemies":"Blue Slaver","floor":12,"turns":2},{"damage":4,"enemies":"2 Fungi Beasts","floor":14,"turns":3},{"damage":7,"enemies":"3 Louse","floor":15,"turns":3},{"damage":22,"enemies":"WA_ARCHETYPE_RETAIN","floor":16,"turns":5},{"damage":15,"enemies":"3 Byrds","floor":19,"turns":4},{"damage":3,"enemies":"Spheric Guardian","floor":20,"turns":3},{"damage":0,"enemies":"Snecko","floor":21,"turns":4},{"damage":4,"enemies":"Centurion and Healer","floor":22,"turns":5},{"damage":1,"enemies":"downfall:FleeingMerchant","floor":27,"turns":4},{"damage":18,"enemies":"Snake Plant","floor":28,"turns":3},{"damage":1,"enemies":"3 Cultists","floor":29,"turns":5},{"damage":10,"enemies":"Cultist and Chosen","floor":32,"turns":4},{"damage":12,"enemies":"IC_MUSHROOM_ARCHETYPE","floor":33,"turns":9},{"damage":4,"enemies":"Orb Walker","floor":36,"turns":4},{"damage":15,"enemies":"3 Darklings","floor":38,"turns":5},{"damage":1,"enemies":"3 Darklings","floor":39,"turns":4},{"damage":15,"enemies":"Jaw Worm Horde","floor":43,"turns":4},{"damage":32,"enemies":"Nemesis","floor":45,"turns":5},{"damage":0,"enemies":"Sphere and 2 Shapes","floor":46,"turns":3},{"damage":13,"enemies":"Spire Growth","floor":49,"turns":3},{"damage":32,"enemies":"DF_ARCHETYPE_ORBS","floor":50,"turns":8},{"damage":75,"enemies":"downfall:CharBossMerchant","floor":52,"turns":6},{"damage":43,"enemies":"downfall:NeowBoss","floor":55,"turns":12},{"damage":140,"enemies":"downfall:NeowBossFinal","floor":56,"turns":12}],"seed_played":"7633224132229745690","potions_obtained":[{"floor":6,"key":"Block Potion"},{"floor":8,"key":"Dexterity Potion"},{"floor":14,"key":"Slimebound:SpawnSlimePotion"},{"floor":16,"key":"bronze:BurnAndBuffPotion"},{"floor":32,"key":"Guardian:BlockOnCardUsePotion"},{"floor":33,"key":"Explosive Potion"},{"floor":43,"key":"SkillPotion"},{"floor":49,"key":"Block Potion"}],"is_trial":false,"path_per_floor":["R","M","M","?","M","E","T","M","M","?","R","M","R","M","M","B",null,"R","M","M","M","M","R","T","?","R","$","M","M","R","?","M","B",null,"R","M","?","M","?","?","T","R","M","?","E","M","R","?","M","B",null,"E","$","R","B","B",null],"character_chosen":"SLIMEBOUND","items_purchased":["MealTicket","Medical Kit","hubris:DeckOfHolding"],"campfire_rested":0,"item_purchase_floors":[27,53,53],"current_hp_per_floor":[65,65,65,65,65,24,24,51,49,49,49,46,46,46,65,51,65,75,60,63,69,73,73,73,67,67,70,54,61,61,61,55,51,75,75,72,72,61,62,57,57,57,46,84,64,64,64,64,55,68,92,59,74,74,57,62],"gold":603,"neow_bonus":"THREE_ENEMY_KILL","is_daily":false,"chose_seed":false,"campfire_upgraded":10,"win_rate":0.0,"timestamp":1614284341,"path_taken":["R","M","?","?","M","E","T","M","M","?","R","M","R","M","M","BOSS","R","M","M","M","M","R","T","?","R","?","M","M","R","?","M","BOSS","R","M","?","M","?","?","T","R","M","?","E","M","R","?","M","BOSS","E","$","R","BOSS","BOSS"],"items_purchased_type":["Relic","Relic","Relic"],"build_version":"2020-12-22","purchased_purges":1,"victory":true,"max_hp_per_floor":[65,65,65,65,65,65,65,65,65,65,65,65,65,65,65,65,65,75,75,75,75,75,75,75,75,75,75,75,75,75,75,75,75,75,75,75,75,75,75,75,75,75,75,84,92,92,92,92,92,92,92,92,92,92,92,92],"card_choices":[{"not_picked":["Slimebound:RollThrough","Slimebound:SlimeTap"],"picked":"Slimebound:LeadByExample","floor":2},{"not_picked":["Slimebound:HungryTackle","Slimebound:SamplingLick"],"picked":"Slimebound:LeechingTouch","floor":3},{"not_picked":["Slimebound:LeechEnergy","Slimebound:GoopSpray"],"picked":"Slimebound:SplitLeeching","floor":5},{"not_picked":["Slimebound:Overexert","Slimebound:Equalize"],"picked":"Slimebound:SplitBruiser","floor":6},{"not_picked":["Slimebound:Recollect","Slimebound:LeechingTouch"],"picked":"Slimebound:HauntingLick","floor":8},{"not_picked":["Slimebound:PressTheAttack","Slimebound:BestDefense"],"picked":"Slimebound:Repurpose","floor":9},{"not_picked":["Slimebound:ForwardTackle","Slimebound:FlameTackle"],"picked":"Slimebound:GrowthPunch","floor":12},{"not_picked":["Slimebound:Equalize","Slimebound:DisruptingSlam"],"picked":"Slimebound:SplitAcid","floor":14},{"not_picked":["Slimebound:ComboTackle","Slimebound:Teamwork"],"picked":"Slimebound:LeechEnergy","floor":15},{"not_picked":["Slimebound:DuplicatedForm","Slimebound:RallyTheTroops"],"picked":"Slimebound:SlimeSlap","floor":16},{"not_picked":["Slimebound:ProtectTheBoss","Slimebound:LeechingTouch"],"picked":"Slimebound:Schlurp+1","floor":19},{"not_picked":["Slimebound:FormOfPuddle","Slimebound:RollThrough"],"picked":"Slimebound:SpikyOuterGoop","floor":20},{"not_picked":["Slimebound:SplitAcid","Slimebound:Prepare"],"picked":"Slimebound:LevelUp","floor":21},{"not_picked":["Slimebound:SpikyOuterGoop","Slimebound:PressTheAttack"],"picked":"Slimebound:LivingWall+1","floor":22},{"not_picked":["Slimebound:TongueLash+1","Slimebound:SplitMire"],"picked":"Slimebound:MassRepurpose","floor":27},{"not_picked":["Slimebound:Grow","Slimebound:AcidTongue"],"picked":"Slimebound:SplitSpecialist","floor":28},{"not_picked":["Slimebound:Chomp","Slimebound:DivideAndConquer","Slimebound:TongueLash"],"picked":"SKIP","floor":29},{"not_picked":["Slimebound:ServeAndProtect+1","Slimebound:Recollect+1"],"picked":"Slimebound:SlimeTap","floor":32},{"not_picked":["Slimebound:CheckThePlaybook","Slimebound:Darklings"],"picked":"Slimebound:MinionMaster","floor":33},{"not_picked":["Slimebound:SlimeTap","Slimebound:AcidTongue"],"picked":"Slimebound:SlimeSpikes","floor":36},{"not_picked":["Slimebound:Prepare+1","Slimebound:Equalize","Slimebound:Dissolve+1"],"picked":"SKIP","floor":38},{"not_picked":["Slimebound:SlimeSpikes","Slimebound:SplitAcid"],"picked":"Slimebound:AcidTongue+1","floor":39},{"not_picked":["Slimebound:ComboTackle+1","Slimebound:ServeAndProtect"],"picked":"Slimebound:Nibble","floor":43},{"not_picked":["Slimebound:SplitBruiser","Slimebound:ProtectTheBoss+1"],"picked":"Slimebound:Nibble+1","floor":45},{"not_picked":["Slimebound:LeechingTouch+1","Slimebound:SlimeSpikes"],"picked":"Slimebound:LevelUp","floor":46},{"not_picked":["Slimebound:ServeAndProtect+1","Slimebound:SplitBruiser"],"picked":"Slimebound:SamplingLick","floor":49},{"not_picked":["Slimebound:BestDefense","Slimebound:TongueLash"],"picked":"Slimebound:HauntingLick","floor":52}],"player_experience":133962,"relics_obtained":[{"floor":6,"key":"Pen Nib"},{"floor":24,"key":"hubris:BundleOfHerbs"},{"floor":37,"key":"Bottled Tornado"},{"floor":39,"key":"FossilizedHelix"},{"floor":41,"key":"hubris:TenFootPole"},{"floor":45,"key":"hubris:Spice"},{"floor":52,"key":"Toy Ornithopter"}],"event_choices":[],"is_beta":false,"boss_relics":[{"not_picked":["hubris:Stopwatch","Sozu"],"picked":"Philosopher\u0027s Stone"},{"not_picked":["Snecko Eye","hubris:VirtuousBlindfold"],"picked":"hubris:RunicObelisk"}],"items_purged_floors":[53],"is_endless":false,"potions_floor_spawned":[6,8,14,16,19,21,32,33,43,49],"ascension_level":0}}