{"host":"sg4rmw8ghwyykzjv","time":1614255913,"event":{"mods":["2.2 Compatiblity","BaseMod","Colored Powertips","Downfall","Friendly Minions","Highlight Path","Minty Spire (QoL Compilation)","ReimuÅiîé??öÎÅj","StSLib","The Servant 0.9.4"],"gold_per_floor":[99,99,24,24,42,42,65,65,50,61,77,97,47,82,101,203,203,153,153,172,185,185,212,212,212,222,172,157,257,207,238,250,345,345,295,306,319,229,242,161,161,123,135,147,194,206,168,197,225,237],"floor_reached":51,"language":"ENG","playtime":4802,"items_purged":["Slimebound:SplitAcid","Slimebound:Strike_Slimebound"],"score":713,"play_id":"2d999d63-9f05-4eca-8b83-141620530c15","local_time":"20210225212513","is_ascension_mode":false,"campfire_choices":[{"data":"Slimebound:Prepare","floor":1,"key":"SMITH"},{"data":"Slimebound:CorrosiveSpit","floor":6,"key":"SMITH"},{"data":"Slimebound:SplitSpecialist","floor":13,"key":"SMITH"},{"data":"Slimebound:DuplicatedForm","floor":18,"key":"SMITH"},{"floor":27,"key":"REST"},{"data":"Slimebound:Teamwork","floor":30,"key":"SMITH"},{"data":"Slimebound:ForwardTackle","floor":35,"key":"SMITH"},{"data":"Slimebound:FormOfPuddle","floor":42,"key":"SMITH"},{"data":"Master of Strategy","floor":47,"key":"SMITH"}],"circlet_count":0,"master_deck":["Slimebound:Tackle","Slimebound:Split","Slimebound:CorrosiveSpit+1","Slimebound:Prepare+1","Slimebound:SplitSpecialist+1","Slimebound:SplitMire","Slimebound:SlimeSpikes","Slimebound:LevelUp","Slimebound:Repurpose","Slimebound:DuplicatedForm+1","Slimebound:Teamwork+1","Slimebound:FormOfPuddle+1","Slimebound:ForwardTackle+1","Slimebound:SlimeSpikes","Slimebound:SlimeBarrage+1","Slimebound:GoopSpray","Slimebound:LeechLife","Slimebound:RainOfGoop","Slimebound:SplitSpecialist+1","Master of Strategy+1","Slimebound:LeechingTouch+1"],"relics":["Slimebound:AbsorbEndCombat","Slimebound:GreedOozeRelic","Blood Vial","Boot","Empty Cage","Incense Burner","Tea:ReiMu","Nunchaku","SlaversCollar","Medical Kit","MawBank","Lizard Tail"],"acts_visited":["Exordium","TheCity","TheBeyond"],"potions_floor_usage":[16,16,26,33,39,43,50],"damage_taken":[{"damage":2,"enemies":"Jaw Worm","floor":5,"turns":3},{"damage":0,"enemies":"downfall:FleeingMerchant","floor":9,"turns":4},{"damage":0,"enemies":"Small Slimes","floor":10,"turns":3},{"damage":0,"enemies":"Cultist","floor":11,"turns":3},{"damage":0,"enemies":"2 Fungi Beasts","floor":12,"turns":3},{"damage":0,"enemies":"Lagavulin","floor":14,"turns":6},{"damage":7,"enemies":"Blue Slaver","floor":15,"turns":3},{"damage":24,"enemies":"DF_ARCHETYPE_STREAMLINE","floor":16,"turns":8},{"damage":8,"enemies":"3 Byrds","floor":20,"turns":4},{"damage":18,"enemies":"downfall:LooterAlt2","floor":21,"turns":5},{"damage":58,"enemies":"Gremlin Leader","floor":23,"turns":8},{"damage":22,"enemies":"Cultist and Chosen","floor":26,"turns":5},{"damage":3,"enemies":"downfall:FleeingMerchant","floor":28,"turns":4},{"damage":3,"enemies":"Book of Stabbing","floor":31,"turns":6},{"damage":18,"enemies":"Snake Plant","floor":32,"turns":5},{"damage":53,"enemies":"IC_MUSHROOM_ARCHETYPE","floor":33,"turns":8},{"damage":14,"enemies":"3 Darklings","floor":36,"turns":5},{"damage":1,"enemies":"3 Shapes","floor":37,"turns":5},{"damage":2,"enemies":"downfall:FleeingMerchant","floor":38,"turns":4},{"damage":33,"enemies":"Spire Growth","floor":39,"turns":6},{"damage":15,"enemies":"downfall:FleeingMerchant","floor":40,"turns":3},{"damage":32,"enemies":"downfall:FleeingMerchant","floor":43,"turns":4},{"damage":19,"enemies":"Giant Head","floor":45,"turns":7},{"damage":16,"enemies":"Transient","floor":48,"turns":5},{"damage":3,"enemies":"4 Shapes","floor":49,"turns":5},{"damage":16,"enemies":"WA_ARCHETYPE_DIVINITY","floor":50,"turns":8}],"seed_played":"8406005405536102424","potions_obtained":[{"floor":5,"key":"Energy Potion"},{"floor":10,"key":"PowerPotion"},{"floor":12,"key":"Ancient Potion"},{"floor":23,"key":"Block Potion"},{"floor":31,"key":"hexamod:SoulburnPotion"},{"floor":32,"key":"GrandPatriotsElixir:ReiMu"},{"floor":37,"key":"BlessingOfTheForge"},{"floor":39,"key":"Guardian:BlockOnCardUsePotion"},{"floor":43,"key":"Slimebound:ThreeZeroPotion"},{"floor":49,"key":"DistilledChaos"}],"is_trial":false,"path_per_floor":["R","?","?","?","M","R","T","?","$","M","M","M","R","E","M","B",null,"R","?","M","M","?","E","T","?","M","R","$","?","R","E","M","B",null,"R","M","M","$","M","$","T","R","?","?","E","?","R","M","M","B",null],"character_chosen":"SLIMEBOUND","items_purchased":["Master of Strategy","Medical Kit"],"campfire_rested":1,"item_purchase_floors":[40,40],"current_hp_per_floor":[65,65,65,65,63,63,63,63,65,65,65,65,65,65,60,55,65,65,65,57,60,60,25,25,25,7,26,29,29,29,47,48,20,65,65,59,65,65,45,40,40,40,25,25,62,62,62,65,65,65],"gold":249,"neow_bonus":"THREE_CARDS","is_daily":false,"chose_seed":false,"campfire_upgraded":8,"win_rate":0.0,"timestamp":1614255913,"path_taken":["R","?","?","?","?","R","T","?","$","M","M","M","R","E","M","BOSS","R","?","M","M","?","E","T","?","M","R","$","?","R","E","M","BOSS","R","M","M","$","M","$","T","R","?","?","E","?","R","M","M","BOSS"],"items_purchased_type":["Card","Relic"],"build_version":"2020-12-22","purchased_purges":2,"victory":true,"max_hp_per_floor":[65,65,65,65,65,65,65,65,65,65,65,65,65,65,65,65,65,65,65,65,65,65,65,65,65,65,65,65,65,65,65,65,65,65,65,65,65,65,65,65,65,65,65,65,65,65,65,65,65,65],"card_choices":[{"not_picked":["Slimebound:LeechingTouch","Slimebound:ItLooksTasty"],"picked":"Slimebound:Prepare","floor":0},{"not_picked":["Slimebound:LeadByExample","Slimebound:LeechingTouch"],"picked":"Slimebound:SplitSpecialist","floor":5},{"not_picked":["Slimebound:FinishingTackle","Slimebound:SplitSpecialist"],"picked":"Slimebound:SplitMire","floor":9},{"not_picked":["Slimebound:SplitBruiser","Slimebound:SplitMire"],"picked":"Slimebound:SlimeSpikes","floor":10},{"not_picked":["Slimebound:AcidTongue","Slimebound:Prepare"],"picked":"Slimebound:LevelUp","floor":11},{"not_picked":["Slimebound:LivingWall","Slimebound:RollThrough"],"picked":"Slimebound:Repurpose","floor":12},{"not_picked":["Slimebound:SplitLeeching","Slimebound:TongueLash"],"picked":"Slimebound:DuplicatedForm","floor":14},{"not_picked":["Slimebound:GoopTackle","Slimebound:ComboTackle"],"picked":"Slimebound:SplitAcid","floor":15},{"not_picked":["Slimebound:OozeBath","Slimebound:SlimeSlap"],"picked":"Slimebound:Teamwork","floor":16},{"not_picked":["Slimebound:ProtectTheBoss+1","Slimebound:LeechingTouch","Slimebound:HungryTackle"],"picked":"SKIP","floor":20},{"not_picked":["Slimebound:RainOfGoop","Slimebound:SpikyOuterGoop"],"picked":"Slimebound:FormOfPuddle","floor":21},{"not_picked":["Slimebound:GoopSpray","Slimebound:ComboTackle"],"picked":"Slimebound:ForwardTackle","floor":23},{"not_picked":["Slimebound:LevelUp","Slimebound:Schlurp"],"picked":"Slimebound:SlimeSpikes","floor":26},{"not_picked":["Slimebound:SlimeSpikes+1","Slimebound:LeechEnergy","Slimebound:SplitLeeching"],"picked":"SKIP","floor":28},{"not_picked":["Slimebound:ForwardTackle","Slimebound:PrepareCrush"],"picked":"Slimebound:SlimeBarrage+1","floor":31},{"not_picked":["Slimebound:SplitAcid","Slimebound:ForwardTackle+1"],"picked":"Slimebound:GoopSpray","floor":32},{"not_picked":["Slimebound:CheckThePlaybook","Slimebound:OneTwoCombo"],"picked":"Slimebound:LeechLife","floor":33},{"not_picked":["Slimebound:SamplingLick","Slimebound:Schlurp"],"picked":"Slimebound:RainOfGoop","floor":36},{"not_picked":["Slimebound:GoopTackle+1","Slimebound:GoopSpray","Slimebound:RollThrough"],"picked":"SKIP","floor":37},{"not_picked":["Slimebound:Equalize+1","Slimebound:GoopTackle"],"picked":"Slimebound:SplitSpecialist+1","floor":38},{"not_picked":["Slimebound:SamplingLick+1","Slimebound:Equalize+1","Slimebound:RollThrough+1"],"picked":"SKIP","floor":39},{"not_picked":["Slimebound:DisruptingSlam+1","Slimebound:CheckThePlaybook","Slimebound:SlimeSpikes"],"picked":"SKIP","floor":40},{"not_picked":["Slimebound:SplitMire+1","Slimebound:BestDefense+1"],"picked":"Slimebound:LeechingTouch+1","floor":45},{"not_picked":["Slimebound:SpikyOuterGoop+1","Slimebound:SplitLeeching+1","Slimebound:SplitAcid+1"],"picked":"SKIP","floor":48},{"not_picked":["Slimebound:LeechEnergy","Slimebound:SlimeSpikes+1","Slimebound:GoopSpray"],"picked":"SKIP","floor":49}],"player_experience":501526,"relics_obtained":[{"floor":7,"key":"Blood Vial"},{"floor":14,"key":"Boot"},{"floor":23,"key":"Incense Burner"},{"floor":24,"key":"Tea:ReiMu"},{"floor":31,"key":"Nunchaku"},{"floor":41,"key":"MawBank"},{"floor":45,"key":"Lizard Tail"}],"event_choices":[{"cards_removed":["Slimebound:Defend_Slimebound"],"damage_healed":0,"gold_gain":0,"player_choice":"Offered Basic","damage_taken":0,"max_hp_gain":0,"max_hp_loss":0,"event_name":"Bonfire Elementals","floor":4,"gold_loss":0},{"cards_removed":["Slimebound:Defend_Slimebound"],"damage_healed":0,"gold_gain":0,"player_choice":"Removed Skill","damage_taken":0,"max_hp_gain":0,"max_hp_loss":0,"event_name":"Falling","floor":44,"gold_loss":0}],"is_beta":false,"boss_relics":[{"not_picked":["Calling Bell","Black Star"],"picked":"Empty Cage"},{"not_picked":["Cursed Key","Tiny House"],"picked":"SlaversCollar"}],"items_purged_floors":[38,40],"is_endless":false,"potions_floor_spawned":[5,10,12,23,31,32,37,39,43,45,49],"ascension_level":0}}