{"host":"dhv3u8yhd2rnugsp","time":1614285548,"event":{"mods":["BaseMod","Block Reminder","Colored Map","Googly Eyes","Highlight Path","Minty Spire (QoL Compilation)","Permanent Neow","Quick Restart","Random Character Button","StSLib"],"gold_per_floor":[13,13,32,46,46,46,77,77,77,77,93,93,112,130,130,203,203,213,45,45,45,58,85,100,127,175,100,100,100],"floor_reached":28,"language":"ENG","playtime":1080,"items_purged":[],"score":566,"play_id":"a6a22c75-db86-4d8f-9cf6-c900f89df8f8","local_time":"20210225143908","is_ascension_mode":true,"campfire_choices":[{"data":"Pommel Strike","floor":6,"key":"SMITH"},{"floor":8,"key":"REST"},{"data":"Inflame","floor":10,"key":"SMITH"},{"data":"Havoc","floor":12,"key":"SMITH"},{"data":"Iron Wave","floor":15,"key":"SMITH"}],"circlet_count":0,"master_deck":["AscendersBane","Strike_R","Strike_R","Strike_R","Strike_R","Defend_R","Defend_R","Defend_R","Defend_R","Bash+1","Havoc+1","Pummel","Pommel Strike+1","Inflame+1","Headbutt","Iron Wave+1","Shrug It Off","Demon Form","Second Wind+1","True Grit","Heavy Blade","Anger"],"relics":["Burning Blood","Lizard Tail","Lantern","StrikeDummy","Velvet Choker","Sling","NlothsMask","Eternal Feather","Toy Ornithopter"],"acts_visited":["Exordium","TheCity"],"potions_floor_usage":[16,16,18,23],"damage_taken":[{"damage":7,"enemies":"2 Louse","floor":1,"turns":4},{"damage":6,"enemies":"Cultist","floor":3,"turns":3},{"damage":7,"enemies":"Small Slimes","floor":4,"turns":5},{"damage":70,"enemies":"Lagavulin","floor":7,"turns":9},{"damage":4,"enemies":"Red Slaver","floor":11,"turns":2},{"damage":9,"enemies":"2 Fungi Beasts","floor":13,"turns":2},{"damage":0,"enemies":"Looter","floor":14,"turns":1},{"damage":44,"enemies":"The Guardian","floor":16,"turns":8},{"damage":0,"enemies":"Spheric Guardian","floor":18,"turns":3},{"damage":12,"enemies":"Shell Parasite","floor":22,"turns":3},{"damage":0,"enemies":"Gremlin Leader","floor":23,"turns":5},{"damage":35,"enemies":"Shelled Parasite and Fungi","floor":24,"turns":5},{"damage":42,"enemies":"Book of Stabbing","floor":25,"turns":4},{"damage":9,"enemies":"Gremlin Leader","floor":28,"turns":4}],"seed_played":"-1023711677398369978","potions_obtained":[{"floor":3,"key":"SpeedPotion"},{"floor":7,"key":"Swift Potion"},{"floor":11,"key":"SteroidPotion"},{"floor":16,"key":"Swift Potion"},{"floor":22,"key":"HeartOfIron"}],"is_trial":false,"path_per_floor":["M","?","M","M","?","R","E","R","T","R","M","R","M","M","R","B",null,"M","$","?","?","M","E","M","E","T","?","E"],"character_chosen":"IRONCLAD","items_purchased":["Sling"],"campfire_rested":1,"item_purchase_floors":[19],"current_hp_per_floor":[67,67,67,66,75,75,11,33,33,33,35,35,32,38,38,39,66,72,72,72,72,66,72,43,7,7,7,0,0],"gold":100,"neow_bonus":"ONE_RARE_RELIC","is_daily":false,"chose_seed":false,"campfire_upgraded":4,"win_rate":0.0,"timestamp":1614285548,"path_taken":["M","?","M","?","?","R","E","R","T","R","M","R","M","M","R","BOSS","M","$","?","?","?","E","M","E","T","?","E"],"items_purchased_type":["Relic"],"build_version":"2020-12-22","purchased_purges":0,"victory":false,"max_hp_per_floor":[75,75,75,75,75,75,75,75,75,75,75,75,75,75,75,75,75,75,75,75,75,75,75,75,75,75,75,75,75],"card_choices":[{"not_picked":["Clash","Flex"],"picked":"Havoc","floor":1},{"not_picked":["Thunderclap","Warcry"],"picked":"Pummel","floor":3},{"not_picked":["Searing Blow","Heavy Blade"],"picked":"Pommel Strike","floor":4},{"not_picked":["Flex","Berserk"],"picked":"Inflame","floor":7},{"not_picked":["Warcry","Pommel Strike"],"picked":"Headbutt","floor":11},{"not_picked":["Exhume","Perfected Strike"],"picked":"Iron Wave","floor":13},{"not_picked":["Dark Embrace","Entrench"],"picked":"Shrug It Off","floor":14},{"not_picked":["Offering","Impervious"],"picked":"Demon Form","floor":16},{"not_picked":["Rage","Anger"],"picked":"Second Wind+1","floor":18},{"not_picked":["Rupture+1","Blood for Blood"],"picked":"True Grit","floor":22},{"not_picked":["Wild Strike","Anger"],"picked":"Heavy Blade","floor":23},{"not_picked":["Havoc+1","Sever Soul","Perfected Strike"],"picked":"SKIP","floor":24},{"not_picked":["Havoc+1","Sever Soul","Perfected Strike"],"picked":"SKIP","floor":24},{"not_picked":["Seeing Red","Brutality"],"picked":"Anger","floor":25}],"player_experience":1698759,"relics_obtained":[{"floor":7,"key":"Lantern"},{"floor":9,"key":"StrikeDummy"},{"floor":23,"key":"Eternal Feather"},{"floor":25,"key":"Toy Ornithopter"}],"event_choices":[{"damage_healed":0,"gold_gain":0,"player_choice":"Upgraded","damage_taken":0,"max_hp_gain":0,"max_hp_loss":0,"event_name":"Upgrade Shrine","floor":2,"gold_loss":0,"cards_upgraded":["Bash"]},{"damage_healed":9,"gold_gain":0,"player_choice":"Full Heal","damage_taken":0,"max_hp_gain":0,"max_hp_loss":0,"event_name":"Wheel of Change","floor":5,"gold_loss":0},{"damage_healed":0,"gold_gain":0,"player_choice":"Trade","damage_taken":0,"relics_obtained":["NlothsMask"],"max_hp_gain":0,"max_hp_loss":0,"event_name":"FaceTrader","floor":21,"gold_loss":0},{"cards_removed":["Strike_R"],"damage_healed":0,"gold_gain":0,"player_choice":"Gave Gold","damage_taken":0,"max_hp_gain":0,"max_hp_loss":0,"event_name":"Beggar","floor":27,"gold_loss":75}],"is_beta":false,"boss_relics":[{"not_picked":["Black Star","Tiny House"],"picked":"Velvet Choker"}],"items_purged_floors":[],"is_endless":false,"potions_floor_spawned":[3,7,11,16,22],"killed_by":"Gremlin Leader","ascension_level":20}}