{"host":"mithrandi","time":1614264315,"event":{"mods":["BaseMod","Colored Map","Highlight Path","Minty Spire (QoL Compilation)","SuperFastMode"],"gold_per_floor":[110,130,130,130,55,55,88,88,158,193,193,208,188,199,199,277,277,293,293,243,254,273,273,283,312,312,312,312],"floor_reached":27,"language":"ENG","playtime":1023,"items_purged":[],"score":557,"play_id":"495489a4-6c56-4e55-91fd-6e7f0ea9428e","local_time":"20210225164515","is_ascension_mode":true,"campfire_choices":[{"data":"Defragment","floor":6.0,"key":"SMITH"},{"data":"Compile Driver","floor":8.0,"key":"SMITH"},{"data":"Zap","floor":11.0,"key":"SMITH"},{"data":"Ball Lightning","floor":15.0,"key":"SMITH"},{"data":"Biased Cognition","floor":23.0,"key":"SMITH"}],"circlet_count":0,"master_deck":["AscendersBane","Defend_B","Defend_B","Defend_B","Defend_B","Zap+1","Dualcast","Streamline","Compile Driver+1","Defragment+1","Steam+1","Fission+1","Ball Lightning+1","Darkness+1","Biased Cognition+1","Glacier+1","Bite","Bite","Bite","Bite","Bite","Double Energy+1","Compile Driver","Redo+1"],"relics":["Cracked Core","NeowsBlessing","Ornamental Fan","Toxic Egg 2","Pantograph","Art of War","Coffee Dripper","Bottled Tornado","Thread and Needle"],"acts_visited":["Exordium","TheCity"],"potions_floor_usage":[25],"damage_taken":[{"damage":0.0,"enemies":"Cultist","floor":1.0,"turns":1.0},{"damage":0.0,"enemies":"2 Louse","floor":2.0,"turns":1.0},{"damage":0.0,"enemies":"Gremlin Nob","floor":7.0,"turns":1.0},{"damage":27.0,"enemies":"3 Sentries","floor":10.0,"turns":6.0},{"damage":0.0,"enemies":"Small Slimes","floor":12.0,"turns":2.0},{"damage":9.0,"enemies":"Red Slaver","floor":14.0,"turns":2.0},{"damage":44.0,"enemies":"Hexaghost","floor":16.0,"turns":9.0},{"damage":19.0,"enemies":"2 Thieves","floor":18.0,"turns":4.0},{"damage":0.0,"enemies":"Chosen","floor":21.0,"turns":3.0},{"damage":0.0,"enemies":"Centurion and Healer","floor":22.0,"turns":7.0},{"damage":29.0,"enemies":"Chosen and Byrds","floor":24.0,"turns":7.0},{"damage":27,"enemies":"Slavers","floor":25,"turns":6},{"damage":29,"enemies":"Gremlin Leader","floor":27,"turns":3}],"seed_played":"-3015941944056798147","potions_obtained":[{"floor":2.0,"key":"Energy Potion"},{"floor":13.0,"key":"BlessingOfTheForge"},{"floor":14.0,"key":"LiquidMemories"},{"floor":22.0,"key":"FearPotion"}],"is_trial":false,"path_per_floor":["M","M","?","?","$","R","E","R","T","E","R","M","?","M","R","B",null,"M","?","?","M","M","R","M","E","T","E"],"character_chosen":"DEFECT","items_purchased":["Defragment"],"campfire_rested":0,"item_purchase_floors":[5],"current_hp_per_floor":[64,64,69,69,69,69,69,69,69,42,42,42,42,33,33,14,61,42,42,42,50,53,53,33,18,18,0,0],"gold":312,"neow_bonus":"THREE_ENEMY_KILL","is_daily":false,"chose_seed":false,"campfire_upgraded":5,"win_rate":0.0,"timestamp":1614264315,"path_taken":["M","M","?","?","$","R","E","R","T","E","R","?","?","?","R","BOSS","M","?","?","?","?","R","M","E","T","E"],"items_purchased_type":["Card"],"build_version":"2020-12-18","purchased_purges":0,"victory":false,"max_hp_per_floor":[71,71,76,76,76,76,76,76,76,76,76,76,76,76,76,76,76,76,53,53,53,53,53,53,53,53,53,53],"card_choices":[{"not_picked":["Turbo","Melter"],"picked":"Streamline","floor":1.0},{"not_picked":["Beam Cell","Redo"],"picked":"Compile Driver","floor":2.0},{"not_picked":["Go for the Eyes","Barrage"],"picked":"Steam+1","floor":7.0},{"not_picked":["Doom and Gloom","Meteor Strike"],"picked":"Fission+1","floor":10.0},{"not_picked":["Aggregate+1","Steam+1"],"picked":"Ball Lightning","floor":12.0},{"not_picked":["Rebound","Coolheaded+1"],"picked":"Darkness+1","floor":14.0},{"not_picked":["Amplify+1","All For One"],"picked":"Biased Cognition","floor":16.0},{"not_picked":["Hello World","Cold Snap"],"picked":"Glacier+1","floor":18.0},{"not_picked":["Rebound","Fusion+1"],"picked":"Double Energy+1","floor":21.0},{"not_picked":["Sweeping Beam","Rip and Tear+1"],"picked":"Compile Driver","floor":22.0},{"not_picked":["Machine Learning","Compile Driver"],"picked":"Redo+1","floor":24.0},{"not_picked":["Reprogram+1","Redo+1","Sweeping Beam"],"picked":"SKIP","floor":25}],"player_experience":3124257,"relics_obtained":[{"floor":7.0,"key":"Toxic Egg 2"},{"floor":9.0,"key":"Pantograph"},{"floor":10.0,"key":"Art of War"},{"floor":25,"key":"Bottled Tornado"},{"floor":26,"key":"Thread and Needle"}],"event_choices":[{"damage_healed":0.0,"max_hp_gain":5.0,"max_hp_loss":0.0,"gold_gain":0.0,"event_name":"Big Fish","player_choice":"Donut","floor":3.0,"gold_loss":0.0,"damage_taken":0.0},{"damage_healed":0.0,"max_hp_gain":0.0,"max_hp_loss":0.0,"gold_gain":0.0,"event_name":"WeMeetAgain","player_choice":"Gave Potion","floor":4.0,"gold_loss":0.0,"damage_taken":0.0,"relics_obtained":["Ornamental Fan"]},{"damage_healed":0.0,"max_hp_gain":0.0,"max_hp_loss":0.0,"gold_gain":0.0,"event_name":"The Woman in Blue","player_choice":"Bought 1 Potion","floor":13.0,"gold_loss":0.0,"damage_taken":0.0},{"damage_healed":0.0,"max_hp_gain":0.0,"max_hp_loss":23.0,"gold_gain":0.0,"event_name":"Vampires","player_choice":"Became a vampire","floor":19.0,"gold_loss":0.0,"damage_taken":0.0,"cards_obtained":["Bite","Bite","Bite","Bite","Bite"]},{"damage_healed":0.0,"max_hp_gain":0.0,"max_hp_loss":0.0,"gold_gain":0.0,"event_name":"The Joust","player_choice":"Bet on Murderer","floor":20.0,"gold_loss":50.0,"damage_taken":0.0}],"is_beta":true,"boss_relics":[{"not_picked":["Runic Dome","SacredBark"],"picked":"Coffee Dripper"}],"items_purged_floors":[],"is_endless":false,"potions_floor_spawned":[2,14,16,18,21,22,24],"killed_by":"Gremlin Leader","ascension_level":20}}