{"host":"lmshf3swj20gmdor","time":1614251034,"event":{"mods":["2.2 Compatiblity","BaseMod","Conspire","Downfall","Googly Eyes","Hubris","Minty Spire (QoL Compilation)","Replay The Spire","Spikes Relics","StSLib","Synergy Search","The Servant 0.9.4"],"gold_per_floor":[99,99,134,134,134,134,158,184,202,235,235,250,250,282,302,302,302,302],"floor_reached":16,"language":"ENG","playtime":741,"items_purged":[],"score":128,"play_id":"db9b6931-237a-4818-8896-2e6c8752fed3","local_time":"20210225110354","is_ascension_mode":true,"campfire_choices":[{"data":"bronze:Goto","floor":1,"key":"SMITH"},{"data":"bronze:FindAndReplace","floor":6,"key":"SMITH"},{"data":"bronze:CloningBeam","floor":11,"key":"SMITH"},{"floor":13,"key":"REST"}],"circlet_count":0,"master_deck":["bronze:Strike","bronze:Strike","bronze:Strike","bronze:Strike","bronze:Defend","bronze:Defend","bronze:Defend","bronze:Defend","bronze:Replicate","bronze:Goto+1","bronze:Repulsor","bronze:FindAndReplace+1","bronze:OilSpill","bronze:CloningBeam+1","bronze:Frontload","bronze:Iterate"],"relics":["bronze:BronzeCore","downfall:HeartsMalice","Toy Ornithopter","Juzu Bracelet","RollingBoulder","hubris:AstralHammer","hubris:BundleOfHerbs","Frozen Egg 2"],"acts_visited":["Exordium"],"potions_floor_usage":[],"damage_taken":[{"damage":0,"enemies":"Jaw Worm","floor":2,"turns":1},{"damage":0,"enemies":"conspire:MimicChest","floor":3,"turns":1},{"damage":0,"enemies":"conspire:RoseBush","floor":4,"turns":1},{"damage":26,"enemies":"3 Sentries","floor":8,"turns":10},{"damage":2,"enemies":"2 Louse","floor":9,"turns":3},{"damage":15,"enemies":"Gremlin Nob","floor":10,"turns":4},{"damage":16,"enemies":"2 Fungi Beasts","floor":12,"turns":3},{"damage":15,"enemies":"Replay:BlueRogue","floor":14,"turns":5},{"damage":7,"enemies":"Large Slime","floor":15,"turns":5},{"damage":63,"enemies":"WA_ARCHETYPE_RETAIN","floor":16,"turns":7}],"seed_played":"6514793110657084324","potions_obtained":[{"floor":3,"key":"Adrenaline Potion"},{"floor":8,"key":"SpeedPotion"},{"floor":12,"key":"SpeedPotion"},{"floor":15,"key":"bronze:FreeFunctionsPotion"}],"is_trial":false,"path_per_floor":["R","M","?","M","?","R","T","E","M","E","R","M","R","E","M","B"],"character_chosen":"THE_AUTOMATON","items_purchased":[],"campfire_rested":1,"item_purchase_floors":[],"current_hp_per_floor":[70,70,70,70,63,63,63,37,35,20,20,4,25,60,53,0,0,0],"gold":302,"neow_bonus":"THREE_ENEMY_KILL","is_daily":false,"chose_seed":false,"campfire_upgraded":3,"win_rate":0.0,"timestamp":1614251034,"path_taken":["R","M","?","M","?","R","T","E","M","E","R","M","R","E","M","BOSS"],"items_purchased_type":[],"build_version":"2020-12-22","purchased_purges":0,"victory":false,"max_hp_per_floor":[70,70,70,70,70,70,70,70,70,70,70,70,70,70,70,70,70,70],"card_choices":[{"not_picked":["bronze:Deprecate","bronze:WhirlingStrike"],"picked":"bronze:Repulsor","floor":2},{"not_picked":["bronze:Repulsor","bronze:Turbo"],"picked":"bronze:FindAndReplace","floor":4},{"not_picked":["bronze:Backtrace","bronze:Overload"],"picked":"bronze:OilSpill","floor":8},{"not_picked":["bronze:Overheat","bronze:Turbo"],"picked":"bronze:CloningBeam","floor":9},{"not_picked":["bronze:Return","bronze:Refactor"],"picked":"bronze:Frontload","floor":10},{"not_picked":["bronze:Frontload","bronze:DelayedSlice"],"picked":"bronze:Iterate","floor":12},{"not_picked":["bronze:BitShift","bronze:Fortify","bronze:Refactor"],"picked":"SKIP","floor":14},{"not_picked":["bronze:Repair","bronze:FineTuning","bronze:TinkerersToolbox"],"picked":"SKIP","floor":15},{"not_picked":["bronze:Repair","bronze:FineTuning","bronze:TinkerersToolbox"],"picked":"SKIP","floor":15}],"player_experience":843393,"relics_obtained":[{"floor":3,"key":"Toy Ornithopter"},{"floor":7,"key":"RollingBoulder"},{"floor":8,"key":"hubris:AstralHammer"},{"floor":10,"key":"hubris:BundleOfHerbs"},{"floor":14,"key":"Frozen Egg 2"}],"event_choices":[{"damage_healed":0,"gold_gain":0,"player_choice":"Success","damage_taken":7,"relics_obtained":["Juzu Bracelet"],"max_hp_gain":0,"max_hp_loss":0,"event_name":"Scrap Ooze","floor":5,"gold_loss":0}],"is_beta":false,"boss_relics":[],"items_purged_floors":[],"is_endless":false,"potions_floor_spawned":[3,8,12,15],"killed_by":"WA_ARCHETYPE_RETAIN","ascension_level":2}}