{"host":"30jsp143e4v19aze","time":1614279865,"event":{"mods":["BaseMod","Colored Map","Colored Powertips","Curses Come First","DeckTracker","Highlight Path","Minty Spire (QoL Compilation)","Quick Restart","Relic Stats","StSLib","everything is the same but u backflip on backflip","slay the spire mod where everything is the same but ironclad has a cowboy hat"],"gold_per_floor":[110,128,140,150,168,168,168],"floor_reached":6,"language":"ENG","playtime":138,"items_purged":[],"score":80,"play_id":"534645f3-2ade-43e6-af32-b9797e9a6586","local_time":"20210225200425","is_ascension_mode":true,"campfire_choices":[],"circlet_count":0,"master_deck":["AscendersBane","Strike_R","Strike_R","Strike_R","Strike_R","Strike_R","Defend_R","Defend_R","Defend_R","Defend_R","Bash","Wild Strike","Inflame","Pommel Strike","Flame Barrier","Shrug It Off"],"relics":["Burning Blood","NeowsBlessing"],"acts_visited":["Exordium"],"potions_floor_usage":[],"damage_taken":[{"damage":0,"enemies":"Cultist","floor":1,"turns":1},{"damage":0,"enemies":"2 Louse","floor":2,"turns":1},{"damage":0,"enemies":"Small Slimes","floor":3,"turns":1},{"damage":35,"enemies":"Gremlin Gang","floor":4,"turns":4},{"damage":28,"enemies":"3 Louse","floor":5,"turns":3},{"damage":32,"enemies":"Gremlin Nob","floor":6,"turns":3}],"seed_played":"-8304242960883258190","potions_obtained":[{"floor":1,"key":"DuplicationPotion"},{"floor":2,"key":"HeartOfIron"}],"is_trial":false,"path_per_floor":["M","M","M","M","M","E"],"character_chosen":"IRONCLAD","items_purchased":[],"campfire_rested":0,"item_purchase_floors":[],"current_hp_per_floor":[74,75,75,46,24,0,0],"gold":168,"neow_bonus":"THREE_ENEMY_KILL","is_daily":false,"chose_seed":false,"campfire_upgraded":0,"win_rate":0.0,"timestamp":1614279865,"path_taken":["M","?","M","?","M","E"],"items_purchased_type":[],"build_version":"2020-12-22","purchased_purges":0,"victory":false,"max_hp_per_floor":[75,75,75,75,75,75,75],"relic_stats":{"counters":[6,13],"obtain_stats":[{"NeowsBlessing":0,"Burning Blood":0},{"NeowsBlessing":0,"Burning Blood":0},{"NeowsBlessing":0,"Burning Blood":0}],"Burning Blood":19},"card_choices":[{"not_picked":["Burning Pact","Sever Soul"],"picked":"Wild Strike","floor":1},{"not_picked":["Twin Strike","Flex"],"picked":"Inflame","floor":2},{"not_picked":["Havoc","Anger"],"picked":"Pommel Strike","floor":3},{"not_picked":["Anger","Warcry"],"picked":"Flame Barrier","floor":4},{"not_picked":["Uppercut","Clothesline"],"picked":"Shrug It Off","floor":5}],"player_experience":3301028,"relics_obtained":[],"event_choices":[],"is_beta":false,"boss_relics":[],"items_purged_floors":[],"is_endless":false,"potions_floor_spawned":[1,2],"killed_by":"Gremlin Nob","ascension_level":20}}