{"host":"jlk2k69f9c6o7b3e","time":1614239743,"event":{"mods":["AchievementEnabler","BaseMod","Minty Spire (QoL Compilation)","StSLib"],"gold_per_floor":[115,115,132,148,164,164,194,194,221,249,262,36,54,79,79,152,152,168,74,173,47,58,84,71,96,96,96,96,96,126,226,226,297,297,314,314,193,211,226,253,253,253,265,303,328,375,59,59,59,59],"floor_reached":51,"language":"ZHS","playtime":3415,"items_purged":["Strike_G"],"score":1791,"play_id":"381e2809-e9d8-4156-8988-ec8cb721abf1","local_time":"20210225155543","is_ascension_mode":true,"campfire_choices":[{"data":"Noxious Fumes","floor":6.0,"key":"SMITH"},{"data":"A Thousand Cuts","floor":8.0,"key":"SMITH"},{"data":"Adrenaline","floor":15.0,"key":"SMITH"},{"data":"Panache","floor":27.0,"key":"SMITH"},{"data":"Sadistic Nature","floor":29.0,"key":"SMITH"},{"data":"Acrobatics","floor":32.0,"key":"SMITH"},{"data":"Noxious Fumes","floor":41,"key":"SMITH"},{"data":"Discovery","floor":49,"key":"SMITH"}],"circlet_count":0,"master_deck":["AscendersBane","Strike_G","Strike_G","Defend_G","Defend_G","Defend_G","Defend_G","Defend_G","Survivor","Neutralize","Noxious Fumes+1","Backflip","Dagger Throw","A Thousand Cuts+1","Backflip","Adrenaline","Backstab","Noxious Fumes+1","Acrobatics","Adrenaline+1","A Thousand Cuts","Terror","Sadistic Nature+1","Panache+1","Footwork","Escape Plan","Backflip","Acrobatics+1","Escape Plan","Well Laid Plans","Reflex","Adrenaline","Footwork","Prepared","Accuracy+1","Expertise+1","Blur","Panache","Well Laid Plans","Mayhem","Finesse","Discovery+1"],"relics":["Philosopher\u0027s Stone","Odd Mushroom","PreservedInsect","Toy Ornithopter","Membership Card","Mummified Hand","Runic Pyramid","Meat on the Bone","Snake Skull","Letter Opener","Singing Bowl","Turnip","Molten Egg 2","Coffee Dripper","Anchor","Ancient Tea Set","MawBank","Darkstone Periapt","Bottled Lightning","Du-Vu Doll","Bottled Tornado","Toolbox"],"acts_visited":["TheCity","TheBeyond"],"potions_floor_usage":[50,50],"damage_taken":[{"damage":0.0,"enemies":"Cultist","floor":1.0,"turns":4.0},{"damage":2.0,"enemies":"2 Louse","floor":3.0,"turns":3.0},{"damage":0.0,"enemies":"Jaw Worm","floor":4.0,"turns":4.0},{"damage":0.0,"enemies":"2 Fungi Beasts","floor":5.0,"turns":3.0},{"damage":20.0,"enemies":"The Mushroom Lair","floor":7.0,"turns":3.0},{"damage":18.0,"enemies":"Gremlin Nob","floor":10.0,"turns":4.0},{"damage":4.0,"enemies":"Looter","floor":11.0,"turns":3.0},{"damage":5.0,"enemies":"Exordium Thugs","floor":13.0,"turns":4.0},{"damage":2.0,"enemies":"3 Sentries","floor":14.0,"turns":5.0},{"damage":17.0,"enemies":"The Guardian","floor":16.0,"turns":8.0},{"damage":0.0,"enemies":"Chosen","floor":18.0,"turns":4.0},{"damage":7.0,"enemies":"3 Byrds","floor":22.0,"turns":2.0},{"damage":15.0,"enemies":"Book of Stabbing","floor":23.0,"turns":4.0},{"damage":17.0,"enemies":"Slavers","floor":25.0,"turns":3.0},{"damage":9.0,"enemies":"Gremlin Leader","floor":30.0,"turns":3.0},{"damage":2.0,"enemies":"Colosseum Slavers","floor":31.0,"turns":2.0},{"damage":2.0,"enemies":"Colosseum Nobs","floor":31.0,"turns":3.0},{"damage":24.0,"enemies":"Collector","floor":33.0,"turns":5.0},{"damage":0.0,"enemies":"Orb Walker","floor":35.0,"turns":2.0},{"damage":0.0,"enemies":"3 Shapes","floor":38.0,"turns":2.0},{"damage":29.0,"enemies":"Spire Growth","floor":39.0,"turns":3.0},{"damage":12,"enemies":"Nemesis","floor":40,"turns":5},{"damage":0,"enemies":"Giant Head","floor":44,"turns":5},{"damage":0,"enemies":"Transient","floor":45,"turns":5},{"damage":0,"enemies":"Nemesis","floor":46,"turns":1},{"damage":40,"enemies":"Time Eater","floor":50,"turns":5}],"seed_played":"-4968733624690557933","potions_obtained":[{"floor":1.0,"key":"DistilledChaos"},{"floor":4.0,"key":"AttackPotion"},{"floor":7.0,"key":"GamblersBrew"},{"floor":10.0,"key":"ColorlessPotion"},{"floor":13.0,"key":"FairyPotion"},{"floor":18.0,"key":"PowerPotion"},{"floor":30.0,"key":"Strength Potion"},{"floor":31.0,"key":"DuplicationPotion"},{"floor":35.0,"key":"FearPotion"},{"floor":38.0,"key":"Explosive Potion"},{"floor":39.0,"key":"BlessingOfTheForge"}],"is_trial":false,"path_per_floor":["M","?","M","M","M","R","?","R","T","E","M","$","M","E","R","B",null,"M","$","?","$","M","E","$","E","T","R","?","R","E","?","R","B",null,"M","?","$","M","M","E","R","T","T","E","M","E","$","?","R","B",null],"character_chosen":"THE_SILENT","items_purchased":["Membership Card","Noxious Fumes","Sadistic Nature","Panache","Footwork","Acrobatics","Anchor","Footwork","Prepared","Panache","Well Laid Plans","Bottled Tornado","Toolbox"],"campfire_rested":0,"item_purchase_floors":[12,12,19,21,21,24,37,37,37,47,47,47,47],"current_hp_per_floor":[59,59,57,57,57,57,37,37,37,19,15,15,10,13,13,19,54,54,54,54,54,47,32,32,27,27,27,49,49,40,41,41,39,59,61,61,61,61,46,46,46,46,46,48,48,50,50,40,40,22],"gold":59,"neow_bonus":"BOSS_RELIC","is_daily":false,"chose_seed":false,"campfire_upgraded":8,"win_rate":0.0,"timestamp":1614239743,"path_taken":["M","?","?","?","M","R","?","R","T","E","M","$","M","E","R","BOSS","M","$","?","$","M","E","$","E","T","R","?","R","E","?","R","BOSS","M","?","$","M","M","E","R","?","T","E","M","E","?","?","R","BOSS"],"items_purchased_type":["Relic","Card","Card","Card","Card","Card","Relic","Card","Card","Card","Card","Relic","Relic"],"build_version":"2020-12-22","purchased_purges":1,"victory":true,"max_hp_per_floor":[66,66,66,66,66,66,66,66,66,66,66,66,66,66,66,66,66,66,66,66,66,66,66,66,66,66,66,66,66,66,66,66,66,66,68,68,68,68,70,70,70,70,70,72,72,74,74,74,74,74],"card_choices":[{"not_picked":["Accuracy","Setup"],"picked":"Noxious Fumes","floor":1.0},{"not_picked":["Blade Dance","Bane"],"picked":"Backflip","floor":3.0},{"not_picked":["Prepared","Heel Hook"],"picked":"Dagger Throw","floor":4.0},{"not_picked":["Cloak And Dagger","Blade Dance"],"picked":"A Thousand Cuts","floor":5.0},{"not_picked":["Backstab","PiercingWail"],"picked":"Backflip","floor":7.0},{"not_picked":["Deadly Poison","Bane"],"picked":"Adrenaline","floor":10.0},{"not_picked":["Deflect","Dodge and Roll"],"picked":"Backstab","floor":11.0},{"not_picked":["Masterful Stab","Finisher"],"picked":"Acrobatics","floor":13.0},{"not_picked":["Bane","Grand Finale"],"picked":"Adrenaline","floor":14.0},{"not_picked":["Die Die Die","Unload"],"picked":"A Thousand Cuts","floor":16.0},{"not_picked":["Bane","Deflect"],"picked":"Terror","floor":18.0},{"not_picked":["Sucker Punch","Calculated Gamble"],"picked":"Escape Plan","floor":22.0},{"not_picked":["PiercingWail","Flying Knee"],"picked":"Backflip","floor":23.0},{"not_picked":["Bullet Time","Sucker Punch"],"picked":"Escape Plan","floor":25.0},{"not_picked":["All Out Attack","Deadly Poison"],"picked":"Well Laid Plans","floor":30.0},{"not_picked":["Deadly Poison","Underhanded Strike+1"],"picked":"Reflex","floor":31.0},{"not_picked":["Glass Knife+1","Corpse Explosion"],"picked":"Adrenaline","floor":33.0},{"not_picked":["Cloak And Dagger","Deflect","All Out Attack+1"],"picked":"Singing Bowl","floor":35.0},{"not_picked":["Reflex","Blade Dance"],"picked":"Accuracy+1","floor":38.0},{"not_picked":["Riddle With Holes+1","Terror","Acrobatics"],"picked":"Singing Bowl","floor":39.0},{"not_picked":["Eviscerate+1","Underhanded Strike+1"],"picked":"Expertise+1","floor":40},{"not_picked":["Underhanded Strike+1","Backflip+1","Grand Finale+1"],"picked":"Singing Bowl","floor":44},{"not_picked":["Slice+1","PiercingWail"],"picked":"Blur","floor":45},{"not_picked":["Slice+1","Sucker Punch+1","Poisoned Stab+1"],"picked":"Singing Bowl","floor":46},{"not_picked":["Apotheosis","Chrysalis"],"picked":"Mayhem","floor":48},{"not_picked":["Madness","Secret Weapon"],"picked":"Finesse","floor":48},{"not_picked":["Enlightenment","Forethought"],"picked":"Discovery","floor":48}],"player_experience":387052,"relics_obtained":[{"floor":7.0,"key":"Odd Mushroom"},{"floor":9.0,"key":"PreservedInsect"},{"floor":10.0,"key":"Toy Ornithopter"},{"floor":14.0,"key":"Mummified Hand"},{"floor":23.0,"key":"Meat on the Bone"},{"floor":25.0,"key":"Snake Skull"},{"floor":26.0,"key":"Letter Opener"},{"floor":30.0,"key":"Singing Bowl"},{"floor":31.0,"key":"Turnip"},{"floor":31.0,"key":"Molten Egg 2"},{"floor":40,"key":"Ancient Tea Set"},{"floor":42,"key":"MawBank"},{"floor":43,"key":"Darkstone Periapt"},{"floor":44,"key":"Bottled Lightning"},{"floor":46,"key":"Du-Vu Doll"}],"event_choices":[{"cards_removed":["Strike_G"],"damage_healed":0.0,"max_hp_gain":0.0,"max_hp_loss":0.0,"gold_gain":0.0,"event_name":"Bonfire Elementals","player_choice":"Offered Basic","floor":2.0,"gold_loss":0.0,"damage_taken":0.0},{"damage_healed":0.0,"max_hp_gain":0.0,"max_hp_loss":0.0,"gold_gain":0.0,"event_name":"Mushrooms","player_choice":"Fought Mushrooms","floor":7.0,"gold_loss":0.0,"damage_taken":0.0},{"damage_healed":0.0,"max_hp_gain":0.0,"max_hp_loss":0.0,"gold_gain":99.0,"event_name":"Nest","player_choice":"Stole From Cult","floor":20.0,"gold_loss":0.0,"damage_taken":0.0},{"damage_healed":22.0,"max_hp_gain":0.0,"max_hp_loss":0.0,"gold_gain":0.0,"event_name":"The Library","player_choice":"Heal","floor":28.0,"gold_loss":0.0,"damage_taken":0.0},{"damage_healed":0.0,"max_hp_gain":0.0,"max_hp_loss":0.0,"gold_gain":0.0,"event_name":"Colosseum","player_choice":"Fight","floor":31.0,"gold_loss":0.0,"damage_taken":0.0},{"damage_healed":0.0,"max_hp_gain":0.0,"max_hp_loss":0.0,"gold_gain":0.0,"event_name":"Colosseum","player_choice":"Fought Nobs","floor":31.0,"gold_loss":0.0,"damage_taken":0.0},{"cards_removed":["Strike_G"],"damage_healed":0.0,"max_hp_gain":0.0,"max_hp_loss":0.0,"gold_gain":0.0,"event_name":"Falling","player_choice":"Removed Attack","floor":36.0,"gold_loss":0.0,"damage_taken":0.0},{"damage_healed":0,"gold_gain":0,"player_choice":"Memory 3","damage_taken":10,"max_hp_gain":0,"max_hp_loss":0,"event_name":"SensoryStone","floor":48,"gold_loss":0}],"is_beta":false,"boss_relics":[{"not_picked":["Astrolabe","Runic Dome"],"picked":"Runic Pyramid"},{"not_picked":["Empty Cage","Fusion Hammer"],"picked":"Coffee Dripper"}],"items_purged_floors":[12],"is_endless":false,"potions_floor_spawned":[1,4,7,10,13,18,30,31,31,35,38,39],"ascension_level":14}}