{"host":"or8fr2mp0k3eluj8","time":1614262744,"event":{"mods":["AchievementEnabler","BaseMod","Colored Map","DeckTracker","Keyboard Shortcuts","Minty Spire (QoL Compilation)","StSLib","SuperFastMode","everything is the same but u backflip on backflip"],"gold_per_floor":[118,118,138,155,174,174,188,188,237,271,271,271,287,298,298,298,298],"floor_reached":16,"language":"KOR","playtime":375,"items_purged":[],"score":130,"play_id":"608505c7-aac4-4dfe-a6b1-58d5cab82fd4","local_time":"20210225231904","is_ascension_mode":true,"campfire_choices":[{"data":"Searing Blow","floor":6,"key":"SMITH"},{"data":"Searing Blow+1","floor":8,"key":"SMITH"},{"data":"Searing Blow+2","floor":11,"key":"SMITH"},{"data":"Searing Blow+3","floor":15,"key":"SMITH"}],"circlet_count":0,"master_deck":["Strike_R","Strike_R","Strike_R","Strike_R","Defend_R","Defend_R","Defend_R","Defend_R","Bash","Clash","Twin Strike","Searing Blow+4","Uppercut","Metallicize","Cleave"],"relics":["Burning Blood","NeowsBlessing","Shuriken","Anchor","Regal Pillow"],"acts_visited":["Exordium"],"potions_floor_usage":[5,14],"damage_taken":[{"damage":0,"enemies":"Small Slimes","floor":1,"turns":1},{"damage":0,"enemies":"Cultist","floor":3,"turns":1},{"damage":0,"enemies":"Jaw Worm","floor":4,"turns":1},{"damage":18,"enemies":"Large Slime","floor":5,"turns":5},{"damage":9,"enemies":"Blue Slaver","floor":7,"turns":3},{"damage":37,"enemies":"3 Sentries","floor":10,"turns":8},{"damage":0,"enemies":"Red Slaver","floor":13,"turns":2},{"damage":0,"enemies":"Exordium Thugs","floor":14,"turns":3},{"damage":53,"enemies":"Hexaghost","floor":16,"turns":9}],"seed_played":"-375994725044615361","potions_obtained":[{"floor":3,"key":"Dexterity Potion"},{"floor":5,"key":"Fruit Juice"},{"floor":13,"key":"DistilledChaos"}],"is_trial":false,"path_per_floor":["M","?","M","M","M","R","M","R","T","E","R","?","M","M","R","B"],"character_chosen":"IRONCLAD","items_purchased":[],"campfire_rested":0,"item_purchase_floors":[],"current_hp_per_floor":[80,73,79,80,73,73,70,70,70,39,39,39,45,51,51,0,0],"gold":298,"neow_bonus":"THREE_ENEMY_KILL","is_daily":false,"chose_seed":false,"campfire_upgraded":4,"win_rate":0.0,"timestamp":1614262744,"path_taken":["M","?","M","M","M","R","M","R","T","E","R","?","M","?","R","BOSS"],"items_purchased_type":[],"build_version":"2020-12-22","purchased_purges":0,"victory":false,"max_hp_per_floor":[80,80,80,80,85,85,85,85,85,85,85,85,85,85,85,85,85],"card_choices":[{"not_picked":["Warcry","Armaments"],"picked":"Clash","floor":1},{"not_picked":["Inflame","Reckless Charge"],"picked":"Twin Strike","floor":3},{"not_picked":["Exhume","Clash"],"picked":"Searing Blow","floor":4},{"not_picked":["Havoc","Twin Strike"],"picked":"Uppercut","floor":5},{"not_picked":["Carnage","Intimidate","Havoc"],"picked":"SKIP","floor":7},{"not_picked":["Clash","Havoc","Sword Boomerang"],"picked":"SKIP","floor":10},{"not_picked":["Sever Soul","Spot Weakness","Dropkick"],"picked":"SKIP","floor":13},{"not_picked":["Rampage","Limit Break"],"picked":"Cleave","floor":14}],"player_experience":442594,"relics_obtained":[{"floor":9,"key":"Anchor"},{"floor":10,"key":"Regal Pillow"}],"event_choices":[{"damage_healed":0,"gold_gain":0,"player_choice":"Success","damage_taken":7,"relics_obtained":["Shuriken"],"max_hp_gain":0,"max_hp_loss":0,"event_name":"Scrap Ooze","floor":2,"gold_loss":0},{"damage_healed":0,"gold_gain":0,"cards_transformed":["Strike_R"],"player_choice":"Transformed","damage_taken":0,"max_hp_gain":0,"max_hp_loss":0,"event_name":"Transmorgrifier","floor":12,"gold_loss":0,"cards_obtained":["Metallicize"]}],"is_beta":false,"boss_relics":[],"items_purged_floors":[],"is_endless":false,"potions_floor_spawned":[3,5,13],"killed_by":"Hexaghost","ascension_level":5}}