{"host":"qiddgr1lyn3b7c88","time":1614232266,"event":{"mods":["Aspiration","BaseMod","Colored Map","Highlight Path","Minty Spire (QoL Compilation)","Replay The Spire","Shop Mod","StSLib","Synergy Search","The Alterego","egg"],"gold_per_floor":[112,112,37,52,71,101,118,145,145,160,190,200,46,58,58,162,262,272,282,302,313,313,313,323,355,378,409,409,433,433,459,459,564,564,584,584,484,497,513,543,555,601,613,655,684,707,719,751,763,775,787,799,530,556,556],"floor_reached":56,"language":"ENG","playtime":4445,"items_purged":["ReplayTheSpireMod:Exploit Weakness","alterego_mod:Strike"],"score":1513,"play_id":"e453257c-36d5-463d-b050-902136ac25d6","local_time":"20210225005106","is_ascension_mode":true,"campfire_choices":[{"floor":15,"key":"REST"},{"floor":23,"key":"REST"},{"data":"alterego_mod:Impale","floor":30,"key":"PURGE"},{"data":"alterego_mod:TrashNCrash","floor":32,"key":"SMITH"},{"data":"alterego_mod:PainIsPleasure","floor":41,"key":"SMITH"},{"floor":47,"key":"RECALL"},{"data":"Parasite","floor":49,"key":"PURGE"},{"data":"alterego_mod:BigMeatyClaws","floor":52,"key":"SMITH"}],"circlet_count":0,"master_deck":["alterego_mod:Strike","alterego_mod:Strike","alterego_mod:BigMeatyClaws+1","alterego_mod:BrynhildrsRune","alterego_mod:1TonWallop","Prepared","Survivor","alterego_mod:ChallengeComplete","alterego_mod:TrashNCrash+1","alterego_mod:Bloomers","alterego_mod:MagicResistance+1","alterego_mod:DestructionOfProperty","alterego_mod:Skirt","alterego_mod:Palingenesis","alterego_mod:Maid","alterego_mod:BreastValley","alterego_mod:IdEs+1","alterego_mod:Mirror","alterego_mod:ChallengeComplete+1","alterego_mod:Stockings+1","alterego_mod:PainIsPleasure+1","alterego_mod:Cushion+1","alterego_mod:Birthday","alterego_mod:Punishment","alterego_mod:SideboobHour","Twin Strike+1","alterego_mod:Clones+1","Double Tap","alterego_mod:GoddessCore+1","alterego_mod:Rip","Juggernaut+1","Impervious","alterego_mod:TrashNCrash+1"],"relics":["alterego_mod:MasochisticConstitution","Peace Pipe","CaptainsWheel","Torii","Simple Rune","ClockworkSouvenir","Replay:Wanted Poster","Shuriken","Replay:Rubber Ducky","ReplayTheSpireMod:TigerMarble","Potion Belt","aspiration:IroncladSkillbook","Centennial Puzzle","MawBank","War Paint","Quantum Egg","Gremlin Food"],"acts_visited":["Exordium","TheCity","TheBeyond","TheEnding"],"potions_floor_usage":[6,11,12,14,16,18,21,25,42,45,46,55,55],"damage_taken":[{"damage":2,"enemies":"2 Louse","floor":1,"turns":5},{"damage":8,"enemies":"Cultist","floor":4,"turns":3},{"damage":8,"enemies":"Jaw Worm","floor":5,"turns":4},{"damage":13,"enemies":"Gremlin Nob","floor":6,"turns":4},{"damage":12,"enemies":"3 Louse","floor":7,"turns":2},{"damage":23,"enemies":"Replay:BlueRogue","floor":8,"turns":7},{"damage":9,"enemies":"Blue Slaver","floor":10,"turns":7},{"damage":14,"enemies":"Lagavulin","floor":11,"turns":9},{"damage":7,"enemies":"Exordium Thugs","floor":12,"turns":7},{"damage":16,"enemies":"Red Slaver","floor":14,"turns":2},{"damage":9,"enemies":"Slime Boss","floor":16,"turns":8},{"damage":15,"enemies":"3 Byrds","floor":18,"turns":7},{"damage":19,"enemies":"Chosen","floor":19,"turns":5},{"damage":16,"enemies":"Snecko","floor":20,"turns":5},{"damage":13,"enemies":"Snake Plant","floor":21,"turns":5},{"damage":17,"enemies":"Centurion and Healer","floor":24,"turns":9},{"damage":21,"enemies":"Book of Stabbing","floor":25,"turns":9},{"damage":5,"enemies":"Replay:Snechameleon","floor":27,"turns":8},{"damage":1,"enemies":"3 Cultists","floor":29,"turns":6},{"damage":0,"enemies":"Champ","floor":33,"turns":3},{"damage":0,"enemies":"Orb Walker","floor":35,"turns":3},{"damage":10,"enemies":"3 Darklings","floor":38,"turns":4},{"damage":1,"enemies":"Spire Growth","floor":39,"turns":5},{"damage":51,"enemies":"Reptomancer","floor":40,"turns":9},{"damage":4,"enemies":"R_Hoarder","floor":42,"turns":7},{"damage":7,"enemies":"Reptomancer","floor":44,"turns":12},{"damage":5,"enemies":"Jaw Worm Horde","floor":45,"turns":5},{"damage":16,"enemies":"3 Darklings","floor":46,"turns":7},{"damage":1,"enemies":"Writhing Mass","floor":48,"turns":6},{"damage":24,"enemies":"Time Eater","floor":50,"turns":9},{"damage":3,"enemies":"Shield and Spear","floor":54,"turns":5},{"damage":5,"enemies":"The Heart","floor":55,"turns":6}],"seed_played":"2014019933557118627","potions_obtained":[{"floor":4,"key":"Adrenaline Potion"},{"floor":5,"key":"Fire Potion"},{"floor":6,"key":"EssenceOfSteel"},{"floor":11,"key":"BlessingOfTheForge"},{"floor":12,"key":"BlessingOfTheForge"},{"floor":16,"key":"Adrenaline Potion"},{"floor":19,"key":"Venom Potion"},{"floor":20,"key":"DistilledChaos"},{"floor":24,"key":"BlessingOfTheForge"},{"floor":25,"key":"Elixir"},{"floor":29,"key":"Regen Potion"},{"floor":33,"key":"Languid Potion"},{"floor":40,"key":"GamblersBrew"},{"floor":44,"key":"EssenceOfSteel"},{"floor":45,"key":"BlessingOfTheForge"},{"floor":54,"key":"Explosive Potion"}],"is_trial":false,"path_per_floor":["M","?","$","M","M","E","M","E","T","M","E","M","$","M","R","B",null,"M","M","M","M","?","R","M","E","T","E","?","M","R","T","R","B",null,"M","?","$","M","M","E","R","E","T","E","M","M","R","M","R_BF","B",null,"R","$","E","B",null],"character_chosen":"The_Alterego","items_purchased":["ClockworkSouvenir","Juggernaut+1","Impervious"],"campfire_rested":2,"item_purchase_floors":[13,53,53],"current_hp_per_floor":[64,64,64,64,64,52,62,40,40,39,26,27,27,12,33,32,74,67,49,41,36,21,45,58,49,49,50,50,60,60,60,60,62,87,87,87,87,82,89,66,66,90,90,92,93,82,82,90,90,84,93,93,93,94,95],"gold":556,"neow_bonus":"REMOVE_TWO","is_daily":false,"chose_seed":false,"campfire_upgraded":3,"win_rate":0.0,"timestamp":1614232266,"path_taken":["M","?","$","M","M","E","M","E","T","M","E","M","$","?","R","BOSS","M","M","M","?","?","R","M","E","T","E","?","M","R","?","R","BOSS","M","?","?","M","M","E","R","E","T","E","?","M","R","M","R_BF","BOSS","R","$","E","BOSS"],"items_purchased_type":["Relic","Card","Card"],"build_version":"2020-12-22","purchased_purges":2,"victory":true,"max_hp_per_floor":[64,64,64,65,66,67,68,69,69,70,71,72,72,73,73,74,74,75,76,77,78,83,83,84,85,85,86,86,87,87,87,87,87,87,87,87,87,88,89,90,90,91,91,92,93,94,94,95,92,93,93,93,93,94,95],"card_choices":[{"not_picked":["alterego_mod:Cycle","alterego_mod:Complex"],"picked":"alterego_mod:1TonWallop","floor":1},{"not_picked":["alterego_mod:Mirror","alterego_mod:Crossover"],"picked":"alterego_mod:ChallengeComplete","floor":4},{"not_picked":["alterego_mod:Bounce","alterego_mod:HighServant"],"picked":"alterego_mod:TrashNCrash","floor":5},{"not_picked":["alterego_mod:Clap","alterego_mod:STier"],"picked":"alterego_mod:Bloomers","floor":6},{"not_picked":["alterego_mod:DeftHands","alterego_mod:Crossover"],"picked":"alterego_mod:MagicResistance","floor":7},{"not_picked":["alterego_mod:PresenceConcealment","alterego_mod:Rake"],"picked":"alterego_mod:DestructionOfProperty","floor":8},{"not_picked":["alterego_mod:Santa","alterego_mod:BeGentle"],"picked":"alterego_mod:Skirt","floor":10},{"not_picked":["alterego_mod:Cycle","alterego_mod:DeftHands"],"picked":"alterego_mod:Palingenesis","floor":11},{"not_picked":["alterego_mod:PerceptionDisorder","alterego_mod:TrashNCrash"],"picked":"alterego_mod:Maid","floor":12},{"not_picked":["alterego_mod:Complex","alterego_mod:TrashNCrash"],"picked":"alterego_mod:BreastValley","floor":14},{"not_picked":["alterego_mod:GIGAMILK","alterego_mod:AlterEgo"],"picked":"alterego_mod:IdEs","floor":16},{"not_picked":["alterego_mod:HighServant+1","alterego_mod:Undulate+1"],"picked":"alterego_mod:Mirror","floor":18},{"not_picked":["alterego_mod:1TonWallop","alterego_mod:Complex"],"picked":"alterego_mod:ChallengeComplete+1","floor":19},{"not_picked":["alterego_mod:HighServant","alterego_mod:Rip"],"picked":"alterego_mod:Stockings+1","floor":20},{"not_picked":["alterego_mod:MagicResistance","alterego_mod:Schoolgirl"],"picked":"alterego_mod:PainIsPleasure","floor":21},{"not_picked":["alterego_mod:BiFurious+1","alterego_mod:1TonWallop"],"picked":"alterego_mod:Cushion+1","floor":24},{"not_picked":["alterego_mod:Nekomimi","alterego_mod:BustOut"],"picked":"alterego_mod:Birthday","floor":25},{"not_picked":["alterego_mod:Stockings","alterego_mod:Complex"],"picked":"alterego_mod:Belle+1","floor":27},{"not_picked":["alterego_mod:Birthday+1","alterego_mod:GoddessCore+1"],"picked":"alterego_mod:Punishment","floor":29},{"not_picked":["alterego_mod:Weigh","alterego_mod:STier"],"picked":"alterego_mod:SideboobHour","floor":33},{"not_picked":["Shockwave+1","alterego_mod:Complex+1","Intimidate"],"picked":"Twin Strike+1","floor":35},{"not_picked":["Life Link+1","ReplayTheSpireMod:Corrosion Curse","alterego_mod:DiscoLights"],"picked":"alterego_mod:Clones+1","floor":38},{"not_picked":["Entrench+1","Havoc+1","alterego_mod:SakuraPetals+1","Warcry"],"picked":"SKIP","floor":39},{"not_picked":["alterego_mod:Pet+1","alterego_mod:Jiggle","alterego_mod:DiscoLights+1"],"picked":"Double Tap","floor":40},{"not_picked":["alterego_mod:Complex+1","Rage+1","alterego_mod:DiscoLights+1","alterego_mod:Undulate"],"picked":"SKIP","floor":42},{"not_picked":["alterego_mod:Lingerie+1","alterego_mod:RidiculouslyBig","alterego_mod:Clap+1","alterego_mod:PurpleHair"],"picked":"SKIP","floor":44},{"not_picked":["Rage+1","ReplayTheSpireMod:Corrosion Curse","Thunderclap"],"picked":"alterego_mod:GoddessCore+1","floor":45},{"not_picked":["Hemokinesis","Second Wind+1","alterego_mod:Cooking+1","Replay:Undeath\u0027s Touch+1"],"picked":"SKIP","floor":46},{"not_picked":["Replay:Undeath\u0027s Touch","Clothesline","alterego_mod:Mirror+1"],"picked":"alterego_mod:Rip","floor":48},{"not_picked":["Searing Blow","Burning Pact+1","alterego_mod:HighServant+1"],"picked":"alterego_mod:TrashNCrash+1","floor":54}],"player_experience":1076305,"relics_obtained":[{"floor":6,"key":"Peace Pipe"},{"floor":8,"key":"CaptainsWheel"},{"floor":9,"key":"Torii"},{"floor":11,"key":"Simple Rune"},{"floor":25,"key":"Shuriken"},{"floor":26,"key":"Replay:Rubber Ducky"},{"floor":27,"key":"ReplayTheSpireMod:TigerMarble"},{"floor":31,"key":"Potion Belt"},{"floor":36,"key":"Centennial Puzzle"},{"floor":40,"key":"MawBank"},{"floor":42,"key":"War Paint"},{"floor":44,"key":"Quantum Egg"},{"floor":54,"key":"Gremlin Food"}],"event_choices":[{"damage_healed":0,"gold_gain":0,"player_choice":"Shed Blood","damage_taken":20,"max_hp_gain":5,"max_hp_loss":0,"event_name":"Forgotten Altar","floor":22,"gold_loss":0},{"damage_healed":0,"gold_gain":0,"player_choice":"Ignored","damage_taken":0,"max_hp_gain":0,"max_hp_loss":0,"event_name":"Beggar","floor":28,"gold_loss":0},{"damage_healed":0,"gold_gain":0,"player_choice":"Relic","damage_taken":0,"max_hp_gain":0,"max_hp_loss":0,"event_name":"Wheel of Change","floor":36,"gold_loss":0}],"is_beta":false,"boss_relics":[{"not_picked":["Tiny House","aspiration:SilentSkillbook"],"picked":"Replay:Wanted Poster"},{"not_picked":["Replay:Grab Bag","Astrolabe"],"picked":"aspiration:IroncladSkillbook"}],"items_purged_floors":[3,37],"is_endless":false,"potions_floor_spawned":[4,5,6,11,12,16,19,20,24,25,29,33,40,44,45,54],"ascension_level":2}}