{"host":"anox4050deqdcqoh","time":1614286635,"event":{"mods":["BaseMod","Colored Map","Displayed Cursed Tome","Highlight Path","Minty Spire (QoL Compilation)","Quick Restart","Rare Cards Sparkle","everything is the same but u backflip on backflip"],"gold_per_floor":[212,212,225,240,257,257,277,277,301,329,372,398,429,453,465,574,586,598,598],"floor_reached":18,"language":"ENG","playtime":1998,"items_purged":[],"score":185,"play_id":"6bb6cb11-a7cb-48f3-89a9-6a3790c7e50e","local_time":"20210225155715","is_ascension_mode":true,"campfire_choices":[{"data":"Eruption","floor":6,"key":"SMITH"},{"floor":8,"key":"REST"},{"floor":15,"key":"REST"}],"circlet_count":0,"master_deck":["Strike_P","Strike_P","Strike_P","Strike_P","Defend_P","Defend_P","Defend_P","Defend_P","Eruption+1","Vigilance","TalkToTheHand+1","SashWhip","Wireheading","ThirdEye","Conclude","Pray","TalkToTheHand","FlyingSleeves","Omniscience","Crescendo","DeusExMachina"],"relics":["PureWater","MawBank","Vajra","Black Star"],"acts_visited":["Exordium","TheCity"],"potions_floor_usage":[11,13,14,16,16],"damage_taken":[{"damage":7,"enemies":"Jaw Worm","floor":1,"turns":4},{"damage":0,"enemies":"Cultist","floor":3,"turns":2},{"damage":5,"enemies":"Small Slimes","floor":4,"turns":4},{"damage":8,"enemies":"Red Slaver","floor":5,"turns":4},{"damage":7,"enemies":"Looter","floor":7,"turns":4},{"damage":0,"enemies":"Large Slime","floor":10,"turns":2},{"damage":17,"enemies":"Lagavulin","floor":11,"turns":10},{"damage":7,"enemies":"Exordium Wildlife","floor":12,"turns":3},{"damage":2,"enemies":"3 Louse","floor":13,"turns":2},{"damage":0,"enemies":"Looter","floor":14,"turns":3},{"damage":20,"enemies":"Hexaghost","floor":16,"turns":10},{"damage":11,"enemies":"3 Byrds","floor":18,"turns":3}],"seed_played":"88838346947669231","potions_obtained":[{"floor":1,"key":"LiquidBronze"},{"floor":3,"key":"Block Potion"},{"floor":5,"key":"Ancient Potion"},{"floor":12,"key":"Fire Potion"},{"floor":13,"key":"Swift Potion"},{"floor":14,"key":"Dexterity Potion"}],"is_trial":false,"path_per_floor":["M","?","M","M","M","R","M","R","T","M","E","M","M","M","R","B",null,"M"],"character_chosen":"WATCHER","items_purchased":[],"campfire_rested":2,"item_purchase_floors":[],"current_hp_per_floor":[65,65,65,60,52,52,45,66,66,66,49,42,40,40,61,41,72,61,61],"gold":598,"neow_bonus":"HUNDRED_GOLD","is_daily":false,"chose_seed":false,"campfire_upgraded":1,"win_rate":0.0,"timestamp":1614286635,"path_taken":["M","?","M","M","M","R","M","R","T","M","E","M","?","M","R","BOSS","M"],"items_purchased_type":[],"build_version":"2020-12-22","purchased_purges":0,"victory":false,"max_hp_per_floor":[72,72,72,72,72,72,72,72,72,72,72,72,72,72,72,72,72,72,72],"card_choices":[{"not_picked":["Prostrate","Weave"],"picked":"TalkToTheHand","floor":1},{"not_picked":["SandsOfTime","CutThroughFate"],"picked":"SashWhip","floor":3},{"not_picked":["Fasting2","Protect"],"picked":"Wireheading","floor":4},{"not_picked":["EmptyBody","Conclude"],"picked":"ThirdEye","floor":5},{"not_picked":["Crescendo","MasterReality"],"picked":"Conclude","floor":7},{"not_picked":["PathToVictory","Consecrate"],"picked":"Pray","floor":10},{"not_picked":["SashWhip","FollowUp"],"picked":"TalkToTheHand","floor":11},{"not_picked":["Consecrate","Perseverance"],"picked":"FlyingSleeves","floor":12},{"not_picked":["BowlingBash","Prostrate"],"picked":"Omniscience","floor":13},{"not_picked":["FlurryOfBlows","Halt"],"picked":"Crescendo","floor":14},{"not_picked":["Scrawl","Blasphemy"],"picked":"DeusExMachina","floor":16}],"player_experience":518821,"relics_obtained":[{"floor":9,"key":"MawBank"},{"floor":11,"key":"Vajra"}],"event_choices":[{"damage_healed":0,"gold_gain":0,"player_choice":"Upgraded","damage_taken":0,"max_hp_gain":0,"max_hp_loss":0,"event_name":"Upgrade Shrine","floor":2,"gold_loss":0,"cards_upgraded":["TalkToTheHand"]}],"is_beta":false,"boss_relics":[{"not_picked":["Coffee Dripper","Calling Bell"],"picked":"Black Star"}],"items_purged_floors":[],"is_endless":false,"potions_floor_spawned":[1,3,5,12,13,14],"killed_by":"3 Byrds","ascension_level":2}}