{"host":"irkvb15aeca84r2v","time":1614227651,"event":{"mods":["BaseMod","Block Reminder","Minty Spire (QoL Compilation)","Permanent Neow","Quick Restart"],"gold_per_floor":[117,117,39,39,214,214,139,149,149,181,181,181,32,60,60,60,60],"floor_reached":16,"language":"ENG","playtime":695,"items_purged":["Doubt"],"score":104,"play_id":"f95c0703-9511-4970-aa7f-c5672ac74f76","local_time":"20210224223411","is_ascension_mode":false,"campfire_choices":[{"data":"Searing Blow","floor":6,"key":"SMITH"},{"data":"Barricade","floor":11,"key":"SMITH"},{"floor":15,"key":"REST"}],"circlet_count":0,"master_deck":["Strike_R+1","Strike_R","Strike_R+1","Defend_R","Defend_R+1","Defend_R","Defend_R","Bash+1","Rampage","Cleave","Searing Blow+1","True Grit","Barricade+1","Armaments"],"relics":["Burning Blood","Eternal Feather","Whetstone","Membership Card","Unceasing Top"],"acts_visited":["Exordium"],"potions_floor_usage":[14],"damage_taken":[{"damage":6,"enemies":"Cultist","floor":1,"turns":3},{"damage":8,"enemies":"Small Slimes","floor":8,"turns":2},{"damage":26,"enemies":"3 Sentries","floor":10,"turns":10},{"damage":31,"enemies":"Lagavulin","floor":14,"turns":7},{"damage":46,"enemies":"Hexaghost","floor":16,"turns":13}],"seed_played":"-1261885435792364130","potions_obtained":[{"floor":8,"key":"Dexterity Potion"}],"is_trial":false,"path_per_floor":["M","?","$","?","?","R","$","M","T","E","R","T","$","E","R","B"],"character_chosen":"IRONCLAD","items_purchased":["Searing Blow","Membership Card"],"campfire_rested":1,"item_purchase_floors":[3,13],"current_hp_per_floor":[80,64,64,57,57,57,57,55,55,35,41,41,41,16,46,0,0],"gold":60,"neow_bonus":"TRANSFORM_CARD","is_daily":false,"chose_seed":false,"campfire_upgraded":2,"win_rate":0.0,"timestamp":1614227651,"path_taken":["M","?","$","?","?","R","?","?","T","E","R","?","$","E","R","BOSS"],"items_purchased_type":["Card","Relic"],"build_version":"2020-12-22","purchased_purges":1,"victory":false,"max_hp_per_floor":[80,80,80,80,80,80,80,80,80,80,80,80,80,80,80,80,80],"card_choices":[{"not_picked":["Flex","Twin Strike"],"picked":"Cleave","floor":1},{"not_picked":["Rupture","Havoc"],"picked":"True Grit","floor":8},{"not_picked":["Feel No Pain","Searing Blow"],"picked":"Barricade","floor":10},{"not_picked":["Spot Weakness","Second Wind"],"picked":"Armaments","floor":14}],"player_experience":335076,"relics_obtained":[{"floor":9,"key":"Eternal Feather"},{"floor":10,"key":"Whetstone"},{"floor":14,"key":"Unceasing Top"}],"event_choices":[{"damage_healed":0,"gold_gain":0,"player_choice":"Entered Light","damage_taken":16,"max_hp_gain":0,"max_hp_loss":0,"event_name":"Shining Light","floor":2,"gold_loss":0,"cards_upgraded":["Strike_R","Defend_R"]},{"cards_removed":["Strike_R"],"damage_healed":0,"gold_gain":0,"player_choice":"Card Removal","damage_taken":7,"max_hp_gain":0,"max_hp_loss":0,"event_name":"Golden Wing","floor":4,"gold_loss":0},{"damage_healed":0,"gold_gain":175,"player_choice":"AGREE","damage_taken":0,"max_hp_gain":0,"max_hp_loss":0,"event_name":"Liars Game","floor":5,"gold_loss":0,"cards_obtained":["Doubt"]}],"is_beta":false,"boss_relics":[],"items_purged_floors":[7],"is_endless":false,"potions_floor_spawned":[8],"killed_by":"Hexaghost","ascension_level":0}}