{"host":"uhnh33uh34qot0et","time":1614297019,"event":{"mods":["Act Like it!","BaseMod","Bossed Relics","Colored Map","Downfall","GungeonMod","Hallownest","Hermit","JesterMod","Marisa????????","Minty Spire (QoL Compilation)","Relic Stats","Replay The Spire","Ruina","StSLib","The Construct","The Cursed","The Hierophant","The Servant 0.9.4"],"gold_per_floor":[115,115,135,135,148,183,199,199,276,306,306,306,306,323,276,288,288,389,489,506,506,520,532,532,532],"floor_reached":24,"language":"ENG","playtime":845,"items_purged":[],"score":233,"play_id":"722c667a-1bd0-4f33-8b6c-7032582aeeb2","local_time":"20210226005019","is_ascension_mode":false,"campfire_choices":[{"floor":8,"key":"REST"},{"floor":13,"key":"RECALL"},{"floor":17,"key":"REST"}],"circlet_count":0,"master_deck":["Strike_P","Strike_P","Strike_P","Strike_P","Defend_P","Defend_P","Defend_P","Defend_P","Eruption","Vigilance","Alpha","Replay:DivineShield","Indignation","DevaForm","ReplayTheSpireMod:Faulty Equipment","Replay:AtTheReady","SignatureMove","Vault","FlurryOfBlows","Adaptation","Prostrate","Consecrate"],"relics":["PureWater","Potion Belt","DemoMod:VorpalBullet","Darkstone Periapt","ReplayTheSpireMod:CursedCoin","MealTicket","Replay:Wanted Poster"],"acts_visited":["Exordium","TheCity"],"potions_floor_usage":[6,10,10,14,18,18,23],"damage_taken":[{"damage":0,"enemies":"Small Slimes","floor":1,"turns":7},{"damage":2,"enemies":"2 Louse","floor":3,"turns":4},{"damage":1,"enemies":"Cultist","floor":5,"turns":4},{"damage":25,"enemies":"Gremlin Nob","floor":6,"turns":4},{"damage":12,"enemies":"3 Louse","floor":7,"turns":5},{"damage":7,"enemies":"Lagavulin","floor":10,"turns":6},{"damage":0,"enemies":"Gremlin Gang","floor":14,"turns":3},{"damage":10,"enemies":"Blue Slaver","floor":16,"turns":4},{"damage":13,"enemies":"The Guardian","floor":18,"turns":7},{"damage":12,"enemies":"Chosen","floor":20,"turns":5},{"damage":14,"enemies":"3 Byrds","floor":22,"turns":7},{"damage":22,"enemies":"Centurion and Healer","floor":23,"turns":6},{"damage":41,"enemies":"Snake Plant","floor":24,"turns":5}],"seed_played":"-6579150715391264857","potions_obtained":[{"floor":0,"key":"SpeedPotion"},{"floor":0,"key":"DuplicationPotion"},{"floor":0,"key":"LifebloodPotion"},{"floor":1,"key":"bronze:BurnAndBuffPotion"},{"floor":7,"key":"Languid Potion"},{"floor":10,"key":"DemoMod:LeadSkinPotion"},{"floor":16,"key":"Swift Potion"},{"floor":22,"key":"DistilledChaos"}],"is_trial":false,"path_per_floor":["M","?","M","?","M","E","M","R","T","E","PTL","PTL","R","M","$","M","R","B",null,"M","?","M","M","M"],"character_chosen":"WATCHER","items_purchased":["ReplayTheSpireMod:CursedCoin","MealTicket","Replay:AtTheReady"],"campfire_rested":2,"item_purchase_floors":[15,15,15],"current_hp_per_floor":[72,77,75,75,74,49,37,60,60,53,53,53,53,53,59,49,73,60,83,71,71,57,35,0,0],"gold":532,"neow_bonus":"THREE_SMALL_POTIONS","is_daily":false,"chose_seed":false,"campfire_upgraded":0,"win_rate":0.0,"timestamp":1614297019,"path_taken":["M","?","M","?","M","E","M","R","T","E","PTL","PTL","R","?","$","M","R","BOSS","M","?","M","?","M"],"items_purchased_type":["Relic","Relic","Card"],"build_version":"2020-12-22","purchased_purges":0,"victory":false,"max_hp_per_floor":[72,77,77,77,77,77,77,77,77,77,77,77,77,77,83,83,83,83,83,83,83,83,83,83,83],"relic_stats":{"Darkstone Periapt":6,"counters":[13,67],"MealTicket":0,"obtain_stats":[{"Potion Belt":4,"Darkstone Periapt":10,"Replay:Wanted Poster":19,"ReplayTheSpireMod:CursedCoin":15,"MealTicket":15,"DemoMod:GlassGuonStoneRelic":10,"PureWater":0,"DemoMod:VorpalBullet":6},{"Potion Belt":2,"Darkstone Periapt":6,"Replay:Wanted Poster":9,"ReplayTheSpireMod:CursedCoin":7,"MealTicket":7,"DemoMod:GlassGuonStoneRelic":6,"PureWater":0,"DemoMod:VorpalBullet":4},{"Potion Belt":11,"Darkstone Periapt":30,"Replay:Wanted Poster":44,"ReplayTheSpireMod:CursedCoin":33,"MealTicket":33,"DemoMod:GlassGuonStoneRelic":30,"PureWater":0,"DemoMod:VorpalBullet":19}]},"card_choices":[{"not_picked":["CarveReality","Swivel"],"picked":"Alpha","floor":1},{"not_picked":["Replay:BluntJabs","BattleHymn","EmptyFist"],"picked":"SKIP","floor":3},{"not_picked":["Replay:Anticipation","Replay:ManipulateFuture"],"picked":"Replay:DivineShield","floor":5},{"not_picked":["SashWhip","WaveOfTheHand"],"picked":"Indignation","floor":6},{"not_picked":["Protect","EmptyFist"],"picked":"Consecrate","floor":7},{"not_picked":["SashWhip","Study"],"picked":"DevaForm","floor":10},{"not_picked":["JustLucky","DeceiveReality","SashWhip"],"picked":"SKIP","floor":14},{"not_picked":["FlyingSleeves","WheelKick"],"picked":"SignatureMove","floor":16},{"not_picked":["Blasphemy","Replay:LoomingThreat"],"picked":"Vault","floor":18},{"not_picked":["EmptyBody","WheelKick+1"],"picked":"FlurryOfBlows","floor":20},{"not_picked":["Halt","Protect"],"picked":"Prostrate","floor":22},{"not_picked":["CrushJoints","Replay:Cycle+1"],"picked":"Consecrate","floor":23}],"player_experience":66057,"relics_obtained":[{"floor":4,"key":"Potion Belt"},{"floor":6,"key":"DemoMod:VorpalBullet"},{"floor":10,"key":"Darkstone Periapt"}],"event_choices":[{"damage_healed":0,"gold_gain":0,"player_choice":"Donut","damage_taken":0,"max_hp_gain":5,"max_hp_loss":0,"event_name":"Big Fish","floor":2,"gold_loss":0},{"damage_healed":0,"gold_gain":0,"player_choice":"Relic","damage_taken":0,"max_hp_gain":0,"max_hp_loss":0,"event_name":"Wheel of Change","floor":4,"gold_loss":0},{"damage_healed":0,"gold_gain":0,"cards_transformed":["Consecrate"],"player_choice":"Transformed","damage_taken":0,"max_hp_gain":0,"max_hp_loss":0,"event_name":"Transmorgrifier","floor":21,"gold_loss":0,"cards_obtained":["Adaptation"]}],"is_beta":false,"boss_relics":[{"not_picked":["Fusion Hammer","Honey Jar"],"picked":"Replay:Wanted Poster"}],"items_purged_floors":[],"is_endless":false,"potions_floor_spawned":[1,7,10,16,22],"killed_by":"Snake Plant","ascension_level":0}}