{"host":"jsd6g3c2vo13e69c","time":1614249464,"event":{"mods":["2.2 Compatiblity","Act Like it!","BaseMod","Better Altar","Better Match","Better Note","Better Sensory Stone","Better Third Choice","BetterRewards","Colored Map","Colored Powertips","Downfall","Friendly Minions","GifTheSpireLib","Googly Eyes","Gremlin Mod","Hermit","Hubris","Infinite Spire","Melee Mod","Minty Spire (QoL Compilation)","Permanent Neow","Quick Restart","Random Character Button","Replay The Spire","Shop Mod","Spire Arcade","StSLib","The Cursed","The Disciple","The Forsaken","thorton"],"gold_per_floor":[99,116,126,126,140,140,185,196,3,3,3,3,3,32,43,145,145,45,60,160,42,42,42,42],"floor_reached":22,"language":"ENG","playtime":1855,"items_purged":["Slimebound:Strike_Slimebound"],"score":182,"play_id":"73ad14dd-86c3-4ebe-9567-f5e8f153ea1f","local_time":"20210225053744","is_ascension_mode":false,"campfire_choices":[{"data":"Slimebound:CorrosiveSpit","floor":10,"key":"SMITH"},{"data":"Slimebound:SlimeBrawl","floor":12,"key":"PURGE"},{"data":"Secret Technique","floor":18,"key":"SMITH"}],"circlet_count":0,"master_deck":["Slimebound:Tackle","Slimebound:Defend_Slimebound","Slimebound:Defend_Slimebound","Slimebound:Defend_Slimebound","Slimebound:Defend_Slimebound","Slimebound:Split","Slimebound:CorrosiveSpit+1","Slimebound:FinishingTackle","Slimebound:RollThrough","Slimebound:SamplingLick","Slimebound:ComboTackle","Slimebound:SlimeTap","Slimebound:RollThrough","Slimebound:FlameTackle","Slimebound:BestDefense","Secret Technique+1","Slimebound:ComboTackle","Slimebound:MassFeed","Slimebound:SplitMire+1","Slimebound:Nibble","Slimebound:SlimeTap"],"relics":["Slimebound:AbsorbEndCombat","Slimebound:ScrapOozeRelic","theForsaken:Gavel","thethorton:BottledFunds","downfall:HeartBlessingBlue","downfall:CloakOfManyFaces","CultistMask","FaceOfCleric","NlothsMask","GremlinMask","SsserpentHead"],"acts_visited":["Exordium","TheCity"],"potions_floor_usage":[14,15],"damage_taken":[{"damage":3,"enemies":"2 Louse","floor":2,"turns":2},{"damage":11,"enemies":"Jaw Worm","floor":3,"turns":3},{"damage":1,"enemies":"Cultist","floor":5,"turns":3},{"damage":17,"enemies":"3 Louse","floor":8,"turns":4},{"damage":4,"enemies":"downfall:FleeingMerchant","floor":9,"turns":4},{"damage":12,"enemies":"Lagavulin","floor":14,"turns":4},{"damage":0,"enemies":"2 Fungi Beasts","floor":15,"turns":2},{"damage":38,"enemies":"WA_ARCHETYPE_RETAIN","floor":16,"turns":5},{"damage":10,"enemies":"Spheric Guardian","floor":19,"turns":3},{"damage":20,"enemies":"downfall:FaceTrader","floor":20,"turns":5},{"damage":23,"enemies":"downfall:FleeingMerchant","floor":21,"turns":4},{"damage":2,"enemies":"downfall:LooterAlt2","floor":22,"turns":1}],"seed_played":"-5892180254661920068","potions_obtained":[{"floor":3,"key":"FearPotion"},{"floor":5,"key":"sneckomod:MuddlingPotion"},{"floor":14,"key":"SkillPotion"}],"is_trial":false,"path_per_floor":["R_BF","M","M","?","M","?","T","M","$","R","?","R","?","E","M","B",null,"R","M","?","$","M"],"character_chosen":"SLIMEBOUND","items_purchased":["Slimebound:RollThrough","Slimebound:FlameTackle","Slimebound:BestDefense","Slimebound:SlimeTap"],"campfire_rested":0,"item_purchase_floors":[9,9,9,21],"current_hp_per_floor":[65,64,57,57,58,58,58,45,45,45,45,45,45,39,43,11,65,75,65,53,37,37,37,37],"gold":42,"neow_bonus":"RANDOM_COMMON_RELIC","is_daily":false,"chose_seed":false,"campfire_upgraded":2,"win_rate":0.0,"timestamp":1614249464,"path_taken":["R_BF","M","M","?","M","?","T","M","$","R","?","R","?","E","M","BOSS","R","?","?","?","M"],"items_purchased_type":["Card","Card","Card","Card"],"build_version":"2020-12-22","purchased_purges":1,"victory":false,"max_hp_per_floor":[65,65,65,65,65,65,65,65,65,65,65,65,65,65,65,65,65,75,75,75,76,76,76,76],"card_choices":[{"not_picked":["Slimebound:SplitBruiser","Slimebound:ItLooksTasty","Slimebound:Schlurp"],"picked":"SKIP","floor":2},{"not_picked":["Slimebound:ForwardTackle","Slimebound:PressTheAttack"],"picked":"Slimebound:RollThrough","floor":3},{"not_picked":["Slimebound:ForwardTackle","Slimebound:HauntingLick"],"picked":"Slimebound:SamplingLick","floor":5},{"not_picked":["Slimebound:RejuvenatingLick","Slimebound:LeechingTouch"],"picked":"Slimebound:ComboTackle","floor":8},{"not_picked":["Slimebound:RollThrough","Slimebound:Schlurp"],"picked":"Slimebound:SlimeTap","floor":9},{"not_picked":["Finesse","HandOfGreed"],"picked":"Secret Technique","floor":13},{"not_picked":["Slimebound:Schlurp","Slimebound:LeechEnergy"],"picked":"Slimebound:ComboTackle","floor":14},{"not_picked":["Slimebound:PressTheAttack","Slimebound:ComboTackle","Slimebound:LivingWall"],"picked":"SKIP","floor":15},{"not_picked":["Slimebound:DouseInSlime","Slimebound:Darklings"],"picked":"Slimebound:MassFeed","floor":16},{"not_picked":["Slimebound:RainOfGoop","Slimebound:SplitBruiser"],"picked":"Slimebound:SplitMire+1","floor":19},{"not_picked":["Slimebound:LeechingTouch","Slimebound:SlimeSpikes"],"picked":"Slimebound:Nibble","floor":21}],"player_experience":449953,"relics_obtained":[{"floor":14,"key":"theForsaken:Gavel"},{"floor":20,"key":"downfall:CloakOfManyFaces"}],"event_choices":[{"cards_removed":["Slimebound:Strike_Slimebound"],"damage_healed":0,"gold_gain":0,"player_choice":"Card Removal","damage_taken":0,"max_hp_gain":0,"max_hp_loss":0,"event_name":"The Cleric","floor":6,"gold_loss":0},{"damage_healed":0,"gold_gain":1,"player_choice":"1","damage_taken":0,"max_hp_gain":0,"max_hp_loss":0,"event_name":"betterStone:BetterStone","floor":13,"gold_loss":0}],"is_beta":false,"boss_relics":[{"not_picked":["Fusion Hammer","ChewingGum"],"picked":"thethorton:BottledFunds"}],"items_purged_floors":[21],"is_endless":false,"potions_floor_spawned":[3,5,14],"killed_by":"downfall:LooterAlt2","ascension_level":0}}