{"host":"g40mznrtwxqyj1ow","time":1614292208,"event":{"mods":["BaseMod","BetterRewards","Colored Map","Conspire","Hermit","Highlight Path","Hubris","Marisa????????","Minty Spire (QoL Compilation)","Replay The Spire","Robot Space Explorer","Shop Mod","StSLib","The Bug Knight","The Construct","The Cursed","The Jungle","The Marked","The Mystic","The Necromancer","The Runesmith","The Servant 0.9.4","[IsaacMod]????"],"gold_per_floor":[111,111,111,138,158,158,108,108,108,123,123],"floor_reached":10,"language":"ENG","playtime":417,"items_purged":[],"score":54,"play_id":"160fdb61-12e3-4001-bdd5-0c5312fa741a","local_time":"20210225233008","is_ascension_mode":false,"campfire_choices":[{"data":"HollowMod:CycloneSlash","floor":6,"key":"SMITH"},{"data":"conspire:SpireCoStock","floor":8,"key":"SMITH"}],"circlet_count":0,"master_deck":["HollowMod:NailStrikeStart","HollowMod:NailStrikeStart","HollowMod:NailStrikeStart","HollowMod:NailStrikeStart","HollowMod:QuickDashStart","HollowMod:QuickDashStart","HollowMod:QuickDashStart","HollowMod:QuickDashStart","HollowMod:FocusHealStart","HollowMod:PogoStrike","HollowMod:CycloneSlash+1","hubris:Disease","conspire:SpireCoStock+1"],"relics":["HollowMod:VesselMask","HushsDoor","YumHeart","CultistMask","hubris:DisguiseKit","Tiny Chest","Strawberry"],"acts_visited":["Exordium"],"potions_floor_usage":[],"damage_taken":[{"damage":8,"enemies":"Jaw Worm","floor":1,"turns":4},{"damage":1,"enemies":"Cultist","floor":5,"turns":3},{"damage":18,"enemies":"Lagavulin","floor":10,"turns":5}],"seed_played":"-1559592078795802703","potions_obtained":[{"floor":5,"key":"LiquidBronze"}],"is_trial":false,"path_per_floor":["M","?","?","T","M","R","?","R","T","E"],"character_chosen":"THE_BUGKNIGHT","items_purchased":[],"campfire_rested":0,"item_purchase_floors":[],"current_hp_per_floor":[67,67,67,67,66,66,66,66,73,61,61],"gold":123,"neow_bonus":"","is_daily":false,"chose_seed":false,"campfire_upgraded":2,"win_rate":0.0,"timestamp":1614292208,"path_taken":["M","?","?","?","M","R","?","R","T","E"],"items_purchased_type":[],"build_version":"2020-12-22","purchased_purges":0,"victory":false,"max_hp_per_floor":[75,75,75,75,75,75,75,75,82,82,82],"card_choices":[{"not_picked":["HollowMod:SoulStrike","HollowMod:NewLittleFool"],"picked":"HollowMod:CycloneSlash","floor":1},{"not_picked":["HollowMod:FallenFury","HollowMod:BaldurShell","HollowMod:ChannelNail","Crescendo"],"picked":"SKIP","floor":5}],"player_experience":537334,"relics_obtained":[{"floor":4,"key":"Tiny Chest"},{"floor":9,"key":"Strawberry"}],"event_choices":[{"damage_healed":0,"gold_gain":0,"player_choice":"Trade","damage_taken":0,"relics_obtained":["CultistMask"],"max_hp_gain":0,"max_hp_loss":0,"event_name":"FaceTrader","floor":2,"gold_loss":0},{"damage_healed":0,"gold_gain":0,"player_choice":"Invest 1","damage_taken":0,"max_hp_gain":0,"max_hp_loss":0,"event_name":"conspire:Investor","floor":7,"gold_loss":0}],"is_beta":false,"boss_relics":[],"items_purged_floors":[],"is_endless":false,"potions_floor_spawned":[5],"killed_by":"Lagavulin","ascension_level":0}}