{"host":"5ueuk67tsx07ylcu","time":1614282080,"event":{"mods":["BaseMod","Colored Map","Colored Powertips","Downfall","Duelist Mod","GifTheSpireLib","Hermit","Infinite Spire","Lobotomy","Minty Spire (QoL Compilation)","StSLib","The Animator"],"gold_per_floor":[113,38,49,27,38,69,69,87,168,118,153,153,169,169,169,169,169],"floor_reached":16,"language":"ENG","playtime":676,"items_purged":["Strike_R"],"score":110,"play_id":"88230196-9acd-46d0-944d-12bc6f52b105","local_time":"20210225144120","is_ascension_mode":false,"campfire_choices":[{"data":"Cleave","floor":7,"key":"SMITH"},{"data":"Dark Embrace","floor":15,"key":"SMITH"}],"circlet_count":0,"master_deck":["Strike_R","Strike_R","Strike_R","Defend_R","Defend_R","Bash","Cleave+1","Dark Embrace+1","Shrug It Off","Evolve","Body Slam","Havoc","Havoc"],"relics":["Burning Blood","Ice Cream","Anchor","Golden Idol"],"acts_visited":["Exordium"],"potions_floor_usage":[6,11],"damage_taken":[{"damage":6,"enemies":"Cultist","floor":1,"turns":3},{"damage":0,"enemies":"Small Slimes","floor":3,"turns":3},{"damage":7,"enemies":"2 Louse","floor":5,"turns":2},{"damage":14,"enemies":"Gremlin Nob","floor":6,"turns":3},{"damage":9,"enemies":"2 Fungi Beasts","floor":8,"turns":3},{"damage":36,"enemies":"Lagavulin","floor":11,"turns":6},{"damage":0,"enemies":"3 Louse","floor":13,"turns":2},{"damage":51,"enemies":"Slime Boss","floor":16,"turns":6}],"seed_played":"-4708851798675877962","potions_obtained":[{"floor":3,"key":"hexamod:SoulburnPotion"},{"floor":6,"key":"AttackPotion"}],"is_trial":false,"path_per_floor":["M","$","M","$","M","E","R","M","T","?","E","?","M","?","R","B"],"character_chosen":"IRONCLAD","items_purchased":["Shrug It Off"],"campfire_rested":0,"item_purchase_floors":[4],"current_hp_per_floor":[56,56,62,62,61,53,53,50,50,50,20,20,26,50,50,0,0],"gold":169,"neow_bonus":"REMOVE_TWO","is_daily":false,"chose_seed":false,"campfire_upgraded":2,"win_rate":0.0,"timestamp":1614282080,"path_taken":["M","$","M","$","M","E","R","?","T","?","E","?","M","?","R","BOSS"],"items_purchased_type":["Card"],"build_version":"2020-12-22","purchased_purges":1,"victory":false,"max_hp_per_floor":[80,80,80,80,80,80,80,80,80,80,80,74,74,74,74,74,74],"card_choices":[{"not_picked":["Sever Soul","Armaments"],"picked":"Cleave","floor":1},{"not_picked":["Searing Blow","Carnage"],"picked":"Dark Embrace","floor":3},{"not_picked":["Heavy Blade","Iron Wave"],"picked":"Evolve","floor":5},{"not_picked":["Shockwave","True Grit"],"picked":"Body Slam","floor":6},{"not_picked":["Searing Blow","Heavy Blade","Anger"],"picked":"SKIP","floor":8},{"not_picked":["Disarm","Metallicize"],"picked":"Havoc","floor":11},{"not_picked":["Perfected Strike","Uppercut"],"picked":"Havoc","floor":13}],"player_experience":323341,"relics_obtained":[{"floor":6,"key":"Ice Cream"},{"floor":11,"key":"Anchor"}],"event_choices":[{"cards_removed":["Defend_R"],"damage_healed":0,"gold_gain":0,"player_choice":"Card Removal","damage_taken":0,"max_hp_gain":0,"max_hp_loss":0,"event_name":"The Cleric","floor":10,"gold_loss":50},{"damage_healed":0,"gold_gain":0,"player_choice":"Lose Max HP","damage_taken":0,"relics_obtained":["Golden Idol"],"max_hp_gain":0,"max_hp_loss":6,"event_name":"Golden Idol","floor":12,"gold_loss":0},{"damage_healed":24,"gold_gain":0,"player_choice":"Banana","damage_taken":0,"max_hp_gain":0,"max_hp_loss":0,"event_name":"Big Fish","floor":14,"gold_loss":0}],"is_beta":false,"boss_relics":[],"items_purged_floors":[2],"is_endless":false,"potions_floor_spawned":[3,6],"killed_by":"Slime Boss","ascension_level":0}}