{"host":"z37g2hkgkh2zjyzk","time":1614211928,"event":{"mods":["2.2 Compatiblity","AchievementEnabler","BaseMod","Bestiary","Colored Map","Colored Powertips","Curses Come First","Highlight Path","Keyboard Shortcuts","Minty Spire (QoL Compilation)","Relic Stats","StSLib","SuperFastMode"],"gold_per_floor":[110,127,137,155,155,155,186,202,253,253,291,315,327,359,371,484,496,527,559,571,603,615,627,672,684,696,723,735,764,447,475,475,475,475],"floor_reached":33,"language":"ENG","playtime":1817,"items_purged":["Defend_B"],"score":444,"play_id":"d55bd0c8-44be-4fd3-8cb3-b28f6ce7e60b","local_time":"20210225011208","is_ascension_mode":true,"campfire_choices":[{"floor":6,"key":"DIG"},{"floor":10,"key":"DIG"},{"data":"Go for the Eyes","floor":13,"key":"SMITH"},{"floor":15,"key":"DIG"},{"floor":23,"key":"REST"},{"data":"Hologram","floor":25,"key":"SMITH"},{"floor":28,"key":"REST"},{"floor":32,"key":"REST"}],"circlet_count":0,"master_deck":["Defend_B","Defend_B","Defend_B","Zap","Dualcast","Ball Lightning","Coolheaded","Go for the Eyes+1","Barrage","All For One","BootSequence","Sweeping Beam","Hologram+1","Reboot","Sunder+1","Conserve Battery+1","Bite","Bite","Bite","Bite","Bite","Capacitor","Core Surge","Loop","Recycle"],"relics":["Cracked Core","Shovel","Kunai","Mercury Hourglass","Lantern","MawBank","Shuriken","Bottled Flame","Philosopher\u0027s Stone","Mango","Strawberry","Meat on the Bone"],"acts_visited":["Exordium","TheCity"],"potions_floor_usage":[1,16,16],"damage_taken":[{"damage":2,"enemies":"2 Louse","floor":1,"turns":2},{"damage":1,"enemies":"Cultist","floor":2,"turns":3},{"damage":7,"enemies":"Small Slimes","floor":3,"turns":3},{"damage":3,"enemies":"Blue Slaver","floor":4,"turns":4},{"damage":17,"enemies":"Lagavulin","floor":7,"turns":6},{"damage":3,"enemies":"Large Slime","floor":8,"turns":5},{"damage":6,"enemies":"Gremlin Nob","floor":11,"turns":3},{"damage":0,"enemies":"Looter","floor":12,"turns":2},{"damage":3,"enemies":"Blue Slaver","floor":14,"turns":2},{"damage":33,"enemies":"Slime Boss","floor":16,"turns":9},{"damage":0,"enemies":"Chosen","floor":18,"turns":3},{"damage":16,"enemies":"Shell Parasite","floor":19,"turns":6},{"damage":30,"enemies":"Shelled Parasite and Fungi","floor":21,"turns":5},{"damage":25,"enemies":"Gremlin Leader","floor":24,"turns":6},{"damage":14,"enemies":"Snake Plant","floor":27,"turns":4},{"damage":10,"enemies":"Centurion and Healer","floor":29,"turns":6},{"damage":32,"enemies":"Book of Stabbing","floor":31,"turns":5},{"damage":85,"enemies":"Automaton","floor":33,"turns":8}],"seed_played":"-1050801983795048292","potions_obtained":[{"floor":1,"key":"Fruit Juice"},{"floor":4,"key":"PotionOfCapacity"},{"floor":11,"key":"CultistPotion"},{"floor":14,"key":"GamblersBrew"},{"floor":24,"key":"Ancient Potion"},{"floor":29,"key":"PotionOfCapacity"}],"is_trial":false,"path_per_floor":["M","M","M","M","?","R","E","M","T","R","E","M","R","M","R","B",null,"M","M","?","M","?","R","E","R","T","M","R","M","$","E","R","B"],"character_chosen":"DEFECT","items_purchased":["Meat on the Bone"],"campfire_rested":3,"item_purchase_floors":[30],"current_hp_per_floor":[53,52,45,42,68,68,51,48,48,48,42,42,42,39,39,6,62,62,46,46,26,20,36,33,33,40,32,55,63,63,39,62,0,0],"gold":475,"neow_bonus":"ONE_RARE_RELIC","is_daily":false,"chose_seed":false,"campfire_upgraded":2,"win_rate":0.0,"timestamp":1614211928,"path_taken":["M","M","M","M","?","R","E","M","T","R","E","M","R","M","R","BOSS","M","M","?","M","?","R","E","R","T","M","R","M","$","E","R","BOSS"],"items_purchased_type":["Relic"],"build_version":"2020-12-22","purchased_purges":1,"victory":false,"max_hp_per_floor":[80,80,80,80,80,80,80,80,80,80,80,80,80,80,80,80,80,80,80,56,56,56,56,70,70,77,77,77,77,77,77,77,77,77],"relic_stats":{"Shovel":3,"counters":[18,82],"Shuriken":[25],"Kunai":[30],"MawBank":240,"obtain_stats":[{"Lantern":9,"Bottled Flame":15,"Shovel":0,"Shuriken":11,"Strawberry":26,"Philosopher\u0027s Stone":17,"Mango":24,"Kunai":6,"Cracked Core":0,"MawBank":10,"Mercury Hourglass":7,"Meat on the Bone":30},{"Lantern":6,"Bottled Flame":9,"Shovel":0,"Shuriken":7,"Strawberry":14,"Philosopher\u0027s Stone":10,"Mango":14,"Kunai":4,"Cracked Core":0,"MawBank":6,"Mercury Hourglass":5,"Meat on the Bone":16},{"Lantern":23,"Bottled Flame":30,"Shovel":0,"Shuriken":26,"Strawberry":59,"Philosopher\u0027s Stone":39,"Mango":59,"Kunai":12,"Cracked Core":0,"MawBank":23,"Mercury Hourglass":18,"Meat on the Bone":69}],"Mercury Hourglass":[225],"Meat on the Bone":0},"card_choices":[{"not_picked":["Chaos","Steam","Cold Snap"],"picked":"SKIP","floor":1},{"not_picked":["Beam Cell","Coolheaded"],"picked":"Ball Lightning","floor":2},{"not_picked":["Aggregate","Stack"],"picked":"Coolheaded","floor":3},{"not_picked":["Redo","Beam Cell"],"picked":"Go for the Eyes","floor":4},{"not_picked":["Go for the Eyes","Fusion"],"picked":"Barrage","floor":7},{"not_picked":["Go for the Eyes","Steam Power"],"picked":"All For One","floor":8},{"not_picked":["Coolheaded","Streamline"],"picked":"BootSequence","floor":11},{"not_picked":["Rip and Tear","Recycle"],"picked":"Sweeping Beam","floor":12},{"not_picked":["Sweeping Beam","Streamline"],"picked":"Hologram","floor":14},{"not_picked":["Machine Learning","Electrodynamics"],"picked":"Reboot","floor":16},{"not_picked":["Rebound","Streamline"],"picked":"Sunder+1","floor":18},{"not_picked":["Skim+1","Hologram"],"picked":"Conserve Battery+1","floor":19},{"not_picked":["Cold Snap","Static Discharge","Darkness"],"picked":"SKIP","floor":21},{"not_picked":["Ball Lightning","Stack"],"picked":"Capacitor","floor":24},{"not_picked":["Cold Snap","Stack"],"picked":"Core Surge","floor":27},{"not_picked":["Go for the Eyes","Hologram"],"picked":"Loop","floor":29},{"not_picked":["Storm","Reprogram"],"picked":"Recycle","floor":31}],"player_experience":263921,"relics_obtained":[{"floor":6,"key":"Kunai"},{"floor":7,"key":"Mercury Hourglass"},{"floor":9,"key":"Lantern"},{"floor":10,"key":"MawBank"},{"floor":11,"key":"Shuriken"},{"floor":15,"key":"Bottled Flame"},{"floor":24,"key":"Mango"},{"floor":26,"key":"Strawberry"}],"event_choices":[{"damage_healed":26,"gold_gain":0,"player_choice":"Banana","damage_taken":0,"max_hp_gain":0,"max_hp_loss":0,"event_name":"Big Fish","floor":5,"gold_loss":0},{"damage_healed":0,"gold_gain":0,"player_choice":"Became a vampire","damage_taken":0,"max_hp_gain":0,"max_hp_loss":24,"event_name":"Vampires","floor":20,"gold_loss":0,"cards_obtained":["Bite","Bite","Bite","Bite","Bite"]},{"damage_healed":0,"gold_gain":0,"player_choice":"","damage_taken":6,"max_hp_gain":0,"max_hp_loss":0,"event_name":"Knowing Skull","floor":22,"potions_obtained":[],"gold_loss":0,"cards_obtained":[]}],"is_beta":false,"boss_relics":[{"not_picked":["SlaversCollar","Tiny House"],"picked":"Philosopher\u0027s Stone"}],"items_purged_floors":[30],"is_endless":false,"potions_floor_spawned":[1,4,11,14,24,29],"killed_by":"Automaton","ascension_level":8}}