{"host":"jfbo3eu2ui08ej1u","time":1614273117,"event":{"mods":["2.2 Compatiblity","AchievementEnabler","Act Like it!","Aspiration","BaseMod","Better Altar","Better Match","Better Note","Better Sensory Stone","Better Skull","Better Third Choice","Block Reminder","Colored Map","Colored Powertips","Conspire","DeckTracker","Displayed Cursed Tome","Energized Spire","Fox Events","GifTheSpireLib","Hermit","Hubris","Infinite Spire","Marked Mod","Minty Spire (QoL Compilation)","Monster B Gone","Pale of the Ancients","Poor People Problems","Quick Restart","Relic Filter","Reliquary","Reorder Act Four","Replay The Spire","Shop Mod","Spicy Shops","Spire Arcade","StSLib","Stuff the Spire","The Blue Laboratory","The Disciple","The Forsaken","The Hierophant","The Marked","Uncapped","Unceasing Turn Reminder","Wandering Minibosses"],"gold_per_floor":[110,123,123,135,25,25,54,54,81,81,81,107,107,135,135,206,206,225,236,236,236,18,48,48,76,76,94,94,94,119,99,99,173,173,185,19,35,35,50,78,78,109,109,109,119,139,173,185,185,259,332,332,342,97,97,29,32,56,61,70,70,70,75,68,68,76,76,71,71,61,61,61,61,63,59,58,58,58,58,63,63,77,72,72,100,100,93,93,93,93,96,96,99,90,90,90,82,81,81,78,78,123,150,150,69,69,81,110],"floor_reached":109,"language":"ENG","playtime":4473,"items_purged":["Strike_G","Strike_G"],"score":7633,"play_id":"057e971a-01f2-4d2f-908e-1e18f231dc6c","local_time":"20210225121157","is_ascension_mode":true,"campfire_choices":[{"data":"Cloak And Dagger","floor":6.0,"key":"SMITH"},{"data":"Terror","floor":8.0,"key":"SMITH"},{"floor":11.0,"key":"REST"},{"data":"ReplayTheSpireMod:Scrap Shanks","floor":15.0,"key":"SMITH"},{"floor":24.0,"key":"REST"},{"data":"Storm of Steel","floor":29.0,"key":"SMITH"},{"floor":32.0,"key":"REST"},{"data":"Calculated Gamble","floor":41.0,"key":"SMITH"},{"data":"StuffTheSpire:MirrorStance","floor":49.0,"key":"SMITH"},{"floor":62.0,"key":"REST"},{"data":"Blade Dance","floor":67.0,"key":"SMITH"},{"data":"After Image","floor":79.0,"key":"SMITH"},{"data":"Hidden Blade","floor":81.0,"key":"SMITH"},{"data":"StuffTheSpire:Shiver","floor":84.0,"key":"SMITH"},{"data":"Envenom","floor":92.0,"key":"SMITH"},{"data":"Well Laid Plans","floor":101,"key":"SMITH"},{"data":"Reflex","floor":106,"key":"SMITH"}],"circlet_count":0,"master_deck":["AscendersBane","Strike_G","Strike_G","Defend_G+1","Defend_G+1","Defend_G+1","Defend_G+1","Defend_G","Survivor","Neutralize","Dagger Throw","Cloak And Dagger+1","Quick Slash","Underhanded Strike+1","Terror+1","ReplayTheSpireMod:Scrap Shanks+1","Calculated Gamble+1","Storm of Steel+1","Backflip","StuffTheSpire:Shiver+1","Blade Dance+1","Reflex+1","Ghostly","Ghostly+1","Ghostly","Dagger Throw+1","Tools of the Trade","Infinite Blades+1","Accuracy","Accuracy","Flash of Steel+1","Prepared","StuffTheSpire:MirrorStance+1","StuffTheSpire:Fury+1","Prepared","Footwork","Well Laid Plans+1","infinitespire:Collect","Finisher+1","Hidden Blade+1","ReplayTheSpireMod:Scrap Shanks+1","Envenom+1","Delirium","A Thousand Cuts+1","hubris:Sniper","After Image+1","Unload+1","Fluid Movement","Adrenaline"],"relics":["Ring of the Snake","Lizard Tail","Replay:Wax Seal","reliquary:WeakTea","reliquary:Spinner","energizedSpire:PogoStick","MutagenicStrength","Molten Egg 2","hubris:FunFungus","Lantern","Akabeko","Bottled Lightning","WristBlade","Durian","Simple Rune","reliquary:GummyVitamins","reliquary:TridentHead","hubris:Potato","Bag of Preparation","hubris:CrystalStatue","Onion Ring","Mercury Hourglass","Black Star","Nilry\u0027s Codex","Ninja Scroll","Shuriken","Blood Vial","StuffTheSpire:EmeraldSignet","infinitespire:EmpoweringShard","infinitespire:Midas Blood","ReplayTheSpireMod:Ring of Addiction","ReplayTheSpireMod:Ring of Exchange","Chameleon Ring","Potion Belt","hubris:Towel","Pen Nib","hubris:SphereOfDissonance","Bird Faced Urn","hubris:Metronome","Thread and Needle","hubris:SlimyHat","StuffTheSpire:Mouthbags","hubris:ScarierMask","infinitespire:Satchel","War Paint"],"acts_visited":["Exordium","TheCity","TheBeyond","Exordium","TheCity","TheBeyond","TheEnding"],"potions_floor_usage":[96,98,107],"damage_taken":[{"damage":3.0,"enemies":"Small Slimes","floor":1.0,"turns":5.0},{"damage":4.0,"enemies":"Jaw Worm","floor":2.0,"turns":5.0},{"damage":1.0,"enemies":"Cultist","floor":4.0,"turns":3.0},{"damage":15.0,"enemies":"Lagavulin","floor":7.0,"turns":5.0},{"damage":43.0,"enemies":"3 Sentries","floor":12.0,"turns":13.0},{"damage":30.0,"enemies":"Gremlin Nob","floor":14.0,"turns":4.0},{"damage":20.0,"enemies":"Slime Boss","floor":16.0,"turns":4.0},{"damage":10.0,"enemies":"Shell Parasite","floor":18.0,"turns":5.0},{"damage":18.0,"enemies":"Chosen","floor":19.0,"turns":4.0},{"damage":0.0,"enemies":"Book of Stabbing","floor":23.0,"turns":2.0},{"damage":32.0,"enemies":"Replay:Snechameleon","floor":25.0,"turns":6.0},{"damage":0.0,"enemies":"Centurion and Healer","floor":27.0,"turns":4.0},{"damage":25.0,"enemies":"Slavers","floor":30.0,"turns":7.0},{"damage":9.0,"enemies":"hubris:MusketHawk","floor":33.0,"turns":7.0},{"damage":0.0,"enemies":"3 Shapes","floor":35.0,"turns":4.0},{"damage":0.0,"enemies":"Orb Walker","floor":37.0,"turns":1.0},{"damage":25.0,"enemies":"Nightmare","floor":40.0,"turns":6.0},{"damage":0.0,"enemies":"Giant Head","floor":42.0,"turns":4.0},{"damage":0.0,"enemies":"Spire Growth","floor":45.0,"turns":3.0},{"damage":3.0,"enemies":"Jaw Worm Horde","floor":46.0,"turns":3.0},{"damage":0.0,"enemies":"R_Hoarder","floor":47.0,"turns":4.0},{"damage":0.0,"enemies":"3 Darklings","floor":48.0,"turns":2.0},{"damage":26.0,"enemies":"Donu and Deca","floor":50.0,"turns":7.0},{"damage":26.0,"enemies":"infinitespire:MassOfShapes","floor":51.0,"turns":10.0},{"damage":0.0,"enemies":"Cultist","floor":53.0,"turns":1.0},{"damage":0.0,"enemies":"2 Louse","floor":57.0,"turns":1.0},{"damage":0.0,"enemies":"Gremlin Nob","floor":58.0,"turns":1.0},{"damage":0.0,"enemies":"Small Slimes","floor":59.0,"turns":1.0},{"damage":0.0,"enemies":"Looter","floor":60.0,"turns":1.0},{"damage":0.0,"enemies":"3 Sentries","floor":63.0,"turns":2.0},{"damage":0.0,"enemies":"Exordium Wildlife","floor":64.0,"turns":3.0},{"damage":0.0,"enemies":"Large Slime","floor":66.0,"turns":1.0},{"damage":0.0,"enemies":"Fading Forest","floor":68.0,"turns":10.0},{"damage":0.0,"enemies":"3 Byrds","floor":70.0,"turns":3.0},{"damage":0.0,"enemies":"Shell Parasite","floor":74.0,"turns":2.0},{"damage":0.0,"enemies":"Slavers","floor":75.0,"turns":3.0},{"damage":0.0,"enemies":"3 Cultists","floor":76.0,"turns":2.0},{"damage":0.0,"enemies":"Snake Plant","floor":80.0,"turns":2.0},{"damage":0.0,"enemies":"conspire:Head Lice","floor":82.0,"turns":1.0},{"damage":0.0,"enemies":"Sentry and Sphere","floor":83.0,"turns":3.0},{"damage":0.0,"enemies":"conspire:MysteriousRune","floor":85.0,"turns":4.0},{"damage":0.0,"enemies":"3 Darklings","floor":87.0,"turns":2.0},{"damage":0.0,"enemies":"Orb Walker","floor":91.0,"turns":1.0},{"damage":14.0,"enemies":"R_Hoarder","floor":93.0,"turns":3.0},{"damage":0.0,"enemies":"Sphere and 2 Shapes","floor":94.0,"turns":2.0},{"damage":0,"enemies":"Nightmare","floor":96,"turns":2},{"damage":0,"enemies":"Spire Growth","floor":97,"turns":2},{"damage":0,"enemies":"R_Hoarder","floor":98,"turns":3},{"damage":0,"enemies":"Jaw Worm Horde","floor":100,"turns":1},{"damage":0,"enemies":"conspire:OrnateMirror","floor":102,"turns":2},{"damage":0,"enemies":"hubris:GrandSnecko","floor":103,"turns":4},{"damage":35,"enemies":"Shield and Spear","floor":107,"turns":3},{"damage":33,"enemies":"The Heart","floor":108,"turns":8}],"seed_played":"-7860397644320362455","potions_obtained":[{"floor":12.0,"key":"PowerPotion"},{"floor":14.0,"key":"SteroidPotion"},{"floor":16.0,"key":"Explosive Potion"},{"floor":18.0,"key":"blueLaboratory:AbyssPotion"},{"floor":27.0,"key":"LifebloodPotion"},{"floor":31.0,"key":"FairyPotion"},{"floor":40.0,"key":"Explosive Potion"},{"floor":44.0,"key":"DistilledChaos"},{"floor":46.0,"key":"blueLaboratory:ArtistsPotion"},{"floor":51.0,"key":"blueLaboratory:Moonshine"},{"floor":58.0,"key":"Block Potion"},{"floor":70.0,"key":"blueLaboratory:FruitPunch"},{"floor":76.0,"key":"SteroidPotion"},{"floor":88.0,"key":"FairyPotion"},{"floor":88.0,"key":"blueLaboratory:BottleOfRum"},{"floor":94.0,"key":"Adrenaline Potion"},{"floor":96,"key":"AttackPotion"},{"floor":108,"key":"Poison Potion"}],"is_trial":false,"path_per_floor":["M","M","?","M","$","R","E","R","T","?","R","E","?","E","R","B",null,"M","M","?","?","$","E","R","E","T","M","?","R","E","?","R","B",null,"M","$","M","$","?","NM","R","E","T","?","M","M","E","M","R","B","B",null,"M","$","?","?","M","E","M","M","T","R","E","M","?","M","R","B",null,"M","?","?","$","M","E","M","T","T","R","M","R","E","M","R","B",null,"M","?","?","?","M","R","E","M","T","NM","M","E","?","M","R","B","B",null,"$","R","E","B",null],"character_chosen":"THE_SILENT","items_purchased":["Underhanded Strike","blueLaboratory:EnvenomedCoating","Molten Egg 2","Accuracy","Flash of Steel+1","hubris:Potato","Fluid Movement"],"campfire_rested":4,"item_purchase_floors":[5,5,22,36,36,54,105],"current_hp_per_floor":[62,58,58,57,57,57,42,42,42,35,56,13,13,36,36,16,58,48,30,30,30,30,30,51,23,23,25,25,25,5,5,15,10,30,35,35,35,35,35,22,22,24,24,24,26,23,25,26,26,5,8,33,33,33,21,21,21,21,21,21,21,33,34,34,34,34,34,41,41,41,20,10,10,15,16,19,19,19,19,25,25,27,33,33,37,42,43,43,43,50,50,48,34,38,38,48,48,48,48,48,48,46,46,46,44,44,13,13],"gold":110,"neow_bonus":"TEN_PERCENT_HP_BONUS","is_daily":false,"chose_seed":false,"campfire_upgraded":13,"win_rate":0.0,"timestamp":1614273117,"path_taken":["M","M","?","M","$","R","E","R","T","?","R","E","?","E","R","BOSS","M","M","?","?","$","E","R","E","T","M","?","R","E","?","R","BOSS","M","?","M","$","?","NM","R","E","T","?","?","M","E","M","R","BOSS","BOSS","M","$","?","?","M","E","M","?","T","R","E","?","?","M","R","BOSS","M","?","?","?","M","E","M","?","T","R","?","R","E","M","R","BOSS","M","?","?","?","M","R","E","M","T","NM","M","E","?","?","R","BOSS","BOSS","$","R","E","BOSS"],"items_purchased_type":["Card","Potion","Relic","Card","Card","Relic","Card"],"build_version":"2020-12-22","purchased_purges":2,"victory":true,"max_hp_per_floor":[72,72,72,72,72,72,72,72,72,72,72,72,72,72,72,72,72,72,72,72,72,72,72,72,72,72,72,36,36,36,36,36,36,36,36,36,36,36,36,41,41,41,41,41,41,41,41,41,41,41,41,41,41,41,41,41,41,41,41,41,41,41,41,41,41,41,41,41,41,41,41,41,41,43,43,43,43,43,43,43,43,43,43,43,43,43,43,43,43,50,50,48,48,48,48,48,48,48,48,48,48,46,46,46,44,44,44,44],"card_choices":[{"not_picked":["Calculated Gamble","Sucker Punch"],"picked":"Dagger Throw","floor":1.0},{"not_picked":["Deadly Poison","ReplayTheSpireMod:Shiv Toss"],"picked":"Cloak And Dagger","floor":2.0},{"not_picked":["StuffTheSpire:DoubleShiv","ReplayTheSpireMod:The Works"],"picked":"Quick Slash","floor":4.0},{"not_picked":["ReplayTheSpireMod:The Works","Dodge and Roll"],"picked":"Terror","floor":7.0},{"not_picked":["Sucker Punch","Heel Hook"],"picked":"ReplayTheSpireMod:Scrap Shanks","floor":12.0},{"not_picked":["Sucker Punch","Prepared"],"picked":"Calculated Gamble","floor":14.0},{"not_picked":["Envenom","Die Die Die"],"picked":"Storm of Steel","floor":16.0},{"not_picked":["Draining Mist","Dash"],"picked":"Backflip","floor":18.0},{"not_picked":["Backflip","Dodge and Roll","StuffTheSpire:Python"],"picked":"SKIP","floor":19.0},{"not_picked":["Accuracy","Grand Finale+1"],"picked":"StuffTheSpire:Shiver","floor":23.0},{"not_picked":["StuffTheSpire:FinalStruggle+1","Deadly Poison+1"],"picked":"Blade Dance","floor":25.0},{"not_picked":["Deadly Poison","Quick Slash+1"],"picked":"Reflex","floor":27.0},{"not_picked":["Flying Knee+1","Poisoned Stab+1"],"picked":"Dagger Throw+1","floor":30.0},{"not_picked":["Malaise","Corpse Explosion"],"picked":"Tools of the Trade","floor":33.0},{"not_picked":["ReplayTheSpireMod:The Works","Toxin Wave"],"picked":"Infinite Blades+1","floor":35.0},{"not_picked":["Sneak Up","Quick Slash+1"],"picked":"Prepared","floor":37.0},{"not_picked":["Terror","Poisoned Stab+1","Backflip"],"picked":"SKIP","floor":40.0},{"not_picked":["Terror","Poisoned Stab+1","Backflip"],"picked":"SKIP","floor":40.0},{"not_picked":["Flying Knee+1","Reflex"],"picked":"StuffTheSpire:MirrorStance","floor":42.0},{"not_picked":["Outmaneuver","Concentrate"],"picked":"StuffTheSpire:Fury+1","floor":45.0},{"not_picked":["Calculated Gamble","Outmaneuver"],"picked":"Prepared","floor":46.0},{"not_picked":["StuffTheSpire:ClusterCrunch+1","conspire:DoublingDagger"],"picked":"Footwork","floor":47.0},{"not_picked":["Flechettes+1","Deadly Poison","Masterful Stab+1"],"picked":"SKIP","floor":48.0},{"not_picked":["Flying Knee+1","Bane+1","Blur"],"picked":"SKIP","floor":53.0},{"not_picked":["Replay:Poison Smokescreen","Poisoned Stab+1","Prepared"],"picked":"SKIP","floor":57.0},{"not_picked":["StuffTheSpire:ReptileScales","hubris:Counter+1","StuffTheSpire:BrimstoneBlast+1"],"picked":"SKIP","floor":58.0},{"not_picked":["StuffTheSpire:Python","Deflect","Sucker Punch+1"],"picked":"SKIP","floor":59.0},{"not_picked":["Escape Plan","StuffTheSpire:Shiver","StuffTheSpire:Python"],"picked":"SKIP","floor":60.0},{"not_picked":["Skewer+1","StuffTheSpire:Python","Doppelganger"],"picked":"SKIP","floor":63.0},{"not_picked":["Slice+1","Toxin Wave","Cloak And Dagger"],"picked":"SKIP","floor":64.0},{"not_picked":["Heel Hook+1","Replay:Poison Smokescreen","Blade Dance"],"picked":"SKIP","floor":66.0},{"not_picked":["Storm of Steel","Unload+1"],"picked":"After Image","floor":68.0},{"not_picked":["Backflip","hubris:TrickCloak"],"picked":"Well Laid Plans","floor":70.0},{"not_picked":["ReplayTheSpireMod:??????????????????????","infinitespire:FinalStrike"],"picked":"infinitespire:Collect","floor":72.0},{"not_picked":["Sucker Punch+1","Setup+1","Prepared"],"picked":"SKIP","floor":74.0},{"not_picked":["Underhanded Strike+1","Sucker Punch+1"],"picked":"Finisher+1","floor":75.0},{"not_picked":["Outmaneuver","Tools of the Trade","Dash+1"],"picked":"SKIP","floor":76.0},{"not_picked":["All Out Attack+1","hubris:SlightOfHand"],"picked":"Hidden Blade","floor":80.0},{"not_picked":["StuffTheSpire:BumpUp+1","Poisoned Stab+1","Tools of the Trade"],"picked":"SKIP","floor":82.0},{"not_picked":["PiercingWail","StuffTheSpire:BumpUp+1"],"picked":"ReplayTheSpireMod:Scrap Shanks+1","floor":83.0},{"not_picked":["Doppelganger","ReplayTheSpireMod:Necrosis"],"picked":"Envenom","floor":85.0},{"not_picked":["Bouncing Flask","Prepared","Well Laid Plans"],"picked":"SKIP","floor":87.0},{"not_picked":["PiercingWail","StuffTheSpire:ClusterCrunch+1","ReplayTheSpireMod:Speed Training"],"picked":"SKIP","floor":91.0},{"not_picked":["ReplayTheSpireMod:Exploit Weakness","Underhanded Strike+1"],"picked":"A Thousand Cuts","floor":93.0},{"not_picked":["Deflect","conspire:DoublingDagger+1","Outmaneuver"],"picked":"SKIP","floor":94.0},{"not_picked":["Acrobatics+1","Flechettes+1"],"picked":"hubris:Sniper","floor":96},{"not_picked":["ReplayTheSpireMod:The Works","Poisoned Stab+1","Setup"],"picked":"SKIP","floor":97},{"not_picked":["Underhanded Strike+1","StuffTheSpire:ClusterCrunch+1","Distraction"],"picked":"SKIP","floor":98},{"not_picked":["Underhanded Strike+1","StuffTheSpire:ClusterCrunch+1","Distraction"],"picked":"SKIP","floor":98},{"not_picked":["Slice+1","Caltrops","PiercingWail"],"picked":"SKIP","floor":100},{"not_picked":["Glass Knife+1","Replay:Bag of Tricks"],"picked":"Unload+1","floor":102},{"not_picked":["Blade Dance","Outmaneuver","Noxious Fumes"],"picked":"SKIP","floor":107},{"not_picked":["Poison Darts","Glass Knife+1"],"picked":"Adrenaline","floor":108}],"player_experience":1386186,"relics_obtained":[{"floor":7.0,"key":"Lizard Tail"},{"floor":9.0,"key":"Replay:Wax Seal"},{"floor":12.0,"key":"reliquary:WeakTea"},{"floor":14.0,"key":"reliquary:Spinner"},{"floor":23.0,"key":"hubris:FunFungus"},{"floor":25.0,"key":"Lantern"},{"floor":26.0,"key":"Akabeko"},{"floor":30.0,"key":"Bottled Lightning"},{"floor":40.0,"key":"Durian"},{"floor":42.0,"key":"Simple Rune"},{"floor":43.0,"key":"reliquary:GummyVitamins"},{"floor":47.0,"key":"reliquary:TridentHead"},{"floor":58.0,"key":"hubris:CrystalStatue"},{"floor":61.0,"key":"Onion Ring"},{"floor":63.0,"key":"Mercury Hourglass"},{"floor":75.0,"key":"Ninja Scroll"},{"floor":75.0,"key":"Shuriken"},{"floor":77.0,"key":"Blood Vial"},{"floor":78.0,"key":"StuffTheSpire:EmeraldSignet"},{"floor":82.0,"key":"infinitespire:EmpoweringShard"},{"floor":82.0,"key":"infinitespire:Midas Blood"},{"floor":88.0,"key":"ReplayTheSpireMod:Ring of Addiction"},{"floor":88.0,"key":"ReplayTheSpireMod:Ring of Exchange"},{"floor":88.0,"key":"Chameleon Ring"},{"floor":88.0,"key":"Potion Belt"},{"floor":93.0,"key":"Pen Nib"},{"floor":93.0,"key":"hubris:SphereOfDissonance"},{"floor":95.0,"key":"Bird Faced Urn"},{"floor":96,"key":"hubris:Metronome"},{"floor":96,"key":"Thread and Needle"},{"floor":98,"key":"hubris:SlimyHat"},{"floor":98,"key":"StuffTheSpire:Mouthbags"},{"floor":107,"key":"infinitespire:Satchel"},{"floor":107,"key":"War Paint"}],"event_choices":[{"cards_removed":["Strike_G"],"damage_healed":0.0,"max_hp_gain":0.0,"max_hp_loss":0.0,"gold_gain":0.0,"event_name":"Golden Wing","player_choice":"Card Removal","floor":10.0,"gold_loss":0.0,"damage_taken":7.0},{"damage_healed":0.0,"max_hp_gain":0.0,"max_hp_loss":0.0,"gold_gain":0.0,"event_name":"betterThird:BetterScrap","player_choice":"LEAVE","floor":13.0,"gold_loss":0.0,"damage_taken":0.0,"cards_obtained":["Barricade"]},{"damage_healed":0.0,"max_hp_gain":0.0,"max_hp_loss":0.0,"gold_gain":0.0,"event_name":"Drug Dealer","player_choice":"Inject Mutagens","floor":20.0,"gold_loss":0.0,"damage_taken":0.0,"relics_obtained":["MutagenicStrength"]},{"damage_healed":0.0,"max_hp_gain":0.0,"max_hp_loss":36.0,"gold_gain":0.0,"event_name":"Ghosts","player_choice":"Became a Ghost","floor":28.0,"gold_loss":0.0,"damage_taken":0.0,"cards_obtained":["Ghostly","Ghostly","Ghostly"]},{"damage_healed":0.0,"max_hp_gain":0.0,"max_hp_loss":0.0,"gold_gain":0.0,"event_name":"The Woman in Blue","player_choice":"Bought 1 Potion","floor":31.0,"gold_loss":0.0,"damage_taken":0.0},{"damage_healed":0.0,"max_hp_gain":0.0,"max_hp_loss":0.0,"gold_gain":0.0,"event_name":"Lab","player_choice":"Got Potions","floor":44.0,"gold_loss":0.0,"damage_taken":0.0},{"damage_healed":33.0,"max_hp_gain":0.0,"max_hp_loss":41.0,"gold_gain":0.0,"event_name":"betterThird:BetterShining","player_choice":"Upgrade","floor":55.0,"gold_loss":0.0,"damage_taken":12.0,"cards_upgraded":["Underhanded Strike","Ghostly"]},{"damage_healed":0.0,"max_hp_gain":0.0,"max_hp_loss":0.0,"gold_gain":0.0,"event_name":"WeMeetAgain","player_choice":"Paid Gold","floor":56.0,"gold_loss":68.0,"damage_taken":0.0,"relics_obtained":["Bag of Preparation"]},{"damage_healed":0.0,"max_hp_gain":0.0,"max_hp_loss":0.0,"gold_gain":0.0,"event_name":"Cursed Tome","player_choice":"Obtained Book","floor":71.0,"gold_loss":0.0,"damage_taken":21.0},{"damage_healed":0,"gold_gain":0,"player_choice":"Upgraded","damage_taken":0,"max_hp_gain":0,"max_hp_loss":0,"event_name":"Upgrade Shrine","floor":99,"gold_loss":0,"cards_upgraded":["A Thousand Cuts"]}],"is_beta":false,"boss_relics":[{"not_picked":["Ectoplasm","StuffTheSpire:RunicHypercube"],"picked":"energizedSpire:PogoStick"},{"not_picked":["aspiration:RitualDagger","StuffTheSpire:Kangaroo"],"picked":"WristBlade"},{"not_picked":["conspire:SeveredTorchhead","ChewingGum","energizedSpire:SpiderWeb"]},{"not_picked":["Sozu","theForsaken:PaleLantern"],"picked":"Black Star"},{"not_picked":["hubris:CrackedHourglass","StuffTheSpire:RunicHypercube","aspiration:FutureDiary"]},{"not_picked":["energizedSpire:MagnifyingGlass","Frozen Eye"],"picked":"hubris:ScarierMask"}],"items_purged_floors":[22,54],"is_endless":true,"potions_floor_spawned":[12,14,16,18,27,40,46,48,50,51,58,59,60,66,70,76,83,87,94,96,108],"ascension_level":20}}