{"host":"dbkc9h3etq50r1dq","time":1614270590,"event":{"mods":["AchievementEnabler","BaseMod","Block Reminder","Colored Powertips","Curses Come First","Dark Map","Minty Spire (QoL Compilation)","Permanent Neow","Potion Indicator Mod","Random Character Button","Rare Cards Sparkle","StSLib","SuperFastMode","Weighted Paths","Yakumo Yukari mod"],"gold_per_floor":[134,150,150,166,183,183,183,183,183,219,40,40,54,68,68,196,196,217,260,260,260,260,260,288,307,307,307,334,334,334,344,344,449,499,513,563,563,60,76,76,92,92,115,15,30,62,62,89,89,89],"floor_reached":51,"language":"ZHS","playtime":1809,"items_purged":["AT_purpleEX","AT_purpleEX"],"score":866,"play_id":"37fec6eb-96e5-4bbd-9f08-e2f61cbcd151","local_time":"20210226002950","is_ascension_mode":false,"campfire_choices":[{"data":"Observe_purple_2","floor":6.0,"key":"SMITH"},{"floor":12.0,"key":"REST"},{"floor":15.0,"key":"REST"},{"data":"DimensionStaggered_purple","floor":23.0,"key":"SMITH"},{"data":"DimensionStaggered_purple","floor":27.0,"key":"SMITH"},{"floor":29.0,"key":"REST"},{"data":"Anti_communist_purple","floor":32.0,"key":"SMITH"},{"data":"Anti_communist_purple","floor":40.0,"key":"SMITH"},{"data":"OmniscientAndOmnipotent_Monster_purple","floor":42.0,"key":"SMITH"},{"data":"WorldDissolvedintheRealm_purple","floor":47.0,"key":"SMITH"},{"data":"Theboundaryofcreation_purpleEX","floor":49.0,"key":"SMITH"}],"circlet_count":0,"master_deck":["AT_purpleEX+1","Defend_purpleEX","Defend_purpleEX","Defend_purpleEX","Defend_purpleEX","Observe_purple_1","Observe_purple_2+1","Charmbait_purple","Worldmountain_purple","StateErode_purple","PurpleNeedle_purple","Umbrella_purple","DimensionStaggered_purple+1","Charmbait_purple","Fancifulhole_purple","CurseOfTheBell","DimensionStaggered_purple+1","Necronomicurse","Fantasy_PerpetualMotionMachine_purple","WorldDissolvedintheRealm_purple+1","RuleDissolution_purple+1","Anti_communist_purple+1","OmniscientAndOmnipotent_Monster_purple+1","Bait_Toxicbait_purple+1","WorldDissolvedintheRealm_purple+1","Anti_communist_purple+1","OpenedBox_purple","Charmbait_purple","Umbrella_purple+1","Theboundaryofcreation_purpleEX+1"],"relics":["Boundary_crack","Memoryfragments_purpleEX","HornCleat","Bloody Idol","Blood Vial","Bag of Preparation","Oddly Smooth Stone","Calling Bell","Regal Pillow","Kunai","Parasol_purpleEX","Red Mask","Necronomicon","Pocketwatch","Ornamental Fan","FossilizedHelix","Lizard Tail","Tiny House","Du-Vu Doll","Bronze Scales","Bag of Marbles","Lantern","Art of War","Nunchaku"],"acts_visited":["Exordium","TheCity","TheBeyond"],"potions_floor_usage":[50,50],"damage_taken":[{"damage":3.0,"enemies":"Cultist","floor":1.0,"turns":6.0},{"damage":0.0,"enemies":"Small Slimes","floor":2.0,"turns":2.0},{"damage":3.0,"enemies":"Jaw Worm","floor":4.0,"turns":2.0},{"damage":7.0,"enemies":"Looter","floor":5.0,"turns":2.0},{"damage":27.0,"enemies":"Lagavulin","floor":10.0,"turns":7.0},{"damage":3.0,"enemies":"3 Louse","floor":13.0,"turns":2.0},{"damage":0.0,"enemies":"Blue Slaver","floor":14.0,"turns":2.0},{"damage":0.0,"enemies":"Slime Boss","floor":16.0,"turns":6.0},{"damage":0.0,"enemies":"3 Byrds","floor":18.0,"turns":2.0},{"damage":0.0,"enemies":"Masked Bandits","floor":19.0,"turns":3.0},{"damage":20.0,"enemies":"Slavers","floor":24.0,"turns":4.0},{"damage":0.0,"enemies":"2 Thieves","floor":25.0,"turns":2.0},{"damage":20.0,"enemies":"Gremlin Leader","floor":28.0,"turns":7.0},{"damage":0.0,"enemies":"Cultist and Chosen","floor":31.0,"turns":3.0},{"damage":33.0,"enemies":"Collector","floor":33.0,"turns":6.0},{"damage":0.0,"enemies":"Orb Walker","floor":35.0,"turns":2.0},{"damage":0.0,"enemies":"Mind Bloom Boss Battle","floor":36.0,"turns":3.0},{"damage":0.0,"enemies":"3 Darklings","floor":39.0,"turns":1.0},{"damage":0.0,"enemies":"Jaw Worm Horde","floor":41.0,"turns":1.0},{"damage":0.0,"enemies":"4 Shapes","floor":45.0,"turns":2.0},{"damage":0.0,"enemies":"Nemesis","floor":46.0,"turns":1.0},{"damage":0.0,"enemies":"Giant Head","floor":48.0,"turns":4.0},{"damage":2,"enemies":"Awakened One","floor":50,"turns":7}],"seed_played":"4247234651034737063","potions_obtained":[{"floor":0.0,"key":"DistilledChaos"},{"floor":0.0,"key":"Dexterity Potion"},{"floor":0.0,"key":"LiquidBronze"},{"floor":1.0,"key":"Block Potion"},{"floor":5.0,"key":"BlessingOfTheForge"},{"floor":13.0,"key":"Block Potion"},{"floor":14.0,"key":"LiquidBronze"},{"floor":16.0,"key":"Strength Potion"},{"floor":24.0,"key":"Energy Potion"},{"floor":25.0,"key":"Fruit Juice"},{"floor":28.0,"key":"FearPotion"},{"floor":33.0,"key":"SkillPotion"},{"floor":34.0,"key":"SteroidPotion"},{"floor":35.0,"key":"SkillPotion"}],"is_trial":false,"path_per_floor":["M","M","?","M","M","R","?","?","T","E","$","R","M","M","R","B",null,"M","?","?","?","?","R","E","M","T","R","E","R","T","M","R","B",null,"M","?","?","$","M","R","M","R","T","$","M","E","R","E","R","B",null],"character_chosen":"Youkari","items_purchased":["Oddly Smooth Stone","DimensionStaggered_purple","Bronze Scales","Anti_communist_purple","Bag of Marbles","Energy Potion"],"campfire_rested":3,"item_purchase_floors":[11,11,38,38,38,38],"current_hp_per_floor":[70,70,70,67,60,60,42,42,42,19,19,38,39,44,63,65,65,65,65,65,65,49,49,41,59,59,59,47,70,70,70,70,45,75,75,75,71,71,71,71,71,71,71,71,71,71,71,71,71,71],"gold":89,"neow_bonus":"THREE_SMALL_POTIONS","is_daily":false,"chose_seed":false,"campfire_upgraded":8,"win_rate":0.0,"timestamp":1614270590,"path_taken":["M","?","?","?","M","R","?","?","T","E","$","R","M","M","R","BOSS","M","?","?","?","?","R","E","M","T","R","E","R","?","M","R","BOSS","M","?","?","?","M","R","?","R","T","$","M","E","R","E","R","BOSS"],"items_purchased_type":["Relic","Card","Relic","Card","Relic","Potion"],"build_version":"2020-12-22","purchased_purges":2,"victory":true,"max_hp_per_floor":[70,70,70,70,70,70,70,65,65,65,65,65,65,65,65,65,65,65,65,65,65,65,65,65,70,70,70,70,70,70,70,70,70,75,75,75,71,71,71,71,71,71,71,71,71,71,71,71,71,71],"card_choices":[{"not_picked":["Fantasy_PerpetualMotionMachine_purple","Umbrella_purple"],"picked":"Charmbait_purple","floor":1.0},{"not_picked":["Line_surface_state_purple","Mirror_FourBoundary_purple"],"picked":"Worldmountain_purple","floor":2.0},{"not_picked":["SfantasyHide_purple","WangLiang_OokamiKakushi_purple"],"picked":"StateErode_purple","floor":4.0},{"not_picked":["CommonSense_AntiCommonSense_purple","SfantasyHide_purple"],"picked":"PurpleNeedle_purple","floor":5.0},{"not_picked":["AdvanceAttack_purple","ExternalForce_HighSpeedFlying_purple"],"picked":"Umbrella_purple","floor":10.0},{"not_picked":["Boundary_DreamRealityDamnation_purple","ExistenceContinue_purple","Shallow_ocean_purpleEX"],"picked":"SKIP","floor":13.0},{"not_picked":["SharpContractionReality_purple","StateDuplicate_purple"],"picked":"Charmbait_purple","floor":14.0},{"not_picked":["Computing_the_future_purpleEX","ContainerChange_purple"],"picked":"Fancifulhole_purple","floor":16.0},{"not_picked":["Umbrella_purple","RealityDreamConfluencek_purple","SfantasyHide_purple"],"picked":"SKIP","floor":18.0},{"not_picked":["Boundary_ObjectiveBoundary_purple","Shallow_ocean_purpleEX"],"picked":"DimensionStaggered_purple","floor":19.0},{"not_picked":["RuptureOfTimeAndSpace_purple","MetroBOOM_purple+1"],"picked":"Fantasy_PerpetualMotionMachine_purple","floor":24.0},{"not_picked":["EighthInstrument_OneDividesIntoTwo_purple","MeetDecomposer_purple"],"picked":"WorldDissolvedintheRealm_purple","floor":25.0},{"not_picked":["Worldmountain_purple","GluttonyofRealm_purpleEX"],"picked":"RuleDissolution_purple+1","floor":28.0},{"not_picked":["Worldmountain_purple","Photoelasticity_Doppler_Effect_purple"],"picked":"Anti_communist_purple","floor":31.0},{"not_picked":["Line_surface_state_purple+1","Umbrella_purple"],"picked":"OmniscientAndOmnipotent_Monster_purple","floor":34.0},{"not_picked":["StretchesForeverDream_purple+1","ExternalForce_HighSpeedFlying_purple"],"picked":"Bait_Toxicbait_purple+1","floor":35.0},{"not_picked":["Anti_communist_purple","Mirror_FourBoundary_purple+1"],"picked":"WorldDissolvedintheRealm_purple+1","floor":36.0},{"not_picked":["ExistenceContinue_purple","SharpContractionReality_purple+1","MonsterNeedle_purple"],"picked":"SKIP","floor":39.0},{"not_picked":["Mirror_FormAndEmptin_purple+1","MeetDecomposer_purple+1"],"picked":"OpenedBox_purple","floor":41.0},{"not_picked":["SharpContractionReality_purple+1","OmniscientAndOmnipotent_Monster_purple"],"picked":"Charmbait_purple","floor":45.0},{"not_picked":["WeekHit_purple","WatchEChange_purple+1"],"picked":"Umbrella_purple+1","floor":46.0},{"not_picked":["PurpleNeedle_purple","Line_surface_state_purple"],"picked":"Theboundaryofcreation_purpleEX","floor":48.0}],"player_experience":165981,"relics_obtained":[{"floor":9.0,"key":"Blood Vial"},{"floor":10.0,"key":"Bag of Preparation"},{"floor":17.0,"key":"Regal Pillow"},{"floor":17.0,"key":"Kunai"},{"floor":17.0,"key":"Parasol_purpleEX"},{"floor":19.0,"key":"Red Mask"},{"floor":22.0,"key":"Necronomicon"},{"floor":24.0,"key":"Pocketwatch"},{"floor":26.0,"key":"Ornamental Fan"},{"floor":28.0,"key":"FossilizedHelix"},{"floor":30.0,"key":"Lizard Tail"},{"floor":36.0,"key":"Du-Vu Doll"},{"floor":43.0,"key":"Lantern"},{"floor":46.0,"key":"Art of War"},{"floor":48.0,"key":"Nunchaku"}],"event_choices":[{"damage_healed":0.0,"max_hp_gain":0.0,"max_hp_loss":0.0,"gold_gain":0.0,"event_name":"WeMeetAgain","player_choice":"Gave Potion","floor":3.0,"gold_loss":0.0,"damage_taken":0.0,"relics_obtained":["HornCleat"]},{"damage_healed":0.0,"max_hp_gain":0.0,"max_hp_loss":5.0,"gold_gain":0.0,"event_name":"Golden Idol","player_choice":"Lose Max HP","floor":8.0,"gold_loss":0.0,"damage_taken":0.0,"relics_obtained":["Golden Idol"]},{"damage_healed":0.0,"max_hp_gain":0.0,"max_hp_loss":0.0,"gold_gain":0.0,"event_name":"Masked Bandits","player_choice":"Fought Bandits","floor":19.0,"gold_loss":0.0,"damage_taken":0.0},{"cards_removed":["AT_purpleEX"],"damage_healed":0.0,"max_hp_gain":0.0,"max_hp_loss":0.0,"gold_gain":0.0,"event_name":"Back to Basics","player_choice":"Elegance","floor":20.0,"gold_loss":0.0,"damage_taken":0.0},{"damage_healed":0.0,"max_hp_gain":0.0,"max_hp_loss":0.0,"gold_gain":0.0,"event_name":"Forgotten Altar","player_choice":"Gave Idol","floor":21.0,"relics_lost":["Golden Idol"],"gold_loss":0.0,"damage_taken":0.0,"relics_obtained":["Bloody Idol"]},{"damage_healed":0.0,"max_hp_gain":0.0,"max_hp_loss":0.0,"gold_gain":0.0,"event_name":"Cursed Tome","player_choice":"Obtained Book","floor":22.0,"gold_loss":0.0,"damage_taken":16.0},{"damage_healed":0.0,"max_hp_gain":0.0,"max_hp_loss":0.0,"gold_gain":0.0,"event_name":"MindBloom","player_choice":"Fight","floor":36.0,"gold_loss":0.0,"damage_taken":0.0},{"damage_healed":0.0,"max_hp_gain":0.0,"max_hp_loss":4.0,"gold_gain":0.0,"event_name":"Winding Halls","player_choice":"Max HP","floor":37.0,"gold_loss":0.0,"damage_taken":0.0}],"is_beta":false,"boss_relics":[{"not_picked":["Seventeenyearold_girl_Forever","Black Star"],"picked":"Calling Bell"},{"not_picked":["SacredBark","Snecko Eye"],"picked":"Tiny House"}],"items_purged_floors":[38,44],"is_endless":false,"potions_floor_spawned":[1,5,13,14,16,24,25,28,33,35,45],"ascension_level":0}}