{"host":"3twtdwjpiqhvvn5s","time":1614216948,"event":{"mods":["AchievementEnabler","Act Like it!","Aspiration","BaseMod","BetterRewards","Colored Map","Colored Powertips","Downfall","Duelist Mod","Friendly Minions","GifTheSpireLib","Hermit","Hubris","Infinite Spire","Jorbs\u0027s Wanderer Trilogy","Koishi","KomeijiMod","Marisa????????","Minty Spire (QoL Compilation)","Quick Restart","Rare Cards Sparkle","Replay The Spire","Shop Mod","StSLib","Td1madao Mod","The Administrix","The Animator","The Bug Knight","The Caster","The Cursed","The Disciple","The Hierophant","The Necromancer","The Poker Player","The Runesmith","The Servant 0.9.4"],"gold_per_floor":[114,138,161,183,209,221,221,221],"floor_reached":6,"language":"ENG","playtime":1011,"items_purged":[],"score":40,"play_id":"73f123bb-f71b-44be-a1d1-eb7b41c3f452","local_time":"20210224193548","daily_mods":["Vintage","Blue Cards","DeadlyEvents"],"is_ascension_mode":false,"campfire_choices":[],"circlet_count":0,"master_deck":["Slimebound:Strike_Slimebound","Slimebound:Strike_Slimebound","Slimebound:Strike_Slimebound","Slimebound:Tackle","Slimebound:Defend_Slimebound","Slimebound:Defend_Slimebound","Slimebound:Defend_Slimebound","Slimebound:Defend_Slimebound","Slimebound:Split","Slimebound:CorrosiveSpit"],"relics":["Slimebound:AbsorbEndCombat","MawBank","HoshigumaDish","Runesmith:Nanobots","Vajra","Replay:Rubber Ducky"],"acts_visited":["Exordium"],"potions_floor_usage":[6],"damage_taken":[{"damage":15,"enemies":"2 Louse","floor":1,"turns":2},{"damage":9,"enemies":"Cultist","floor":2,"turns":3},{"damage":11,"enemies":"Small Slimes","floor":3,"turns":3},{"damage":17,"enemies":"Gremlin Gang","floor":4,"turns":5},{"damage":19,"enemies":"Red Slaver","floor":5,"turns":3},{"damage":16,"enemies":"Gremlin Nob","floor":6,"turns":2}],"seed_played":"4574468774866561689","potions_obtained":[{"floor":3,"key":"GamblersBrew"},{"floor":5,"key":"PowerPotion"}],"is_trial":true,"path_per_floor":["M","M","M","M","M","E"],"character_chosen":"SLIMEBOUND","items_purchased":[],"campfire_rested":0,"item_purchase_floors":[],"current_hp_per_floor":[50,45,36,23,4,0,0,0],"gold":221,"neow_bonus":"","is_daily":false,"chose_seed":false,"campfire_upgraded":0,"win_rate":0.0,"timestamp":1614216948,"path_taken":["M","M","M","M","M","E"],"items_purchased_type":[],"build_version":"2020-12-22","purchased_purges":0,"victory":false,"max_hp_per_floor":[65,65,65,65,65,65,65,65],"card_choices":[],"player_experience":3505296,"relics_obtained":[{"floor":1,"key":"MawBank"},{"floor":2,"key":"HoshigumaDish"},{"floor":3,"key":"Runesmith:Nanobots"},{"floor":4,"key":"Vajra"},{"floor":5,"key":"Replay:Rubber Ducky"}],"event_choices":[],"is_beta":false,"boss_relics":[],"items_purged_floors":[],"is_endless":false,"potions_floor_spawned":[3,5],"killed_by":"Gremlin Nob","ascension_level":0}}