{"host":"y4fuci1jk2rsxnep","time":1614274894,"event":{"mods":["AchievementEnabler","BaseMod","Colored Powertips","Custom Start","Defuse TimeMaze Blight","Dio Mod","Downfall","Hermit","Hero for Fun","Hubris","Hunter ??","Infinite Spire","Minty Spire (QoL Compilation)","Quick Restart","Reliquary","Remove Card Discount Mod","Replay The Spire","StSLib","The Blackbeard","The Bug Knight","The Mystic","The Runesmith"],"gold_per_floor":[117,130,130,146,146,180,180,199,223,223,223,223,241,255,255,255,255],"floor_reached":16,"language":"ENG","playtime":865,"items_purged":[],"score":147,"play_id":"1106378d-179e-46a5-90a2-80d897c8a5d7","local_time":"20210225184134","is_ascension_mode":true,"campfire_choices":[{"data":"hermit:Midnight","floor":7,"key":"SMITH"},{"floor":10,"key":"REST"},{"floor":15,"key":"REST"}],"circlet_count":0,"master_deck":["hermit:Strike_Hermit","hermit:Strike_Hermit","hermit:Strike_Hermit+1","hermit:Strike_Hermit","hermit:Defend_Hermit","hermit:Defend_Hermit","hermit:Defend_Hermit","hermit:Defend_Hermit","hermit:Snapshot","hermit:Covet","hermit:Horror","hermit:Midnight+1","hubris:Despair","hermit:WideOpen+1","hermit:FatalDesire+1","hermit:BodyArmor"],"relics":["hermit:Momento","Mango","Toy Ornithopter","Tiny Chest","Mango"],"acts_visited":["Exordium"],"potions_floor_usage":[14],"damage_taken":[{"damage":2,"enemies":"Jaw Worm","floor":1,"turns":3},{"damage":2,"enemies":"Small Slimes","floor":2,"turns":3},{"damage":1,"enemies":"Cultist","floor":4,"turns":3},{"damage":34,"enemies":"Lagavulin","floor":6,"turns":6},{"damage":11,"enemies":"Looter","floor":8,"turns":4},{"damage":25,"enemies":"Large Slime","floor":13,"turns":6},{"damage":6,"enemies":"Exordium Wildlife","floor":14,"turns":6},{"damage":74,"enemies":"Fading Forest","floor":16,"turns":9}],"seed_played":"-5748051296819285830","potions_obtained":[{"floor":1,"key":"EssenceOfSteel"},{"floor":6,"key":"Swift Potion"},{"floor":14,"key":"SmokeBomb"}],"is_trial":false,"path_per_floor":["M","M","?","M","?","E","R","M","T","R","?","?","M","M","R","B"],"character_chosen":"HERMIT","items_purchased":[],"campfire_rested":2,"item_purchase_floors":[],"current_hp_per_floor":[80,78,78,77,61,27,27,16,16,40,54,54,29,28,56,0,0],"gold":255,"neow_bonus":"ONE_RARE_RELIC","is_daily":false,"chose_seed":false,"campfire_upgraded":1,"win_rate":0.0,"timestamp":1614274894,"path_taken":["M","M","?","M","?","E","R","M","T","R","?","?","M","M","R","BOSS"],"items_purchased_type":[],"build_version":"2020-12-22","purchased_purges":0,"victory":false,"max_hp_per_floor":[82,82,82,82,82,82,82,82,82,82,96,96,96,96,96,96,96],"card_choices":[{"not_picked":["hermit:Roulette","hermit:Glare"],"picked":"hermit:Horror","floor":1},{"not_picked":["hermit:Ricochet","hermit:HighCaliber"],"picked":"hermit:Midnight","floor":2},{"not_picked":["hermit:Snipe","hermit:CalledShot"],"picked":"hermit:WideOpen","floor":4},{"not_picked":["hermit:PistolWhip","hermit:SprayPray"],"picked":"hermit:FatalDesire","floor":6},{"not_picked":["hermit:Misfire","hermit:CalledShot","hermit:TrackingShot"],"picked":"SKIP","floor":8},{"not_picked":["hermit:Ricochet","hermit:SprayPray"],"picked":"hermit:BodyArmor","floor":13},{"not_picked":["hermit:TakeCover","hermit:LowProfile","hermit:Misfire"],"picked":"SKIP","floor":14}],"player_experience":711964,"relics_obtained":[{"floor":6,"key":"Toy Ornithopter"},{"floor":9,"key":"Tiny Chest"},{"floor":11,"key":"reliquary:SculptingSteel"}],"event_choices":[{"damage_healed":0,"gold_gain":0,"player_choice":"Entered Light","damage_taken":16,"max_hp_gain":0,"max_hp_loss":0,"event_name":"Shining Light","floor":5,"gold_loss":0,"cards_upgraded":["hermit:WideOpen","hermit:Strike_Hermit"]},{"damage_healed":0,"gold_gain":0,"player_choice":"Upgraded","damage_taken":0,"max_hp_gain":0,"max_hp_loss":0,"event_name":"Upgrade Shrine","floor":12,"gold_loss":0,"cards_upgraded":["hermit:FatalDesire"]}],"is_beta":false,"boss_relics":[],"items_purged_floors":[],"is_endless":false,"potions_floor_spawned":[1,6,14],"killed_by":"Fading Forest","ascension_level":4}}