{"host":"0mk07bycsqo1qk03","time":1614241893,"event":{"mods":["BaseMod","Downfall","Hermit","Hubris","Minty Spire (QoL Compilation)","Reliquary","Replay The Spire","Spicy Shops","StSLib","The Hierophant"],"gold_per_floor":[113,126,51,51,67,96,96,96,96,125,141,210,220,220,220,220,220],"floor_reached":16,"language":"ENG","playtime":679,"items_purged":[],"score":220,"play_id":"e9beb163-52db-4e6b-8c8b-f0f9d5750bca","local_time":"20210225093133","is_ascension_mode":true,"campfire_choices":[{"data":"Uppercut","floor":7,"key":"SMITH"},{"floor":15,"key":"REST"}],"circlet_count":0,"master_deck":["AscendersBane","Strike_R","Strike_R","Strike_R","Strike_R","Defend_R","Defend_R","Defend_R","Defend_R","Bash","Armaments","Clothesline","Pommel Strike","Uppercut+1","Replay:Undeath\u0027s Touch","Flex","downfall:Malfunctioning","Fire Breathing","Voices"],"relics":["Burning Blood","GremlinMask","Ginger","Replay:PocketPolymizer","Replay:Kaleidoscope","ReplayTheSpireMod:CursedCoin","Ring of Panic","ReplayTheSpireMod:Ring of Challenge"],"acts_visited":["Exordium"],"potions_floor_usage":[6,10],"damage_taken":[{"damage":2,"enemies":"Cultist","floor":1,"turns":4},{"damage":1,"enemies":"Small Slimes","floor":2,"turns":4},{"damage":0,"enemies":"2 Louse","floor":5,"turns":3},{"damage":34,"enemies":"3 Sentries","floor":6,"turns":10},{"damage":26,"enemies":"Lagavulin","floor":10,"turns":7},{"damage":7,"enemies":"Gremlin Gang","floor":11,"turns":6},{"damage":13,"enemies":"Exordium Thugs","floor":13,"turns":4},{"damage":48,"enemies":"Slime Boss","floor":16,"turns":8}],"seed_played":"5091682494120373007","potions_obtained":[{"floor":2,"key":"Strength Potion"},{"floor":6,"key":"Fire Potion"}],"is_trial":false,"path_per_floor":["M","M","?","?","M","E","R","$","T","E","M","$","M","?","R","B"],"character_chosen":"IRONCLAD","items_purchased":["ReplayTheSpireMod:CursedCoin","Fire Breathing"],"campfire_rested":1,"item_purchase_floors":[12,12],"current_hp_per_floor":[72,75,75,75,75,47,47,47,47,27,26,26,19,19,41,0,0],"gold":220,"neow_bonus":"THREE_CARDS","is_daily":false,"chose_seed":false,"campfire_upgraded":1,"win_rate":0.0,"timestamp":1614241893,"path_taken":["M","?","?","?","?","E","R","?","T","E","M","$","M","?","R","BOSS"],"items_purchased_type":["Relic","Card"],"build_version":"2020-12-22","purchased_purges":0,"victory":false,"max_hp_per_floor":[75,75,75,75,75,75,75,75,75,75,75,75,75,75,75,75,75],"card_choices":[{"not_picked":["Shrug It Off","Pommel Strike"],"picked":"Armaments","floor":0},{"not_picked":["Warcry","Body Slam"],"picked":"Clothesline","floor":1},{"not_picked":["Abandon","Combust"],"picked":"Pommel Strike","floor":2},{"not_picked":["Perfected Strike","Replay:Undeath\u0027s Touch"],"picked":"Uppercut","floor":5},{"not_picked":["Entrench","Havoc"],"picked":"Replay:Undeath\u0027s Touch","floor":6},{"not_picked":["Defy Death","Uppercut"],"picked":"Flex","floor":10},{"not_picked":["Havoc","Whirlwind","Massacre"],"picked":"SKIP","floor":11},{"not_picked":["Cleave","Clothesline","Pommel Strike"],"picked":"SKIP","floor":13}],"player_experience":1071127,"relics_obtained":[{"floor":6,"key":"Ginger"},{"floor":9,"key":"Replay:PocketPolymizer"},{"floor":10,"key":"Replay:Kaleidoscope"},{"floor":14,"key":"Ring of Panic"},{"floor":14,"key":"ReplayTheSpireMod:Ring of Challenge"}],"event_choices":[{"cards_removed":["Strike_R"],"damage_healed":0,"gold_gain":0,"player_choice":"Card Removal","damage_taken":0,"max_hp_gain":0,"max_hp_loss":0,"event_name":"The Cleric","floor":3,"gold_loss":75},{"damage_healed":0,"gold_gain":0,"player_choice":"Trade","damage_taken":0,"relics_obtained":["GremlinMask"],"max_hp_gain":0,"max_hp_loss":0,"event_name":"FaceTrader","floor":4,"gold_loss":0}],"is_beta":false,"boss_relics":[],"items_purged_floors":[],"is_endless":false,"potions_floor_spawned":[2,6],"killed_by":"Slime Boss","ascension_level":20}}