{"host":"9tdhussg6z28ni1x","time":1614240183,"event":{"mods":["2.2 Compatiblity","BaseMod","CapriCore","KOR Keyword Fix","Minty Spire (QoL Compilation)","Relic Stats","StSLib","SuperFastMode"],"gold_per_floor":[112,112,112,112,127,163,163,176,225,83,83,121,195,218,218,218,218],"floor_reached":16,"language":"KOR","playtime":415,"items_purged":["Strike_R"],"score":180,"play_id":"64f94044-6917-422b-a4ce-0be4990f35ee","local_time":"20210225170303","is_ascension_mode":true,"campfire_choices":[{"data":"Evolve","floor":7,"key":"SMITH"},{"data":"Body Slam","floor":11,"key":"SMITH"},{"floor":15,"key":"REST"}],"circlet_count":0,"master_deck":["Strike_R","Strike_R","Strike_R","Defend_R","Defend_R","Defend_R","Defend_R","Bash","Evolve+1","Body Slam+1","Power Through"],"relics":["Burning Blood","NeowsBlessing","Golden Idol","Ancient Tea Set","Strawberry","Frozen Egg 2","Pantograph"],"acts_visited":["Exordium"],"potions_floor_usage":[16,16],"damage_taken":[{"damage":0,"enemies":"Small Slimes","floor":1,"turns":1},{"damage":0,"enemies":"2 Louse","floor":5,"turns":1},{"damage":0,"enemies":"Lagavulin","floor":6,"turns":1},{"damage":0,"enemies":"Jaw Worm","floor":8,"turns":3},{"damage":45,"enemies":"Gremlin Nob","floor":12,"turns":5},{"damage":34,"enemies":"Exordium Thugs","floor":14,"turns":7},{"damage":69,"enemies":"Hexaghost","floor":16,"turns":11}],"seed_played":"9074972789973306492","potions_obtained":[{"floor":5,"key":"Strength Potion"},{"floor":8,"key":"FearPotion"},{"floor":14,"key":"EssenceOfSteel"}],"is_trial":false,"path_per_floor":["M","?","$","?","M","E","R","M","T","$","R","E","T","M","R","B"],"character_chosen":"IRONCLAD","items_purchased":["Power Through"],"campfire_rested":1,"item_purchase_floors":[10],"current_hp_per_floor":[78,78,78,58,64,70,70,76,83,83,83,44,44,16,42,0,0],"gold":218,"neow_bonus":"THREE_ENEMY_KILL","is_daily":false,"chose_seed":false,"campfire_upgraded":2,"win_rate":0.0,"timestamp":1614240183,"path_taken":["M","?","$","?","M","E","R","?","T","$","R","E","?","M","R","BOSS"],"items_purchased_type":["Card"],"build_version":"2020-12-22","purchased_purges":1,"victory":false,"max_hp_per_floor":[80,80,80,80,80,80,80,80,87,87,87,87,87,87,87,87,87],"relic_stats":{"counters":[7,29],"Golden Idol":26,"Pantograph":25,"obtain_stats":[{"NeowsBlessing":0,"Golden Idol":4,"Strawberry":9,"Pantograph":13,"Frozen Egg 2":12,"Ancient Tea Set":6,"Burning Blood":0},{"NeowsBlessing":0,"Golden Idol":1,"Strawberry":4,"Pantograph":5,"Frozen Egg 2":5,"Ancient Tea Set":3,"Burning Blood":0},{"NeowsBlessing":0,"Golden Idol":1,"Strawberry":6,"Pantograph":11,"Frozen Egg 2":11,"Ancient Tea Set":3,"Burning Blood":0}],"Burning Blood":36},"card_choices":[{"not_picked":["Clash","Uppercut","Havoc"],"picked":"SKIP","floor":1},{"not_picked":["Sentinel","Headbutt"],"picked":"Evolve","floor":5},{"not_picked":["Headbutt","Entrench","Bloodletting"],"picked":"SKIP","floor":6},{"not_picked":["Clash","Clothesline"],"picked":"Body Slam","floor":8},{"not_picked":["Clash","Heavy Blade","Pummel"],"picked":"SKIP","floor":12},{"not_picked":["Heavy Blade","Warcry","Rupture+1"],"picked":"SKIP","floor":14}],"player_experience":266032,"relics_obtained":[{"floor":6,"key":"Ancient Tea Set"},{"floor":9,"key":"Strawberry"},{"floor":12,"key":"Frozen Egg 2"},{"floor":13,"key":"Pantograph"}],"event_choices":[{"cards_removed":["Strike_R"],"damage_healed":0,"gold_gain":0,"player_choice":"Forget","damage_taken":0,"max_hp_gain":0,"max_hp_loss":0,"event_name":"Living Wall","floor":2,"gold_loss":0},{"damage_healed":0,"gold_gain":0,"player_choice":"Take Damage","damage_taken":20,"relics_obtained":["Golden Idol"],"max_hp_gain":0,"max_hp_loss":0,"event_name":"Golden Idol","floor":4,"gold_loss":0}],"is_beta":false,"boss_relics":[],"items_purged_floors":[10],"is_endless":false,"potions_floor_spawned":[5,8,14],"killed_by":"Hexaghost","ascension_level":7}}