{"host":"3zmssa4s99zhxek5","time":1614220197,"event":{"mods":["AchievementEnabler","BaseMod","Minty Spire (QoL Compilation)","Permanent Neow","Relic Stats"],"gold_per_floor":[109,109,109,123,123,148,148,180,250,250,250,250,161,161,161,238,238,257,267,166,176,176,176,176,176],"floor_reached":24,"language":"KOR","playtime":1823,"items_purged":["Strike_R"],"score":400,"play_id":"c333d0f6-e4b5-4671-9a6b-54e8bc338cd3","local_time":"20210225112957","is_ascension_mode":true,"campfire_choices":[{"floor":7,"key":"REST"},{"data":"Armaments","floor":10,"key":"SMITH"},{"data":"Disarm","floor":12,"key":"SMITH"},{"floor":15,"key":"REST"},{"data":"Barricade","floor":23,"key":"SMITH"}],"circlet_count":0,"master_deck":["AscendersBane","Defend_R","Defend_R","Defend_R","Bash","Cleave","Armaments+1","Uppercut","Rampage","Disarm+1","Barricade+1","Body Slam","True Grit","Impervious"],"relics":["Burning Blood","Juzu Bracelet","Regal Pillow","Eternal Feather","Gambling Chip","Busted Crown"],"acts_visited":["Exordium","TheCity"],"potions_floor_usage":[6,24,24],"damage_taken":[{"damage":7,"enemies":"Small Slimes","floor":1,"turns":4},{"damage":7,"enemies":"Jaw Worm","floor":4,"turns":3},{"damage":40,"enemies":"3 Sentries","floor":6,"turns":7},{"damage":25,"enemies":"Lagavulin","floor":8,"turns":6},{"damage":35,"enemies":"The Guardian","floor":16,"turns":12},{"damage":21,"enemies":"Chosen","floor":18,"turns":5},{"damage":27,"enemies":"3 Byrds","floor":19,"turns":8},{"damage":9,"enemies":"Cultist and Chosen","floor":21,"turns":7},{"damage":49,"enemies":"Slavers","floor":24,"turns":3}],"seed_played":"-8350187004390682380","potions_obtained":[{"floor":1,"key":"SneckoOil"},{"floor":14,"key":"SneckoOil"},{"floor":14,"key":"SkillPotion"},{"floor":16,"key":"PowerPotion"}],"is_trial":false,"path_per_floor":["M","?","?","M","?","E","R","E","T","R","?","R","?","?","R","B",null,"M","M","$","M","?","R","E"],"character_chosen":"IRONCLAD","items_purchased":["True Grit"],"campfire_rested":2,"item_purchase_floors":[20],"current_hp_per_floor":[49,42,42,41,41,7,29,10,10,16,21,27,27,27,72,43,71,56,35,35,32,32,38,0,0],"gold":176,"neow_bonus":"REMOVE_TWO","is_daily":false,"chose_seed":false,"campfire_upgraded":3,"win_rate":0.0,"timestamp":1614220197,"path_taken":["M","?","?","M","?","E","R","E","T","R","?","R","?","?","R","BOSS","M","M","$","M","?","R","E"],"items_purchased_type":["Card"],"build_version":"2020-12-22","purchased_purges":1,"victory":false,"max_hp_per_floor":[75,75,75,75,75,75,75,75,75,75,80,80,80,80,80,80,80,80,80,80,80,80,80,80,80],"relic_stats":{"Regal Pillow":15,"Busted Crown":6,"counters":[9,55],"Gambling Chip":[14],"Eternal Feather":24,"Juzu Bracelet":2,"obtain_stats":[{"Regal Pillow":8,"Busted Crown":17,"Gambling Chip":13,"Eternal Feather":9,"Juzu Bracelet":6,"Burning Blood":0},{"Regal Pillow":4,"Busted Crown":5,"Gambling Chip":4,"Eternal Feather":4,"Juzu Bracelet":3,"Burning Blood":0},{"Regal Pillow":20,"Busted Crown":32,"Gambling Chip":20,"Eternal Feather":20,"Juzu Bracelet":14,"Burning Blood":0}],"Burning Blood":48},"card_choices":[{"not_picked":["Shockwave","Clash"],"picked":"Cleave","floor":1},{"not_picked":["Armaments","Combust"],"picked":"Uppercut","floor":4},{"not_picked":["Clothesline","Fiend Fire"],"picked":"Rampage","floor":6},{"not_picked":["Twin Strike","Sever Soul"],"picked":"Disarm","floor":8},{"not_picked":["Reaper","Demon Form"],"picked":"Barricade","floor":16},{"not_picked":[],"picked":"Body Slam","floor":18},{"not_picked":["Anger"],"picked":"SKIP","floor":19},{"not_picked":["Body Slam"],"picked":"SKIP","floor":21}],"player_experience":1688646,"relics_obtained":[{"floor":6,"key":"Juzu Bracelet"},{"floor":8,"key":"Regal Pillow"},{"floor":9,"key":"Eternal Feather"}],"event_choices":[{"cards_removed":["Strike_R"],"damage_healed":0,"gold_gain":0,"player_choice":"Card Removal","damage_taken":7,"max_hp_gain":0,"max_hp_loss":0,"event_name":"Golden Wing","floor":2,"gold_loss":0},{"damage_healed":0,"gold_gain":0,"cards_transformed":["Strike_R"],"player_choice":"Change","damage_taken":0,"max_hp_gain":0,"max_hp_loss":0,"event_name":"Living Wall","floor":3,"gold_loss":0,"cards_obtained":["Armaments"]},{"damage_healed":0,"gold_gain":0,"player_choice":"Ignored","damage_taken":0,"max_hp_gain":0,"max_hp_loss":0,"event_name":"Liars Game","floor":5,"gold_loss":0},{"damage_healed":0,"gold_gain":0,"player_choice":"Donut","damage_taken":0,"max_hp_gain":5,"max_hp_loss":0,"event_name":"Big Fish","floor":11,"gold_loss":0},{"damage_healed":0,"gold_gain":0,"player_choice":"Paid Gold","damage_taken":0,"relics_obtained":["Gambling Chip"],"max_hp_gain":0,"max_hp_loss":0,"event_name":"WeMeetAgain","floor":13,"gold_loss":89},{"damage_healed":0,"gold_gain":0,"player_choice":"Got Potions","damage_taken":0,"max_hp_gain":0,"max_hp_loss":0,"event_name":"Lab","floor":14,"gold_loss":0},{"damage_healed":0,"gold_gain":0,"cards_transformed":["Strike_R"],"player_choice":"Transformed","damage_taken":0,"max_hp_gain":0,"max_hp_loss":0,"event_name":"Transmorgrifier","floor":22,"gold_loss":0,"cards_obtained":["Impervious"]}],"is_beta":false,"boss_relics":[{"not_picked":["Snecko Eye","Ectoplasm"],"picked":"Busted Crown"}],"items_purged_floors":[20],"is_endless":false,"potions_floor_spawned":[1,16],"killed_by":"Slavers","ascension_level":20}}