{"host":"oq9vgnvl0fi8z8ha","time":1614284665,"event":{"mods":["Act Like it!","BaseMod","Block Reminder","ChefMod","Curses Come First","Evolution","Fox Events","Hallownest","Highlight Path","Minty Spire (QoL Compilation)","Relic Stats","Robot Space Explorer","Smile Girya","StSLib","The Blue Laboratory","The Bug Knight","The Runesmith","Unceasing Turn Reminder"],"gold_per_floor":[109,37,37,47,47,82,82,82,82,108,108,125,140,154,154,255,255,268,268,268,280,299,299,60,60,108,133,133,162,162,177,177,274,274,293,293,307,322,336,336,13,32,57,77,77,77,77,77,77,77],"floor_reached":51,"language":"ENG","playtime":4433,"items_purged":["Hallownest:curseDreamersLament"],"score":826,"play_id":"29e5cf3e-1a1c-4bba-999b-78f215e0d5c2","local_time":"20210225132425","is_ascension_mode":true,"campfire_choices":[{"data":"HollowMod:CycloneSlash","floor":7.0,"key":"SMITH"},{"data":"HollowMod:CycloneSlash","floor":15,"key":"SMITH"},{"data":"Hallownest:pwrSporeShroom","floor":23,"key":"SMITH"},{"data":"HollowMod:SlysStrikes","floor":28,"key":"SMITH"},{"data":"HollowMod:MothsMistake","floor":32,"key":"SMITH"},{"data":"HollowMod:Weaversong","floor":40,"key":"SMITH"},{"data":"HollowMod:InfectionAssault","floor":45,"key":"SMITH"},{"data":"HollowMod:HeavyBlow","floor":47,"key":"SMITH"},{"data":"HollowMod:DashSlash","floor":49,"key":"SMITH"}],"circlet_count":0,"master_deck":["HollowMod:InfectedAttack","HollowMod:SoulStrike","HollowMod:DashSlash+1","HollowMod:CycloneSlash","HollowMod:DoubleDash","HollowMod:DoubleDash","HollowMod:DoubleDash","HollowMod:DoubleDash","HollowMod:FocusHealStart","HollowMod:SharpenedNail","HollowMod:Weaversong+1","HollowMod:CycloneSlash+1","HollowMod:DungDefenderAura","Hallownest:skillSlugHide","Hallownest:skillSlugHide","Hallownest:skillSlugHide","Hallownest:skillSlugHide","Hallownest:skillSlugHide","HollowMod:CycloneSlash+1","HollowMod:InfectedCysts","HollowMod:SoulVessel","HollowMod:HeavyBlow+1","HollowMod:InfectionAssault+1","HollowMod:SoulSplash","HollowMod:SlysStrikes+1","HollowMod:HowlingWraiths+1","Hallownest:pwrSporeShroom+1","HollowMod:DashSlash+1","Swift Strike","HollowMod:MothsMistake+1","Hallownest:attackMasterCycloneSlash","HollowMod:MantisMark","HollowMod:MonomonsArchive","HollowMod:SoulVessel+1","HollowMod:CloakDash+1","HollowMod:SiblingsSouls+1","Clumsy","HollowMod:ShapeofUnn"],"relics":["HollowMod:VesselMask","EVO:Axolotl","Hallownest:TeacherSealRelic","MealTicket","HollowMod:StagPassRelic","Mummified Hand","Sozu","Hallownest:WatcherSealRelic","Regal Pillow","Boot","Darkstone Periapt","Incense Burner","Cursed Key","Mercury Hourglass","Orichalcum"],"acts_visited":["Exordium","Hallownest:Greenpath","Hallownest:CityofTears"],"potions_floor_usage":[14,50],"damage_taken":[{"damage":2.0,"enemies":"Hallownest:monsterHuskGuard","floor":1.0,"turns":5.0},{"damage":1.0,"enemies":"Hallownest:2_MossCreeps","floor":4.0,"turns":4.0},{"damage":2.0,"enemies":"Hallownest:eliteVengeflyKing","floor":6.0,"turns":7.0},{"damage":23,"enemies":"Hallownest:eliteCrystalGuardian","floor":10,"turns":11},{"damage":0,"enemies":"2_ Uuma","floor":12,"turns":5},{"damage":0,"enemies":"Hallownest:monsterMossCharger","floor":13,"turns":7},{"damage":0,"enemies":"Hallownest:1_Ooma_and_2_Uuma","floor":14,"turns":6},{"damage":40,"enemies":"Hallownest:BossHornet","floor":16,"turns":18},{"damage":2,"enemies":"Hallownest:3_Youths","floor":18,"turns":5},{"damage":20,"enemies":"Hallownest:2_Mistakes","floor":21,"turns":4},{"damage":24,"enemies":"Hallownest:2_Flukemon","floor":22,"turns":7},{"damage":8,"enemies":"Hallownest:Nosk","floor":27,"turns":9},{"damage":25,"enemies":"Hallownest:eliteWatcherKnight","floor":29,"turns":9},{"damage":0,"enemies":"Hallownest:2_Husk_Sentries","floor":31,"turns":4},{"damage":40,"enemies":"Hallownest:BossMantisLord","floor":33,"turns":6},{"damage":29,"enemies":"Hallownest:3_Siblings","floor":35,"turns":8},{"damage":1,"enemies":"Hallownest:Shield_Heavy","floor":37,"turns":4},{"damage":14,"enemies":"Hallownest:monsterPrimalAspid","floor":38,"turns":3},{"damage":33,"enemies":"Hallownest:Xero_Hu_Marmu","floor":39,"turns":6},{"damage":0,"enemies":"Hallownest:2_Wing_and_1_Kings","floor":42,"turns":4},{"damage":0,"enemies":"Hallownest:2_Great","floor":44,"turns":3},{"damage":82,"enemies":"Hallownest:BossHollowKnight","floor":50,"turns":9}],"seed_played":"-2042405254226446968","potions_obtained":[{"floor":6.0,"key":"Block Potion"},{"floor":16,"key":"Strength Potion"}],"is_trial":false,"path_per_floor":["M","$","?","M","?","E","R","$","T","E","?","M","M","M","R","B",null,"M","?","?","M","M","R","$","$","T","E","R","E","?","M","R","B",null,"M","?","M","M","M","R","$","M","T","M","R","$","R","$","R","B",null],"character_chosen":"THE_BUGKNIGHT","items_purchased":["HollowMod:DungDefenderAura","Regal Pillow","Swift Strike","Mercury Hourglass"],"campfire_rested":0,"item_purchase_floors":[2,24,24,41],"current_hp_per_floor":[108,108,108,107,107,110,110,110,110,97,97,107,110,110,110,82,110,108,108,108,88,76,76,91,106,106,110,110,93,93,93,93,61,110,99,99,98,84,63,63,78,78,84,84,84,99,99,114,114,36],"gold":77,"neow_bonus":"ONE_RANDOM_RARE_CARD","is_daily":false,"chose_seed":false,"campfire_upgraded":9,"win_rate":0.0,"timestamp":1614284665,"path_taken":["M","$","?","M","?","E","R","?","T","E","?","M","M","?","R","BOSS","M","?","?","?","M","R","?","$","T","E","R","E","?","M","R","BOSS","M","?","M","?","M","R","$","M","T","M","R","$","R","?","R","BOSS"],"items_purchased_type":["Card","Relic","Card","Relic"],"build_version":"2020-12-22","purchased_purges":1,"victory":true,"max_hp_per_floor":[110,110,110,110,110,110,110,110,110,110,110,110,110,110,110,110,110,110,110,110,110,110,110,110,110,110,110,110,110,110,110,110,110,110,110,110,110,110,110,110,110,110,116,116,116,116,116,116,116,116],"relic_stats":{"Sozu":4,"Darkstone Periapt":6,"Regal Pillow":0,"counters":[22,144],"Mummified Hand":[96],"MealTicket":75,"Orichalcum":[6],"Boot":[19],"Cursed Key":1,"obtain_stats":[{"Darkstone Periapt":27,"Regal Pillow":24,"HollowMod:VesselMask":0,"Incense Burner":29,"EVO:Axolotl":0,"Orichalcum":43,"HollowMod:StagPassRelic":9,"Boot":26,"Cursed Key":34,"Mercury Hourglass":41,"Sozu":17,"Hallownest:WatcherSealRelic":20,"Mummified Hand":10,"MealTicket":6,"Hallownest:TeacherSealRelic":5},{"Darkstone Periapt":12,"Regal Pillow":11,"HollowMod:VesselMask":0,"Incense Burner":13,"EVO:Axolotl":0,"Orichalcum":20,"HollowMod:StagPassRelic":3,"Boot":11,"Cursed Key":15,"Mercury Hourglass":19,"Sozu":8,"Hallownest:WatcherSealRelic":9,"Mummified Hand":4,"MealTicket":3,"Hallownest:TeacherSealRelic":2},{"Darkstone Periapt":88,"Regal Pillow":79,"HollowMod:VesselMask":0,"Incense Burner":97,"EVO:Axolotl":0,"Orichalcum":132,"HollowMod:StagPassRelic":16,"Boot":79,"Cursed Key":107,"Mercury Hourglass":128,"Sozu":63,"Hallownest:WatcherSealRelic":68,"Mummified Hand":27,"MealTicket":16,"Hallownest:TeacherSealRelic":9}],"Mercury Hourglass":[39]},"card_choices":[{"not_picked":["HollowMod:CloakDash","HollowMod:SoulStrike"],"picked":"HollowMod:CycloneSlash","floor":1.0},{"not_picked":["HollowMod:AbyssShriek","HollowMod:GoodIntentions"],"picked":"HollowMod:CycloneSlash","floor":4.0},{"not_picked":["HollowMod:NewJinnsSoul","HollowMod:InfectedAttack"],"picked":"HollowMod:InfectedCysts","floor":6.0},{"not_picked":["HollowMod:VoidDash","HollowMod:LifebloodCocoon"],"picked":"HollowMod:SoulVessel","floor":10},{"not_picked":["HollowMod:LifebloodCocoon","HollowMod:SoulSplash"],"picked":"HollowMod:HeavyBlow","floor":12},{"not_picked":["HollowMod:LifebloodCocoon","HollowMod:GoodIntentions"],"picked":"HollowMod:InfectionAssault","floor":13},{"not_picked":["HollowMod:GoodIntentions","HollowMod:SharpenedShadows"],"picked":"HollowMod:SoulSplash","floor":14},{"not_picked":["HollowMod:theNailsmith","HollowMod:LifebloodCore"],"picked":"HollowMod:SlysStrikes","floor":16},{"not_picked":["HollowMod:InfectedCysts","HollowMod:CloakDash"],"picked":"HollowMod:HowlingWraiths+1","floor":18},{"not_picked":["HollowMod:DreamGate","HollowMod:SoulShaman","HollowMod:NewGlowingWomb+1"],"picked":"SKIP","floor":21},{"not_picked":["HollowMod:NewLittleFool","HollowMod:FallenFury"],"picked":"HollowMod:DashSlash+1","floor":22},{"not_picked":["HollowMod:PureNailStrike","HollowMod:DescendingDark","HollowMod:CoiledNail"],"picked":"SKIP","floor":27},{"not_picked":["HollowMod:PureNailStrike+1","HollowMod:Grubsong"],"picked":"HollowMod:MothsMistake","floor":29},{"not_picked":["HollowMod:RecoilStrike","HollowMod:HowlingWraiths"],"picked":"HollowMod:MantisMark","floor":31},{"not_picked":["HollowMod:PureNailStrike+1","HollowMod:Grubsong"],"picked":"HollowMod:MonomonsArchive","floor":35},{"not_picked":["HollowMod:HeavyBlow","HollowMod:CrystalDash"],"picked":"HollowMod:SoulVessel+1","floor":37},{"not_picked":["HollowMod:NewJinnsSoul","HollowMod:DashSlash"],"picked":"HollowMod:CloakDash+1","floor":38},{"not_picked":["HollowMod:CornifersMapStart","HollowMod:LifebloodCocoon+1","HollowMod:HeavyBlow"],"picked":"SKIP","floor":39},{"not_picked":["HollowMod:DashSlash+1","HollowMod:TaintedHusks"],"picked":"HollowMod:SiblingsSouls+1","floor":42},{"not_picked":["HollowMod:WhiteLadysBlessing","HollowMod:VengefulVoid"],"picked":"HollowMod:ShapeofUnn","floor":44}],"player_experience":319351,"relics_obtained":[{"floor":6.0,"key":"MealTicket"},{"floor":9.0,"key":"HollowMod:StagPassRelic"},{"floor":10,"key":"Mummified Hand"},{"floor":26,"key":"Boot"},{"floor":27,"key":"Darkstone Periapt"},{"floor":29,"key":"Incense Burner"},{"floor":43,"key":"Orichalcum"}],"event_choices":[],"is_beta":false,"boss_relics":[{"not_picked":["Black Star","Ectoplasm"],"picked":"Sozu"},{"not_picked":["Fusion Hammer","Coffee Dripper"],"picked":"Cursed Key"}],"items_purged_floors":[41],"is_endless":false,"potions_floor_spawned":[6,16,18,22,38,39],"ascension_level":1}}