{"host":"i0avyit1s6jb1siw","time":1614250222,"event":{"mods":["BaseMod","DeckTracker","Dota2Spire","Minty Spire (QoL Compilation)","Quick Restart","StSLib","SuperFastMode"],"gold_per_floor":[119,119,119,136,61,92,92,17,17,17,42,42,55,69,95,95,169,169,183,20,20,39,50,50,50],"floor_reached":24,"language":"ENG","playtime":450,"items_purged":["Strike_P"],"score":628,"play_id":"48694112-c2ec-4d36-8580-6d784e4a537e","local_time":"20210225115022","is_ascension_mode":true,"campfire_choices":[{"data":"CrushJoints","floor":7,"key":"SMITH"},{"data":"TalkToTheHand","floor":12,"key":"SMITH"},{"data":"Wallop","floor":16,"key":"SMITH"}],"circlet_count":0,"master_deck":["AscendersBane","Strike_P","Strike_P+1","Strike_P+1","Defend_P","Defend_P+1","Defend_P","Eruption+1","Vigilance","CrushJoints+1","Conclude","TalkToTheHand+1","Wallop+1","Ragnarok","CurseOfTheBell","InnerPeace","Collect+1"],"relics":["Snecko Eye","StoneCalendar","Kunai","Pocketwatch","Yang","Whetstone","Calling Bell","Tiny Chest","Darkstone Periapt","Dota2Spire:HeartOfTarrasque","TheAbacus"],"acts_visited":["Exordium","TheCity"],"potions_floor_usage":[22,23],"damage_taken":[{"damage":0,"enemies":"2 Louse","floor":1,"turns":2},{"damage":6,"enemies":"Small Slimes","floor":4,"turns":3},{"damage":0,"enemies":"Gremlin Nob","floor":6,"turns":2},{"damage":3,"enemies":"Lagavulin","floor":11,"turns":4},{"damage":0,"enemies":"Jaw Worm","floor":13,"turns":1},{"damage":10,"enemies":"Large Slime","floor":14,"turns":5},{"damage":0,"enemies":"Gremlin Nob","floor":15,"turns":2},{"damage":0,"enemies":"Hexaghost","floor":17,"turns":7},{"damage":0,"enemies":"Chosen","floor":19,"turns":3},{"damage":13,"enemies":"Shell Parasite","floor":22,"turns":3},{"damage":0,"enemies":"Centurion and Healer","floor":23,"turns":4},{"damage":61,"enemies":"Slavers","floor":24,"turns":3}],"seed_played":"-3366770758646800695","potions_obtained":[{"floor":4,"key":"SkillPotion"},{"floor":6,"key":"Fire Potion"},{"floor":17,"key":"FearPotion"}],"is_trial":false,"path_per_floor":["M","?","?","M","$","E","R","?","T","T","E","R","M","M","E","R","B",null,"M","$","?","M","M","E"],"character_chosen":"WATCHER","items_purchased":["TheAbacus"],"campfire_rested":0,"item_purchase_floors":[20],"current_hp_per_floor":[61,41,46,40,40,40,40,40,40,40,37,37,37,27,27,27,27,70,70,70,70,57,61,0,0],"gold":50,"neow_bonus":"BOSS_RELIC","is_daily":false,"chose_seed":false,"campfire_upgraded":3,"win_rate":0.0,"timestamp":1614250222,"path_taken":["M","?","?","M","$","E","R","?","T","T","E","R","M","M","E","R","BOSS","M","$","?","M","M","E"],"items_purchased_type":["Relic"],"build_version":"2020-12-22","purchased_purges":1,"victory":false,"max_hp_per_floor":[68,68,73,73,73,73,73,73,73,73,73,73,73,73,73,73,73,81,81,81,81,81,81,81,81],"card_choices":[{"not_picked":["Prostrate","Weave"],"picked":"CrushJoints","floor":1},{"not_picked":["FlyingSleeves","Consecrate"],"picked":"Conclude","floor":4},{"not_picked":["Conclude","Prostrate"],"picked":"TalkToTheHand","floor":6},{"not_picked":["Prostrate","EmptyBody","Evaluate"],"picked":"SKIP","floor":11},{"not_picked":["Prostrate","EmptyFist"],"picked":"Wallop","floor":13},{"not_picked":["CrushJoints","FlyingSleeves","EmptyBody"],"picked":"SKIP","floor":14},{"not_picked":["WaveOfTheHand","CrushJoints","Scrawl"],"picked":"SKIP","floor":15},{"not_picked":["ConjureBlade","Alpha"],"picked":"Ragnarok","floor":17},{"not_picked":["PathToVictory+1","Prostrate"],"picked":"InnerPeace","floor":19},{"not_picked":["ReachHeaven","BowlingBash"],"picked":"Collect+1","floor":22},{"not_picked":["JustLucky","EmptyFist","BowlingBash"],"picked":"SKIP","floor":23}],"player_experience":2521115,"relics_obtained":[{"floor":6,"key":"StoneCalendar"},{"floor":9,"key":"Kunai"},{"floor":10,"key":"Pocketwatch"},{"floor":11,"key":"Yang"},{"floor":15,"key":"Whetstone"},{"floor":18,"key":"Tiny Chest"},{"floor":18,"key":"Darkstone Periapt"},{"floor":18,"key":"Dota2Spire:HeartOfTarrasque"}],"event_choices":[{"damage_healed":0,"gold_gain":0,"player_choice":"Entered Light","damage_taken":20,"max_hp_gain":0,"max_hp_loss":0,"event_name":"Shining Light","floor":2,"gold_loss":0,"cards_upgraded":["Strike_P","Defend_P"]},{"damage_healed":0,"gold_gain":0,"player_choice":"Donut","damage_taken":0,"max_hp_gain":5,"max_hp_loss":0,"event_name":"Big Fish","floor":3,"gold_loss":0},{"cards_removed":["Defend_P"],"damage_healed":0,"gold_gain":0,"player_choice":"Card Removal","damage_taken":0,"max_hp_gain":0,"max_hp_loss":0,"event_name":"The Cleric","floor":8,"gold_loss":75},{"damage_healed":0,"gold_gain":0,"player_choice":"Ignored","damage_taken":0,"max_hp_gain":0,"max_hp_loss":0,"event_name":"Ghosts","floor":21,"gold_loss":0}],"is_beta":false,"boss_relics":[{"not_picked":["Tiny House","Runic Pyramid"],"picked":"Calling Bell"}],"items_purged_floors":[5],"is_endless":false,"potions_floor_spawned":[4,6,11,15,17],"killed_by":"Slavers","ascension_level":20}}