{"host":"ELF","time":1614253253,"event":{"mods":["BaseMod","Bestiary","Minty Spire (QoL Compilation)","Relic Stats","Slay the Relics Exporter"],"gold_per_floor":[111,36,36,36,54,54,80,80,80,109,109,125,141,161,161,235,235,248,268,282,293,42,42,42,42,69,101,101,101,101],"floor_reached":29,"language":"ENG","playtime":7716,"items_purged":[],"score":556,"play_id":"ddeef21d-9e10-4741-b86e-e05f7c08c192","local_time":"20210225054053","is_ascension_mode":true,"campfire_choices":[{"data":"Redo","floor":6,"key":"SMITH"},{"data":"Beam Cell","floor":8,"key":"SMITH"},{"floor":11,"key":"REST"},{"floor":15,"key":"REST"},{"floor":23,"key":"RECALL"},{"data":"Hologram","floor":25,"key":"SMITH"}],"circlet_count":0,"master_deck":["AscendersBane","Strike_B","Strike_B","Strike_B","Defend_B","Defend_B","Defend_B","Defend_B","Zap","Dualcast","Cold Snap","Regret","Redo+1","Beam Cell+1","Echo Form","Go for the Eyes","Beam Cell","Rebound","Ball Lightning","Hello World","Scrape","Seek","BootSequence","Conserve Battery","FTL","Turbo","Hologram+1","Steam Power","Rebound+1","Self Repair","Redo+1"],"relics":["Cracked Core","NeowsBlessing","Kunai","Mercury Hourglass","Prayer Wheel","Lizard Tail","Blue Candle","Coffee Dripper","Lee\u0027s Waffle","The Courier","Oddly Smooth Stone","HornCleat"],"acts_visited":["Exordium","TheCity"],"potions_floor_usage":[13,27,29],"damage_taken":[{"damage":0,"enemies":"2 Louse","floor":1,"turns":1},{"damage":0,"enemies":"Jaw Worm","floor":5,"turns":1},{"damage":0,"enemies":"Lagavulin","floor":7,"turns":1},{"damage":46,"enemies":"Gremlin Nob","floor":10,"turns":4},{"damage":3,"enemies":"Cultist","floor":12,"turns":3},{"damage":22,"enemies":"Exordium Thugs","floor":13,"turns":4},{"damage":3,"enemies":"Blue Slaver","floor":14,"turns":2},{"damage":29,"enemies":"Hexaghost","floor":16,"turns":9},{"damage":9,"enemies":"3 Byrds","floor":18,"turns":4},{"damage":12,"enemies":"Spheric Guardian","floor":19,"turns":3},{"damage":14,"enemies":"Cultist and Chosen","floor":20,"turns":6},{"damage":34,"enemies":"Snecko","floor":21,"turns":5},{"damage":36,"enemies":"Book of Stabbing","floor":27,"turns":6},{"damage":52,"enemies":"Gremlin Leader","floor":29,"turns":4}],"seed_played":"-6877514346158361190","potions_obtained":[{"floor":1,"key":"Weak Potion"},{"floor":5,"key":"Dexterity Potion"},{"floor":14,"key":"SteroidPotion"},{"floor":19,"key":"LiquidMemories"},{"floor":27,"key":"EssenceOfSteel"}],"is_trial":false,"path_per_floor":["M","?","?","T","M","R","E","R","T","E","R","M","M","M","R","B",null,"M","M","M","M","$","R","T","R","T","E","T","E"],"character_chosen":"DEFECT","items_purchased":["Lee\u0027s Waffle","Self Repair"],"campfire_rested":2,"item_purchase_floors":[22,22],"current_hp_per_floor":[64,64,64,64,64,64,64,64,64,18,39,36,14,11,32,3,54,45,33,19,25,78,78,78,78,78,49,49,0,0],"gold":101,"neow_bonus":"THREE_ENEMY_KILL","is_daily":false,"chose_seed":false,"campfire_upgraded":3,"win_rate":0.0,"timestamp":1614253253,"path_taken":["M","?","?","?","M","R","E","R","T","E","R","M","M","M","R","BOSS","M","M","M","M","$","R","?","R","T","E","?","E"],"items_purchased_type":["Relic","Card"],"build_version":"2020-12-18","purchased_purges":0,"victory":false,"max_hp_per_floor":[71,71,71,71,71,71,71,71,71,71,71,71,71,71,71,71,71,71,71,71,71,78,78,78,78,78,78,78,78,78],"relic_stats":{"Lizard Tail":35,"Lee\u0027s Waffle":53,"counters":[14,52],"Blue Candle":[9],"Prayer Wheel":7,"Kunai":[24],"obtain_stats":[{"Lizard Tail":9,"Lee\u0027s Waffle":22,"HornCleat":28,"NeowsBlessing":0,"Blue Candle":10,"Oddly Smooth Stone":27,"Prayer Wheel":7,"The Courier":24,"Coffee Dripper":17,"Kunai":3,"Cracked Core":0,"Mercury Hourglass":4},{"Lizard Tail":3,"Lee\u0027s Waffle":12,"HornCleat":13,"NeowsBlessing":0,"Blue Candle":4,"Oddly Smooth Stone":13,"Prayer Wheel":3,"The Courier":12,"Coffee Dripper":8,"Kunai":1,"Cracked Core":0,"Mercury Hourglass":1},{"Lizard Tail":3,"Lee\u0027s Waffle":42,"HornCleat":48,"NeowsBlessing":0,"Blue Candle":6,"Oddly Smooth Stone":48,"Prayer Wheel":3,"The Courier":42,"Coffee Dripper":24,"Kunai":1,"Cracked Core":0,"Mercury Hourglass":1}],"Mercury Hourglass":[186]},"card_choices":[{"not_picked":["Recycle","Beam Cell"],"picked":"Cold Snap","floor":1},{"not_picked":["Stack","Steam"],"picked":"Redo","floor":5},{"not_picked":["Recycle","Conserve Battery"],"picked":"Beam Cell","floor":7},{"not_picked":["Stack","Genetic Algorithm"],"picked":"Echo Form","floor":10},{"not_picked":["Hologram","Beam Cell"],"picked":"Go for the Eyes","floor":12},{"not_picked":["Double Energy","Redo"],"picked":"Beam Cell","floor":12},{"not_picked":["Leap","Stack"],"picked":"Rebound","floor":13},{"not_picked":["Chaos","Darkness"],"picked":"Ball Lightning","floor":13},{"not_picked":["Auto Shields","Beam Cell"],"picked":"Hello World","floor":14},{"not_picked":["Rip and Tear","Conserve Battery"],"picked":"Scrape","floor":14},{"not_picked":["Thunder Strike","Multi-Cast"],"picked":"Seek","floor":16},{"not_picked":["Consume","Turbo"],"picked":"BootSequence","floor":18},{"not_picked":["Barrage","Chill","Steam"],"picked":"SKIP","floor":18},{"not_picked":["Darkness+1","Redo"],"picked":"Conserve Battery","floor":19},{"not_picked":["Streamline","Force Field"],"picked":"FTL","floor":19},{"not_picked":["Steam","Melter"],"picked":"Turbo","floor":20},{"not_picked":["Loop","Multi-Cast"],"picked":"Hologram","floor":20},{"not_picked":["FTL","Defragment"],"picked":"Steam Power","floor":21},{"not_picked":["Steam","Leap"],"picked":"Rebound+1","floor":21},{"not_picked":["Go for the Eyes+1","Cold Snap"],"picked":"Redo+1","floor":27}],"player_experience":3572607,"relics_obtained":[{"floor":4,"key":"Mercury Hourglass"},{"floor":7,"key":"Prayer Wheel"},{"floor":9,"key":"Lizard Tail"},{"floor":10,"key":"Blue Candle"},{"floor":24,"key":"The Courier"},{"floor":27,"key":"Oddly Smooth Stone"},{"floor":28,"key":"HornCleat"}],"event_choices":[{"cards_removed":["Strike_B"],"damage_healed":0,"gold_gain":0,"player_choice":"Card Removal","damage_taken":0,"max_hp_gain":0,"max_hp_loss":0,"event_name":"The Cleric","floor":2,"gold_loss":75},{"damage_healed":0,"gold_gain":0,"player_choice":"Box","damage_taken":0,"relics_obtained":["Kunai"],"max_hp_gain":0,"max_hp_loss":0,"event_name":"Big Fish","floor":3,"gold_loss":0,"cards_obtained":["Regret"]}],"is_beta":true,"boss_relics":[{"not_picked":["Pandora\u0027s Box","Ectoplasm"],"picked":"Coffee Dripper"}],"items_purged_floors":[],"is_endless":false,"potions_floor_spawned":[1,5,14,19,20,21,27],"killed_by":"Gremlin Leader","ascension_level":20}}