{"host":"ox77rn1xcurm2t5a","time":1614283837,"event":{"mods":["2.2 Compatiblity","AchievementEnabler","Act Like it!","Aspiration","BaseMod","Best Route Mod","Better Match","Better Note","Better Sensory Stone","Block Reminder","Colored Map","Colored Powertips","Conjunction","Conspire","Custom Start","Energized Spire","GifTheSpireLib","Gold Saver","Gremlin Skip","Halation","Highlight Path","Hubris","Infinite Spire","Minty Spire (QoL Compilation)","Pale of the Ancients","Quick Restart","Reliquary","Replay The Spire","Reworked Bosses","ShortenTheSpire","Spire Exporter","StSLib","Stuff the Spire","Wandering Minibosses"],"gold_per_floor":[591,551,565,565,29,43,77,77,151,7,7,40,53,69,69,69,69],"floor_reached":16,"language":"ENG","playtime":408,"items_purged":[],"score":176,"play_id":"abc72343-6cd4-4c97-8f01-ec0630a40676","local_time":"20210225221037","is_ascension_mode":true,"campfire_choices":[{"floor":8,"key":"RECALL"},{"data":"Bash","floor":11,"key":"SMITH"},{"data":"Uppercut","floor":15,"key":"SMITH"}],"circlet_count":0,"master_deck":["AscendersBane","Strike_R","Strike_R","Strike_R","Strike_R","Strike_R","Defend_R+1","Defend_R","Defend_R","Defend_R","Bash+1","Armaments+1","Perfected Strike","Uppercut+1","Battle Trance","Berserk","Thunderclap","Metallicize","Thunderclap","Clash"],"relics":["Burning Blood","NeowsBlessing","Bag of Preparation","infinitespire:CheckeredPen","Orrery","Turnip","War Paint","reliquary:SharkskinSheath"],"acts_visited":["Exordium"],"potions_floor_usage":[7,7,14],"damage_taken":[{"damage":0,"enemies":"Jaw Worm","floor":1,"turns":1},{"damage":0,"enemies":"Cultist","floor":3,"turns":1},{"damage":0,"enemies":"2 Louse","floor":6,"turns":1},{"damage":11,"enemies":"3 Sentries","floor":7,"turns":9},{"damage":51,"enemies":"Lagavulin","floor":12,"turns":7},{"damage":12,"enemies":"Blue Slaver","floor":13,"turns":3},{"damage":4,"enemies":"3 Louse","floor":14,"turns":3},{"damage":30,"enemies":"Hexaghost","floor":16,"turns":9}],"seed_played":"-6633128648603541558","potions_obtained":[{"floor":1,"key":"Swift Potion"},{"floor":2,"key":"Energy Potion"},{"floor":2,"key":"LiquidMemories"},{"floor":6,"key":"HeartOfIron"},{"floor":13,"key":"Conjunction:LightningMarble"}],"is_trial":false,"path_per_floor":["M","?","M","?","$","M","E","R","T","$","R","E","M","M","R","B"],"character_chosen":"IRONCLAD","items_purchased":["Bag of Preparation","infinitespire:CheckeredPen","Orrery","War Paint"],"campfire_rested":0,"item_purchase_floors":[5,5,5,10],"current_hp_per_floor":[78,78,80,80,80,80,75,75,75,75,75,30,24,26,26,0,0],"gold":69,"neow_bonus":"THREE_ENEMY_KILL","is_daily":false,"chose_seed":false,"campfire_upgraded":2,"win_rate":0.0,"timestamp":1614283837,"path_taken":["M","?","?","?","$","M","E","R","T","?","R","E","M","M","R","BOSS"],"items_purchased_type":["Relic","Relic","Relic","Relic"],"build_version":"2020-12-22","purchased_purges":0,"victory":false,"max_hp_per_floor":[80,80,80,80,80,80,80,80,80,80,80,80,80,80,80,80,80],"card_choices":[{"not_picked":["Run Through","Burning Pact"],"picked":"Armaments","floor":1},{"not_picked":["Armaments","Clothesline"],"picked":"Perfected Strike","floor":3},{"not_picked":["Replay:Undeath\u0027s Touch","Warcry"],"picked":"Uppercut","floor":5},{"not_picked":["Warcry","Sentinel"],"picked":"Battle Trance","floor":5},{"not_picked":["StuffTheSpire:Incineration","Clash"],"picked":"Berserk","floor":5},{"not_picked":["Rampage","Searing Blow","True Grit"],"picked":"SKIP","floor":6},{"not_picked":["Demonic Infusion","ReplayTheSpireMod:Muscle Training"],"picked":"Thunderclap","floor":7},{"not_picked":["True Grit","Battle Trance"],"picked":"Metallicize","floor":12},{"not_picked":["StuffTheSpire:Pyroclast","Anger"],"picked":"Thunderclap","floor":13},{"not_picked":["Iron Wave","Offering"],"picked":"Clash","floor":14}],"player_experience":3275963,"relics_obtained":[{"floor":7,"key":"Turnip"},{"floor":12,"key":"reliquary:SharkskinSheath"}],"event_choices":[{"damage_healed":0,"gold_gain":0,"player_choice":"Bought 3 Potions","damage_taken":0,"max_hp_gain":0,"max_hp_loss":0,"event_name":"The Woman in Blue","floor":2,"gold_loss":0},{"damage_healed":0,"gold_gain":0,"player_choice":"Full Heal","damage_taken":0,"max_hp_gain":0,"max_hp_loss":0,"event_name":"Wheel of Change","floor":4,"gold_loss":0}],"is_beta":false,"boss_relics":[],"items_purged_floors":[],"is_endless":false,"potions_floor_spawned":[1,6,13],"killed_by":"Hexaghost","ascension_level":12}}