{"host":"k7mar46pww1g9iom","time":1614263181,"event":{"mods":["AchievementEnabler","BaseMod","BetterRewards","Colored Powertips","Custom Start","DeckTracker","Downfall","Hermit","Hubris","Marisa????????","Minty Spire (QoL Compilation)","Rare Cards Sparkle","Relic Stats","Replay The Spire","StSLib","The Animator","The Cursed","The Runesmith","The Servant 0.9.4","The Wild Card"],"gold_per_floor":[111,129,140,151,151,182,196,196,221,245,245,90,90,90,90,186,186,221,257,257,257,192,192,222,222,222],"floor_reached":25,"language":"ENG","playtime":1996,"items_purged":[],"score":303,"play_id":"fbe08ba0-f97d-4759-bd28-e8113cfcc802","local_time":"20210225152621","is_ascension_mode":false,"campfire_choices":[{"floor":11,"key":"REST"},{"floor":15,"key":"REST"}],"circlet_count":0,"master_deck":["Strike_R","Strike_R+1","Strike_R+1","Strike_R","Strike_R","Defend_R","Defend_R","Defend_R+2","Bash","Warcry","hubris:SharpeningStone","Armaments+1","Havoc","hubris:StunningStrike+1","Shrug It Off","Searing Blow","Headbutt","Juggernaut","Reaper","hubris:Greed","Injury","hubris:Greed","hubris:Greed","Dark Embrace+1","Intimidate","Dropkick","Shame","Twin Strike+1"],"relics":["Burning Blood","Simple Rune","hubris:ChampionShield","Art of War","Replay:Ancient Bell","Replay:Rubber Ducky","hubris:BottledRain","Champion Belt","Oddly Smooth Stone","Replay:Bottled Eggs"],"acts_visited":["Exordium","TheCity"],"potions_floor_usage":[4,25],"damage_taken":[{"damage":0,"enemies":"Small Slimes","floor":1,"turns":3},{"damage":1,"enemies":"Jaw Worm","floor":2,"turns":3},{"damage":0,"enemies":"2 Louse","floor":3,"turns":3},{"damage":21,"enemies":"Large Slime","floor":4,"turns":5},{"damage":55,"enemies":"Gremlin Nob","floor":6,"turns":6},{"damage":0,"enemies":"Blue Slaver","floor":7,"turns":4},{"damage":75,"enemies":"Slime Boss","floor":16,"turns":14},{"damage":58,"enemies":"Spheric Guardian","floor":18,"turns":8},{"damage":3,"enemies":"Chosen","floor":19,"turns":7},{"damage":9,"enemies":"Snake Plant","floor":22,"turns":7},{"damage":16,"enemies":"Snecko","floor":24,"turns":9},{"damage":48,"enemies":"Centurion and Healer","floor":25,"turns":8}],"seed_played":"1404352995183705172","potions_obtained":[{"floor":1,"key":"SpeedPotion"},{"floor":3,"key":"Explosive Potion"},{"floor":6,"key":"Explosive Potion"},{"floor":16,"key":"Energy Potion"},{"floor":24,"key":"Cursed Concoction"}],"is_trial":false,"path_per_floor":["M","M","M","M","?","E","M","?","T","T","R","$","?","?","R","B",null,"M","M","?","?","M","?","M","M"],"character_chosen":"IRONCLAD","items_purchased":["Juggernaut"],"campfire_rested":2,"item_purchase_floors":[12],"current_hp_per_floor":[80,80,80,65,65,16,22,22,22,22,46,46,30,56,80,11,80,33,41,41,41,39,39,36,0,0],"gold":222,"neow_bonus":"RANDOM_COMMON_RELIC","is_daily":false,"chose_seed":false,"campfire_upgraded":0,"win_rate":0.0,"timestamp":1614263181,"path_taken":["M","M","M","M","?","E","M","?","T","?","R","$","?","?","R","BOSS","M","M","?","?","M","?","M","?"],"items_purchased_type":["Card"],"build_version":"2020-12-22","purchased_purges":0,"victory":false,"max_hp_per_floor":[80,80,80,80,80,80,80,80,80,80,80,80,80,80,80,80,80,80,80,80,80,80,80,80,80,80],"relic_stats":{"counters":[12,77],"Art of War":[6],"Champion Belt":[4],"obtain_stats":[{"Oddly Smooth Stone":20,"Simple Rune":0,"Art of War":10,"Replay:Ancient Bell":17,"Champion Belt":17,"hubris:ChampionShield":6,"Replay:Bottled Eggs":23,"Burning Blood":0,"Replay:Rubber Ducky":17,"hubris:BottledRain":17},{"Oddly Smooth Stone":9,"Simple Rune":0,"Art of War":6,"Replay:Ancient Bell":7,"Champion Belt":7,"hubris:ChampionShield":5,"Replay:Bottled Eggs":10,"Burning Blood":0,"Replay:Rubber Ducky":7,"hubris:BottledRain":7},{"Oddly Smooth Stone":53,"Simple Rune":0,"Art of War":24,"Replay:Ancient Bell":38,"Champion Belt":38,"hubris:ChampionShield":20,"Replay:Bottled Eggs":60,"Burning Blood":0,"Replay:Rubber Ducky":38,"hubris:BottledRain":38}],"Burning Blood":49},"card_choices":[{"not_picked":["Rupture","Life Link"],"picked":"Warcry","floor":1},{"not_picked":["Clash","Flex"],"picked":"hubris:SharpeningStone","floor":2},{"not_picked":["Blood for Blood","Heavy Blade"],"picked":"Armaments","floor":3},{"not_picked":["Dual Wield","Twin Strike"],"picked":"Havoc","floor":4},{"not_picked":["Evolve","Heavy Blade"],"picked":"Shrug It Off","floor":6},{"not_picked":["Sword Boomerang","Disarm"],"picked":"Searing Blow","floor":7},{"not_picked":["Exhume","Brutality"],"picked":"Reaper","floor":16},{"not_picked":["ReplayTheSpireMod:Faulty Equipment","Hallucinations"],"picked":"hubris:Greed","floor":17},{"not_picked":["hubris:Disease","CurseOfTheBell"],"picked":"Injury","floor":17},{"not_picked":["hubris:Sloth","downfall:Haunted"],"picked":"hubris:Greed","floor":17},{"not_picked":["Entrench","Perfected Strike"],"picked":"Dark Embrace+1","floor":18},{"not_picked":["Brutality","ReplayTheSpireMod:Corrosion Curse"],"picked":"Intimidate","floor":19},{"not_picked":["Uppercut","Run Through"],"picked":"Dropkick","floor":22},{"not_picked":["Ghostly Armor","Entrench"],"picked":"Twin Strike+1","floor":24}],"player_experience":192557,"relics_obtained":[{"floor":6,"key":"hubris:ChampionShield"},{"floor":10,"key":"Art of War"}],"event_choices":[{"damage_healed":0,"gold_gain":0,"player_choice":"Entered Light","damage_taken":16,"max_hp_gain":0,"max_hp_loss":0,"event_name":"Shining Light","floor":13,"gold_loss":0,"cards_upgraded":["Defend_R","Strike_R"]},{"damage_healed":26,"gold_gain":0,"player_choice":"Banana","damage_taken":0,"max_hp_gain":0,"max_hp_loss":0,"event_name":"Big Fish","floor":14,"gold_loss":0},{"cards_removed":["hubris:Greed"],"damage_healed":0,"gold_gain":0,"player_choice":"Elegance","damage_taken":0,"max_hp_gain":0,"max_hp_loss":0,"event_name":"Back to Basics","floor":21,"gold_loss":0},{"damage_healed":0,"gold_gain":0,"player_choice":"Stole Relic","damage_taken":0,"relics_obtained":["Replay:Bottled Eggs"],"max_hp_gain":0,"max_hp_loss":0,"event_name":"Addict","floor":23,"gold_loss":0,"cards_obtained":["Shame"]}],"is_beta":false,"boss_relics":[{"not_picked":["hubris:GrandSneckoEye","Velvet Choker"],"picked":"Replay:Ancient Bell"},{"not_picked":["MealTicket","Replay:Bandana"],"picked":"Replay:Rubber Ducky"},{"not_picked":["Letter Opener","Pear"],"picked":"hubris:BottledRain"},{"not_picked":["hubris:FunFungus","Ice Cream"],"picked":"Champion Belt"}],"items_purged_floors":[],"is_endless":false,"potions_floor_spawned":[1,3,6,16,19,24],"killed_by":"Centurion and Healer","ascension_level":0}}