{"host":"ndpbn7fqb3wjbd7p","time":1614224218,"event":{"mods":["AchievementEnabler","Act Like it!","AlwaysNeverKeys","BaseMod","Better Vampires","Block Reminder","Colored Powertips","DeckTracker","Defuse TimeMaze Blight","Friendly Minions","Highlight Path","MarisaÅiñ∂âJÅ@ñÇóùçπÅj","Minty Spire (QoL Compilation)","Permanent Neow","StSLib","SuperFastMode","Synergy Search","Unceasing Turn Reminder","Wandering Minibosses"],"gold_per_floor":[110,110,35,51,51,51,66,66,89,114,114,14,14,14,14,119,119,142,165,194,194,194,194,245,273,273,62,62,62,62],"floor_reached":29,"language":"ENG","playtime":1382,"items_purged":["Strike_P","Eruption","Strike_P"],"score":296,"play_id":"fc9ae675-aace-4449-bc63-de7376d3f4b1","local_time":"20210225043658","is_ascension_mode":true,"campfire_choices":[{"data":"TalkToTheHand","floor":6,"key":"SMITH"},{"data":"Vigilance","floor":8,"key":"SMITH"},{"data":"Vengeance","floor":11,"key":"SMITH"},{"floor":13,"key":"REST"},{"floor":15,"key":"REST"},{"floor":23,"key":"REST"}],"circlet_count":0,"master_deck":["Strike_P","Vigilance+1","Study+1","TalkToTheHand+1","Vengeance+1","Vault+1","MentalFortress+1","InnerPeace","FollowUp","Halt+1","Madness"],"relics":["VioletLotus","CeramicFish","Juzu Bracelet","Empty Cage","Centennial Puzzle","War Paint"],"acts_visited":["Exordium","TheCity"],"potions_floor_usage":[19,19,20,20],"damage_taken":[{"damage":4,"enemies":"2 Louse","floor":1,"turns":4},{"damage":14,"enemies":"Cultist","floor":4,"turns":6},{"damage":4,"enemies":"Jaw Worm","floor":7,"turns":4},{"damage":30,"enemies":"Gremlin Nob","floor":10,"turns":5},{"damage":43,"enemies":"The Guardian","floor":16,"turns":16},{"damage":13,"enemies":"Spheric Guardian","floor":18,"turns":5},{"damage":21,"enemies":"2 Thieves","floor":19,"turns":4},{"damage":18,"enemies":"Snake Plant","floor":20,"turns":8},{"damage":17,"enemies":"Centurion and Healer","floor":25,"turns":6},{"damage":13,"enemies":"Snecko","floor":29,"turns":6}],"seed_played":"3762333458313252526","potions_obtained":[{"floor":10,"key":"Swift Potion"},{"floor":16,"key":"AttackPotion"},{"floor":18,"key":"DuplicationPotion"},{"floor":19,"key":"Block Potion"}],"is_trial":false,"path_per_floor":["M","?","$","M","?","R","M","R","T","E","R","$","R","?","R","B",null,"M","M","M","?","?","R","T","M","T","$","?","M"],"character_chosen":"WATCHER","items_purchased":["Madness"],"campfire_rested":3,"item_purchase_floors":[27],"current_hp_per_floor":[61,61,61,47,47,47,43,43,43,13,13,13,34,34,55,12,57,44,23,5,5,5,26,26,9,9,9,9,0,0],"gold":62,"neow_bonus":"BOSS_RELIC","is_daily":false,"chose_seed":false,"campfire_upgraded":3,"win_rate":0.0,"timestamp":1614224218,"path_taken":["M","?","$","?","?","R","M","R","T","E","R","$","R","?","R","BOSS","M","M","M","?","?","R","?","M","T","$","?","M"],"items_purchased_type":["Card"],"build_version":"2020-12-22","purchased_purges":3,"victory":false,"max_hp_per_floor":[72,72,72,72,72,72,72,72,72,72,72,72,72,72,72,72,72,72,72,72,72,72,72,72,72,72,72,72,72,72],"card_choices":[{"not_picked":["Consecrate","Protect"],"picked":"Study","floor":1},{"not_picked":["Prostrate","JustLucky"],"picked":"TalkToTheHand","floor":4},{"not_picked":["Halt","ReachHeaven"],"picked":"Vengeance","floor":7},{"not_picked":["WheelKick","ForeignInfluence","Pray"],"picked":"SKIP","floor":10},{"not_picked":["Blasphemy","Establishment"],"picked":"Vault","floor":16},{"not_picked":["FlyingSleeves+1","Swivel"],"picked":"MentalFortress+1","floor":18},{"not_picked":["ThirdEye","ClearTheMind+1"],"picked":"InnerPeace","floor":19},{"not_picked":["JustLucky","BattleHymn+1"],"picked":"FollowUp","floor":20},{"not_picked":["ClearTheMind","PathToVictory"],"picked":"Halt","floor":25}],"player_experience":1216589,"relics_obtained":[{"floor":9,"key":"CeramicFish"},{"floor":10,"key":"Juzu Bracelet"},{"floor":24,"key":"Centennial Puzzle"},{"floor":26,"key":"War Paint"}],"event_choices":[{"damage_healed":0,"gold_gain":0,"player_choice":"Forge","damage_taken":0,"max_hp_gain":0,"max_hp_loss":0,"event_name":"Accursed Blacksmith","floor":2,"gold_loss":0,"cards_upgraded":["Study"]},{"cards_removed":["Defend_P"],"damage_healed":0,"gold_gain":0,"player_choice":"Card Removal","damage_taken":0,"max_hp_gain":0,"max_hp_loss":0,"event_name":"Wheel of Change","floor":5,"gold_loss":0},{"cards_removed":["Defend_P"],"damage_healed":0,"gold_gain":0,"player_choice":"Purged","damage_taken":0,"max_hp_gain":0,"max_hp_loss":0,"event_name":"Purifier","floor":14,"gold_loss":0},{"damage_healed":0,"gold_gain":0,"player_choice":"0 cards matched","damage_taken":0,"max_hp_gain":0,"max_hp_loss":0,"event_name":"Match and Keep!","floor":21,"gold_loss":0,"cards_obtained":[]},{"cards_removed":["Defend_P"],"damage_healed":0,"gold_gain":0,"player_choice":"Purged","damage_taken":0,"max_hp_gain":0,"max_hp_loss":0,"event_name":"Purifier","floor":22,"gold_loss":0},{"damage_healed":0,"gold_gain":0,"player_choice":"Ignored","damage_taken":0,"max_hp_gain":0,"max_hp_loss":0,"event_name":"Ghosts","floor":28,"gold_loss":0}],"is_beta":false,"boss_relics":[{"not_picked":["Runic Pyramid","SlaversCollar"],"picked":"Empty Cage"}],"items_purged_floors":[3,12,27],"is_endless":false,"potions_floor_spawned":[10,16,18,19],"killed_by":"Snecko","ascension_level":7}}