{"host":"jyt72nbfoih0mxuq","time":1614270042,"event":{"mods":["BaseMod","Minty Spire (QoL Compilation)","Relic Stats"],"gold_per_floor":[213,163,177,7,7,7,32,44,123,141,141,41,41,69,69,167,167,179,197,210,225,225,258,270,282,294,405,417,443,474,500,512,524,524],"floor_reached":33,"language":"ENG","playtime":3458,"items_purged":["Defend_B","Strike_B"],"score":388,"play_id":"d9f93f9a-f060-4757-8dbd-7fdab418b1c3","local_time":"20210225172042","is_ascension_mode":true,"campfire_choices":[{"data":"Ball Lightning","floor":6,"key":"SMITH"},{"data":"Coolheaded","floor":11,"key":"SMITH"},{"data":"Conserve Battery","floor":13,"key":"SMITH"},{"floor":15,"key":"REST"},{"floor":24,"key":"REST"},{"floor":28,"key":"REST"},{"floor":32,"key":"REST"}],"circlet_count":0,"master_deck":["Zap","Dualcast","Sweeping Beam","Cold Snap","Ball Lightning+1","Conserve Battery","Coolheaded+1","Conserve Battery+1","Thunder Strike","Biased Cognition","Seek","Meteor Strike","Coolheaded","Recycle","Recycle","Leap","Defragment","Compile Driver","Core Surge+1","Undo","Ball Lightning+1","Lockon+1"],"relics":["Cracked Core","Nunchaku","Sundial","Dream Catcher","Pandora\u0027s Box","MawBank","Molten Egg 2"],"acts_visited":["Exordium","TheCity"],"potions_floor_usage":[23],"damage_taken":[{"damage":2,"enemies":"2 Louse","floor":1,"turns":2},{"damage":2,"enemies":"Jaw Worm","floor":3,"turns":3},{"damage":12,"enemies":"Gremlin Nob","floor":7,"turns":4},{"damage":0,"enemies":"Cultist","floor":8,"turns":3},{"damage":3,"enemies":"Looter","floor":10,"turns":3},{"damage":19,"enemies":"3 Sentries","floor":14,"turns":6},{"damage":28,"enemies":"Hexaghost","floor":16,"turns":10},{"damage":0,"enemies":"Spheric Guardian","floor":18,"turns":3},{"damage":0,"enemies":"Shell Parasite","floor":19,"turns":5},{"damage":20,"enemies":"3 Cultists","floor":20,"turns":5},{"damage":24,"enemies":"Cultist and Chosen","floor":21,"turns":9},{"damage":45,"enemies":"Gremlin Leader","floor":23,"turns":8},{"damage":16,"enemies":"Centurion and Healer","floor":29,"turns":6},{"damage":0,"enemies":"Snecko","floor":30,"turns":4},{"damage":20,"enemies":"Chosen and Byrds","floor":31,"turns":6},{"damage":42,"enemies":"Collector","floor":33,"turns":7}],"seed_played":"2306886590326869972","potions_obtained":[{"floor":8,"key":"Dexterity Potion"},{"floor":14,"key":"Explosive Potion"},{"floor":19,"key":"Ancient Potion"},{"floor":30,"key":"SteroidPotion"}],"is_trial":false,"path_per_floor":["M","?","M","$","?","R","E","M","T","M","R","$","R","E","R","B",null,"M","M","M","M","?","E","R","$","T","?","R","M","M","M","R","B"],"character_chosen":"DEFECT","items_purchased":["Ball Lightning","Conserve Battery"],"campfire_rested":4,"item_purchase_floors":[4,4],"current_hp_per_floor":[66,66,64,64,69,69,57,57,57,54,54,54,54,35,59,31,68,68,68,48,24,50,5,29,29,29,29,53,37,37,17,41,0,0],"gold":524,"neow_bonus":"HUNDRED_GOLD","is_daily":false,"chose_seed":false,"campfire_upgraded":3,"win_rate":0.0,"timestamp":1614270042,"path_taken":["M","?","M","$","?","R","E","M","T","M","R","?","R","E","R","BOSS","M","?","M","M","?","E","R","$","T","?","R","M","M","M","R","BOSS"],"items_purchased_type":["Card","Card"],"build_version":"2020-12-22","purchased_purges":2,"victory":false,"max_hp_per_floor":[75,75,75,75,80,80,80,80,80,80,80,80,80,80,80,80,80,80,80,80,80,80,80,80,80,80,80,80,80,80,80,80,80,80],"relic_stats":{"Nunchaku":[11],"Dream Catcher":4,"counters":[16,84],"Sundial":[16],"Pandora\u0027s Box":["Seek","Meteor Strike","Coolheaded","Recycle","Recycle"],"MawBank":120,"obtain_stats":[{"Nunchaku":7,"Dream Catcher":14,"Sundial":9,"Pandora\u0027s Box":17,"Molten Egg 2":26,"Cracked Core":0,"MawBank":23},{"Nunchaku":3,"Dream Catcher":6,"Sundial":4,"Pandora\u0027s Box":7,"Molten Egg 2":12,"Cracked Core":0,"MawBank":12},{"Nunchaku":9,"Dream Catcher":21,"Sundial":12,"Pandora\u0027s Box":31,"Molten Egg 2":61,"Cracked Core":0,"MawBank":61}]},"card_choices":[{"not_picked":["Stack","Go for the Eyes"],"picked":"Sweeping Beam","floor":1},{"not_picked":["Beam Cell","Rip and Tear"],"picked":"Cold Snap","floor":3},{"not_picked":["Core Surge","Stack"],"picked":"Coolheaded","floor":7},{"not_picked":["Sweeping Beam","Turbo","Redo"],"picked":"SKIP","floor":8},{"not_picked":["Stack","Ball Lightning"],"picked":"Conserve Battery","floor":10},{"not_picked":["Stack","Steam","Turbo"],"picked":"SKIP","floor":14},{"not_picked":["Sweeping Beam","Redo"],"picked":"Thunder Strike","floor":15},{"not_picked":["Multi-Cast","Meteor Strike"],"picked":"Biased Cognition","floor":16},{"not_picked":["Redo","Gash"],"picked":"Leap","floor":18},{"not_picked":["Steam","Rebound","Go for the Eyes"],"picked":"SKIP","floor":19},{"not_picked":["Gash","Scrape+1","Coolheaded+1"],"picked":"SKIP","floor":20},{"not_picked":["Beam Cell","Turbo"],"picked":"Defragment","floor":21},{"not_picked":["Steam","Auto Shields"],"picked":"Compile Driver","floor":23},{"not_picked":["Cold Snap+1","Gash+1"],"picked":"Core Surge+1","floor":28},{"not_picked":["Chill","Sweeping Beam+1"],"picked":"Undo","floor":29},{"not_picked":["BootSequence","Melter+1","Genetic Algorithm+1"],"picked":"SKIP","floor":30},{"not_picked":["BootSequence","Stack"],"picked":"Ball Lightning+1","floor":31},{"not_picked":["Leap","Streamline+1"],"picked":"Lockon+1","floor":32}],"player_experience":237454,"relics_obtained":[{"floor":7,"key":"Nunchaku"},{"floor":9,"key":"Sundial"},{"floor":14,"key":"Dream Catcher"},{"floor":23,"key":"MawBank"},{"floor":26,"key":"Molten Egg 2"}],"event_choices":[{"cards_removed":["Strike_B"],"damage_healed":0,"gold_gain":0,"player_choice":"Card Removal","damage_taken":0,"max_hp_gain":0,"max_hp_loss":0,"event_name":"The Cleric","floor":2,"gold_loss":50},{"damage_healed":0,"gold_gain":0,"player_choice":"Donut","damage_taken":0,"max_hp_gain":5,"max_hp_loss":0,"event_name":"Big Fish","floor":5,"gold_loss":0},{"damage_healed":26,"gold_gain":0,"player_choice":"Heal","damage_taken":0,"max_hp_gain":0,"max_hp_loss":0,"event_name":"The Library","floor":22,"gold_loss":0},{"damage_healed":0,"gold_gain":99,"player_choice":"Stole From Cult","damage_taken":0,"max_hp_gain":0,"max_hp_loss":0,"event_name":"Nest","floor":27,"gold_loss":0}],"is_beta":false,"boss_relics":[{"not_picked":["Empty Cage","FrozenCore"],"picked":"Pandora\u0027s Box"}],"items_purged_floors":[4,12],"is_endless":false,"potions_floor_spawned":[8,14,19,21,30],"killed_by":"Collector","ascension_level":8}}