{"host":"f76kcizrccta30ww","time":1614219166,"event":{"mods":["Act Like it!","Aspiration","BaseMod","Gensokyo","Marisa£®ÏF”Í°°ƒß¿Ì…≥£©","Minty Spire (QoL Compilation)","Pale of the Ancients","Replay The Spire","Shop Mod","StSLib","TestMod"],"gold_per_floor":[115,129,145,87,87,136,136,136,136],"floor_reached":8,"language":"ZHS","playtime":609,"items_purged":[],"score":287,"play_id":"8e1b8309-59c0-453c-b9ef-8050683162c6","local_time":"20210225101246","daily_mods":["Draft","Specialized","Allstar","Diverse","Colorless Cards","Heirloom","Time Dilation","Flight"],"is_ascension_mode":true,"campfire_choices":[{"data":"Warcry","floor":7,"key":"SMITH"}],"circlet_count":0,"master_deck":["AscendersBane","Burning Pact","Burning Pact","Burning Pact","Burning Pact","Burning Pact","Dash","Self Repair","DragonMeteor","Cold Snap","Flying Knee","Caltrops","GalacticHalo","Flash of Steel","Conserve Battery","Hidden Blade","Warcry+1","Rebound","Hidden Blade","MysteriousBeam","Prepared","Cloak And Dagger","Go for the Eyes","6A","WitchOfGreed","Auto Shields"],"relics":["Burning Blood","testmod-TestBox","testmod-HeartOfStrike","Durian","ReplayTheSpireMod:TigerMarble"],"acts_visited":["Exordium"],"potions_floor_usage":[6,8,8],"damage_taken":[{"damage":0,"enemies":"Cultist","floor":1,"turns":2},{"damage":0,"enemies":"Jaw Worm","floor":2,"turns":2},{"damage":0,"enemies":"Small Slimes","floor":3,"turns":2},{"damage":0,"enemies":"Lagavulin","floor":6,"turns":6},{"damage":30,"enemies":"Gremlin Nob","floor":8,"turns":3}],"seed_played":"4592881826886069328","potions_obtained":[{"floor":2,"key":"PowerPotion"},{"floor":6,"key":"FearPotion"},{"floor":6,"key":"Languid Potion"}],"is_trial":true,"path_per_floor":["M","M","M","$","?","E","R","E"],"character_chosen":"IRONCLAD","items_purchased":["WitchOfGreed"],"campfire_rested":0,"item_purchase_floors":[4],"current_hp_per_floor":[6,6,6,6,6,6,6,0,0],"gold":136,"neow_bonus":"","is_daily":false,"chose_seed":false,"campfire_upgraded":1,"win_rate":0.0,"timestamp":1614219166,"path_taken":["M","M","?","?","?","E","R","E"],"items_purchased_type":["Card"],"build_version":"2020-12-22","purchased_purges":0,"victory":false,"max_hp_per_floor":[6,6,6,6,6,6,6,6,6],"card_choices":[{"not_picked":["Abandon","Aggregate"],"picked":"Dash","floor":0},{"not_picked":["ReplayTheSpireMod:The Works","Power Through"],"picked":"Self Repair","floor":0},{"not_picked":["6A","Coolheaded"],"picked":"DragonMeteor","floor":0},{"not_picked":["MagicChant","True Grit"],"picked":"Cold Snap","floor":0},{"not_picked":["GrandCross","6A"],"picked":"Flying Knee","floor":0},{"not_picked":["Panic Button","Underhanded Strike"],"picked":"Caltrops","floor":0},{"not_picked":["Wild Strike","Expertise"],"picked":"GalacticHalo","floor":0},{"not_picked":["BasicCrystalCard","Clash"],"picked":"Flash of Steel","floor":0},{"not_picked":["Hologram","MilkyWay"],"picked":"Conserve Battery","floor":0},{"not_picked":["MagicAbsorber","Barrage"],"picked":"Hidden Blade","floor":0},{"not_picked":["Iron Wave","Barrage"],"picked":"Warcry","floor":0},{"not_picked":["ReplayTheSpireMod:System Scan","Life Link"],"picked":"Rebound","floor":0},{"not_picked":["True Grit","Dagger Spray"],"picked":"Hidden Blade","floor":0},{"not_picked":["DeepEcoloBomb","Flying Knee"],"picked":"MysteriousBeam","floor":0},{"not_picked":["Conserve Battery","Redo"],"picked":"Prepared","floor":0},{"not_picked":["Spot Weakness","Backflip"],"picked":"Cloak And Dagger","floor":1},{"not_picked":["DoubleSpark","Hologram"],"picked":"Go for the Eyes","floor":2},{"not_picked":["testmod-ComboMaster","Deadly Poison"],"picked":"6A","floor":3},{"not_picked":["testmod-DeathImprint","SprinkleStarSeal"],"picked":"Auto Shields","floor":6}],"player_experience":73285,"relics_obtained":[{"floor":6,"key":"ReplayTheSpireMod:TigerMarble"}],"event_choices":[{"damage_healed":0,"gold_gain":0,"player_choice":"Ignored","damage_taken":0,"max_hp_gain":0,"max_hp_loss":0,"event_name":"Liars Game","floor":5,"gold_loss":0}],"is_beta":false,"boss_relics":[],"items_purged_floors":[],"is_endless":true,"potions_floor_spawned":[2,6],"killed_by":"Gremlin Nob","ascension_level":20}}