{"host":"mi0eibewekhugwl1","time":1614252873,"event":{"mods":["AchievementEnabler","BaseMod","Colored Map","Colored Powertips","DeckTracker","Keyboard Shortcuts","Minty Spire (QoL Compilation)","Quick Restart","Rare Cards Sparkle","Relic Stats","StSLib","SuperFastMode","everything is the same but u backflip on backflip"],"gold_per_floor":[118,129,141,159,139,171,171,205,205,205,216,229,25,38,38,116,116,134,134,153,32,45,45,70,70,70,86,36,36,54,74,74,151,151,170,170,183,183,183,211,231,231,231],"floor_reached":42,"language":"KOR","playtime":1064,"items_purged":["Strike_G","Strike_G"],"score":924,"play_id":"280666af-5551-4db7-8287-e689fd3103b7","local_time":"20210225203433","is_ascension_mode":true,"campfire_choices":[{"floor":7,"key":"REST"},{"floor":10,"key":"REST"},{"data":"Footwork","floor":15,"key":"SMITH"},{"floor":23,"key":"REST"},{"data":"Phantasmal Killer","floor":25,"key":"SMITH"},{"data":"Accuracy","floor":32,"key":"SMITH"}],"circlet_count":0,"master_deck":["AscendersBane","Defend_G","Defend_G","Defend_G","Defend_G","Defend_G+1","Survivor","Neutralize","Glass Knife+1","Blade Dance","Phantasmal Killer+1","Cloak And Dagger","Infinite Blades","Escape Plan","Cloak And Dagger","Footwork+1","Malaise","Calculated Gamble+1","Dodge and Roll+1","Accuracy+1","Infinite Blades+1","Terror","Leg Sweep","Backflip","Envenom","Noxious Fumes","Finisher+1","Prepared+1"],"relics":["Ring of the Snake","Mercury Hourglass","Ancient Tea Set","Toy Ornithopter","Membership Card","Empty Cage","War Paint","Meat on the Bone","Bag of Marbles","Coffee Dripper","Juzu Bracelet"],"acts_visited":["Exordium","TheCity","TheBeyond"],"potions_floor_usage":[6,16,18,24,33,35,41],"damage_taken":[{"damage":0,"enemies":"Small Slimes","floor":1,"turns":5},{"damage":0,"enemies":"Cultist","floor":2,"turns":4},{"damage":0,"enemies":"2 Louse","floor":3,"turns":3},{"damage":8,"enemies":"Blue Slaver","floor":4,"turns":4},{"damage":10,"enemies":"3 Sentries","floor":6,"turns":6},{"damage":37,"enemies":"Lagavulin","floor":8,"turns":6},{"damage":1,"enemies":"2 Fungi Beasts","floor":11,"turns":2},{"damage":6,"enemies":"Lots of Slimes","floor":12,"turns":3},{"damage":0,"enemies":"Gremlin Gang","floor":14,"turns":3},{"damage":5,"enemies":"The Guardian","floor":16,"turns":10},{"damage":22,"enemies":"2 Thieves","floor":18,"turns":5},{"damage":2,"enemies":"Chosen","floor":20,"turns":6},{"damage":0,"enemies":"Snake Plant","floor":22,"turns":7},{"damage":34,"enemies":"Gremlin Leader","floor":24,"turns":6},{"damage":9,"enemies":"Centurion and Healer","floor":27,"turns":3},{"damage":0,"enemies":"3 Cultists","floor":30,"turns":4},{"damage":10,"enemies":"Snake Plant","floor":31,"turns":3},{"damage":41,"enemies":"Champ","floor":33,"turns":11},{"damage":2,"enemies":"3 Darklings","floor":35,"turns":5},{"damage":0,"enemies":"3 Shapes","floor":37,"turns":8},{"damage":15,"enemies":"Nemesis","floor":40,"turns":9},{"damage":20,"enemies":"Transient","floor":41,"turns":6},{"damage":41,"enemies":"Giant Head","floor":42,"turns":6}],"seed_played":"887036398785692392","potions_obtained":[{"floor":2,"key":"Ancient Potion"},{"floor":5,"key":"CunningPotion"},{"floor":6,"key":"Strength Potion"},{"floor":14,"key":"AttackPotion"},{"floor":16,"key":"Regen Potion"},{"floor":18,"key":"Ancient Potion"},{"floor":27,"key":"CunningPotion"},{"floor":33,"key":"AttackPotion"},{"floor":35,"key":"Block Potion"}],"is_trial":false,"path_per_floor":["M","M","M","M","?","E","R","E","T","R","M","M","$","M","R","B",null,"M","?","M","$","M","R","E","R","T","M","$","?","M","M","R","B",null,"M","?","M","?","?","E","M","E"],"character_chosen":"THE_SILENT","items_purchased":["Membership Card","War Paint","Accuracy"],"campfire_rested":3,"item_purchase_floors":[13,21,21],"current_hp_per_floor":[44,44,44,36,36,26,45,8,8,27,26,20,20,20,20,20,55,38,38,36,36,36,55,39,39,39,42,42,42,42,44,44,20,55,58,58,58,58,58,43,40,0,0],"gold":231,"neow_bonus":"THREE_RARE_CARDS","is_daily":false,"chose_seed":false,"campfire_upgraded":3,"win_rate":0.0,"timestamp":1614252873,"path_taken":["M","M","M","M","?","E","R","E","T","R","M","?","?","M","R","BOSS","M","?","M","$","M","R","E","R","T","M","?","?","?","M","R","BOSS","M","?","M","?","?","E","M","E"],"items_purchased_type":["Relic","Relic","Card"],"build_version":"2020-12-22","purchased_purges":2,"victory":false,"max_hp_per_floor":[66,66,66,66,66,66,66,66,66,66,66,66,66,66,66,66,66,66,66,66,66,66,66,66,66,66,66,66,66,66,66,66,66,66,66,66,66,66,66,66,66,66,66],"relic_stats":{"counters":[23,125],"Juzu Bracelet":0,"War Paint":["Defend_G","Dodge and Roll"],"obtain_stats":[{"Bag of Marbles":26,"Coffee Dripper":34,"Juzu Bracelet":40,"Membership Card":13,"War Paint":21,"Ancient Tea Set":8,"Empty Cage":17,"Toy Ornithopter":9,"Ring of the Snake":0,"Mercury Hourglass":6,"Meat on the Bone":24},{"Bag of Marbles":14,"Coffee Dripper":18,"Juzu Bracelet":21,"Membership Card":8,"War Paint":12,"Ancient Tea Set":6,"Empty Cage":10,"Toy Ornithopter":6,"Ring of the Snake":0,"Mercury Hourglass":5,"Meat on the Bone":14},{"Bag of Marbles":70,"Coffee Dripper":91,"Juzu Bracelet":113,"Membership Card":33,"War Paint":57,"Ancient Tea Set":28,"Empty Cage":46,"Toy Ornithopter":28,"Ring of the Snake":0,"Mercury Hourglass":22,"Meat on the Bone":70}],"Toy Ornithopter":30,"Ring of the Snake":[46],"Mercury Hourglass":[384],"Meat on the Bone":48},"card_choices":[{"not_picked":["Venomology","Adrenaline"],"picked":"Glass Knife","floor":0},{"not_picked":["Sucker Punch","Prepared","Flying Knee"],"picked":"SKIP","floor":1},{"not_picked":["Setup","Underhanded Strike"],"picked":"Blade Dance","floor":2},{"not_picked":["Bane","Well Laid Plans"],"picked":"Phantasmal Killer","floor":3},{"not_picked":["Dagger Spray","Outmaneuver"],"picked":"Cloak And Dagger","floor":4},{"not_picked":["Doppelganger","Wraith Form v2"],"picked":"Infinite Blades","floor":6},{"not_picked":["Slice","Underhanded Strike"],"picked":"Escape Plan","floor":8},{"not_picked":["Underhanded Strike","Dagger Throw"],"picked":"Cloak And Dagger","floor":11},{"not_picked":["Endless Agony","Outmaneuver","Flying Knee"],"picked":"SKIP","floor":12},{"not_picked":["Catalyst","Acrobatics"],"picked":"Footwork","floor":14},{"not_picked":["Storm of Steel","Glass Knife"],"picked":"Malaise","floor":16},{"not_picked":["Dagger Throw","Outmaneuver"],"picked":"Calculated Gamble+1","floor":18},{"not_picked":["Deadly Poison","Underhanded Strike"],"picked":"Dodge and Roll","floor":20},{"not_picked":["Outmaneuver+1","Sucker Punch"],"picked":"Infinite Blades+1","floor":22},{"not_picked":["PiercingWail+1","Dagger Spray"],"picked":"Terror","floor":24},{"not_picked":["Caltrops+1","Dash","Deadly Poison"],"picked":"SKIP","floor":27},{"not_picked":["Dagger Spray+1","Predator"],"picked":"Leg Sweep","floor":30},{"not_picked":["Die Die Die","Skewer"],"picked":"Backflip","floor":31},{"not_picked":["Venomology","Wraith Form v2"],"picked":"Envenom","floor":33},{"not_picked":["Prepared","Deflect"],"picked":"Noxious Fumes","floor":35},{"not_picked":["Outmaneuver+1","Blur"],"picked":"Finisher+1","floor":37},{"not_picked":["Doppelganger","Calculated Gamble","Caltrops"],"picked":"SKIP","floor":40},{"not_picked":["Concentrate","Outmaneuver"],"picked":"Prepared+1","floor":41}],"player_experience":1829374,"relics_obtained":[{"floor":6,"key":"Mercury Hourglass"},{"floor":8,"key":"Ancient Tea Set"},{"floor":9,"key":"Toy Ornithopter"},{"floor":24,"key":"Meat on the Bone"},{"floor":26,"key":"Bag of Marbles"},{"floor":40,"key":"Juzu Bracelet"}],"event_choices":[{"damage_healed":0,"gold_gain":0,"player_choice":"Bought 1 Potion","damage_taken":0,"max_hp_gain":0,"max_hp_loss":0,"event_name":"The Woman in Blue","floor":5,"gold_loss":0},{"damage_healed":0,"gold_gain":0,"player_choice":"Upgraded","damage_taken":0,"max_hp_gain":0,"max_hp_loss":0,"event_name":"Upgrade Shrine","floor":19,"gold_loss":0,"cards_upgraded":["Glass Knife"]},{"damage_healed":0,"gold_gain":0,"player_choice":"Ignored","damage_taken":0,"max_hp_gain":0,"max_hp_loss":0,"event_name":"The Mausoleum","floor":29,"gold_loss":0},{"damage_healed":0,"gold_gain":0,"player_choice":"Ignored","damage_taken":0,"max_hp_gain":0,"max_hp_loss":0,"event_name":"Tomb of Lord Red Mask","floor":36,"gold_loss":0},{"damage_healed":0,"gold_gain":0,"player_choice":"Ignored","damage_taken":0,"max_hp_gain":0,"max_hp_loss":0,"event_name":"Mysterious Sphere","floor":38,"gold_loss":0},{"cards_removed":["Strike_G"],"damage_healed":0,"gold_gain":0,"player_choice":"Purged","damage_taken":0,"max_hp_gain":0,"max_hp_loss":0,"event_name":"Purifier","floor":39,"gold_loss":0}],"is_beta":false,"boss_relics":[{"not_picked":["Tiny House","SlaversCollar"],"picked":"Empty Cage"},{"not_picked":["Fusion Hammer","Pandora\u0027s Box"],"picked":"Coffee Dripper"}],"items_purged_floors":[13,28],"is_endless":false,"potions_floor_spawned":[2,6,11,14,16,18,27,33,35,37,40],"killed_by":"Giant Head","ascension_level":20}}