{"host":"mconkkfc0dudtfx5","time":1614247169,"event":{"mods":["BaseMod","Highlight Path","Hubris","Marisa£®ÏF”Í°°ƒß¿Ì…≥£©","Minty Spire (QoL Compilation)","Quick Restart","Remilia£®¿Ÿ√◊¿Ú—«£©","Shop Mod","StSLib","The Bug Knight","The Senshi","The Servant 0.9.4","Youmu£®ªÍ∆«—˝√Œ£©","Yuyuko"],"gold_per_floor":[118,118,118,66,84,84,133,133,133,164,230,241,241,260,260,382,382,382,382],"floor_reached":18,"language":"ZHS","playtime":1182,"items_purged":[],"score":195,"play_id":"4456bd7e-78ee-457d-b59c-a25dac416a9b","local_time":"20210225175929","is_ascension_mode":false,"campfire_choices":[{"data":"MastersStateliness","floor":6,"key":"SMITH"},{"data":"FavorOfDestiny","floor":8,"key":"SMITH"},{"floor":15,"key":"RECALL"}],"circlet_count":0,"master_deck":["Strike_RM","Strike_RM","Strike_RM","Strike_RM","Defend_RM+1","Defend_RM","Defend_RM+1","Defend_RM","RedMoon","ScarletShoot","MastersStateliness+1","MastersStateliness+1","FavorOfDestiny+1","BloodyCatastrophe","VampireClaw","UnstableMagic","MillenniumVampire","UnstableMagic","BloodyHallows"],"relics":["ScarletHat","NeowsBlessing","PreservedInsect","Pantograph","Oddly Smooth Stone","Black Star"],"acts_visited":["Exordium","TheCity"],"potions_floor_usage":[16,16,18],"damage_taken":[{"damage":0.0,"enemies":"Jaw Worm","floor":1.0,"turns":1.0},{"damage":0,"enemies":"Small Slimes","floor":5,"turns":1},{"damage":0,"enemies":"Lagavulin","floor":7,"turns":3},{"damage":0,"enemies":"2 Louse","floor":10,"turns":3},{"damage":14,"enemies":"Gremlin Nob","floor":11,"turns":4},{"damage":7,"enemies":"Exordium Wildlife","floor":12,"turns":5},{"damage":0,"enemies":"3 Louse","floor":14,"turns":5},{"damage":33,"enemies":"Hexaghost","floor":16,"turns":17},{"damage":8,"enemies":"Shell Parasite","floor":18,"turns":2}],"seed_played":"3737666058286264525","potions_obtained":[{"floor":5,"key":"DistilledChaos"},{"floor":10,"key":"BlessingOfTheForge"}],"is_trial":false,"path_per_floor":["M","?","?","$","M","R","E","R","T","M","E","M","?","M","R","B",null,"M"],"character_chosen":"REMILIA","items_purchased":["MastersStateliness"],"campfire_rested":0,"item_purchase_floors":[4],"current_hp_per_floor":[75,60,60,60,60,60,60,60,60,60,58,52,52,54,54,47,75,67,67],"gold":382,"neow_bonus":"THREE_ENEMY_KILL","is_daily":false,"chose_seed":false,"campfire_upgraded":2,"win_rate":0.0,"timestamp":1614247169,"path_taken":["M","?","?","$","M","R","E","R","T","M","E","M","?","?","R","BOSS","M"],"items_purchased_type":["Card"],"build_version":"2020-12-22","purchased_purges":0,"victory":false,"max_hp_per_floor":[75,75,75,75,75,75,75,75,75,75,75,75,75,75,75,75,75,75,75],"card_choices":[{"not_picked":["Stigmanizer","TwelveNightmare"],"picked":"MastersStateliness","floor":1.0},{"not_picked":["UnderTheZenith","ScarletImprint"],"picked":"FavorOfDestiny","floor":5},{"not_picked":["RedRainbow","BloodHunter"],"picked":"BloodyCatastrophe","floor":7},{"not_picked":["RedRainbow","Stigmanizer"],"picked":"VampireClaw","floor":10},{"not_picked":["UnderTheZenith","CharismaGuard","ScarletDevilSign"],"picked":"SKIP","floor":11},{"not_picked":["StarOfDavid","RedRainbow"],"picked":"UnstableMagic","floor":12},{"not_picked":["VampireClaw","BloodyTrap"],"picked":"UnstableMagic","floor":14},{"not_picked":["CeilingFear","TricksterDevil"],"picked":"BloodyHallows","floor":16}],"player_experience":274120,"relics_obtained":[{"floor":7,"key":"PreservedInsect"},{"floor":9,"key":"Pantograph"},{"floor":11,"key":"Oddly Smooth Stone"}],"event_choices":[{"damage_healed":0.0,"max_hp_gain":0.0,"max_hp_loss":0.0,"gold_gain":0.0,"event_name":"Shining Light","player_choice":"Entered Light","floor":2.0,"gold_loss":0.0,"damage_taken":15.0,"cards_upgraded":["Defend_RM","Defend_RM"]},{"damage_healed":0,"gold_gain":0,"player_choice":"Grow","damage_taken":0,"max_hp_gain":0,"max_hp_loss":0,"event_name":"Living Wall","floor":3,"gold_loss":0,"cards_upgraded":["MastersStateliness"]}],"is_beta":false,"boss_relics":[{"not_picked":["APieceOfRedMist","hubris:RunicObelisk"],"picked":"Black Star"}],"items_purged_floors":[],"is_endless":false,"potions_floor_spawned":[5,10,12],"killed_by":"Shell Parasite","ascension_level":0}}