{"host":"r6jigiblrojhp6xe","time":1614265796,"event":{"mods":["AchievementEnabler","BaseMod","DeckTracker","Hermit","Minty Spire (QoL Compilation)","Quick Restart","Rare Cards Sparkle","Relic Stats","StSLib","SuperFastMode","everything is the same but u backflip on backflip"],"gold_per_floor":[116,130,4,19,19,19,29,43,70,70,95,95,95,129,129,220,220,233,233,246,161,161,161,184,200,225,244,263,4,4,25,25,119,119,139,160,184,215,239,279,291,338,377,404,416,453,465,291,291,291,291,291,291,48,83,83,83],"floor_reached":56,"language":"KOR","playtime":2399,"items_purged":["Strike_R","Strike_R","Strike_R"],"score":1842,"play_id":"80a6b053-1466-4e4e-aca2-a828f8227263","local_time":"20210226000956","is_ascension_mode":true,"campfire_choices":[{"data":"Wild Strike","floor":6.0,"key":"SMITH"},{"data":"Spot Weakness","floor":12.0,"key":"SMITH"},{"data":"Disarm","floor":15.0,"key":"SMITH"},{"data":"Heavy Blade","floor":23.0,"key":"SMITH"},{"data":"Offering","floor":32.0,"key":"SMITH"},{"data":"Ghostly","floor":41.0,"key":"SMITH"},{"data":"Demon Form","floor":45.0,"key":"SMITH"},{"data":"Ghostly","floor":47.0,"key":"SMITH"},{"floor":49.0,"key":"RECALL"},{"data":"Ghostly","floor":53.0,"key":"SMITH"}],"circlet_count":0,"master_deck":["AscendersBane","Strike_R+1","Strike_R+1","Defend_R","Defend_R","Defend_R","Defend_R","Bash","Spot Weakness+1","Wild Strike+1","Heavy Blade+1","Sword Boomerang","Disarm+1","Impervious","Offering+1","Evolve","Necronomicurse","Inflame","Reaper","Shrug It Off+1","Ghostly+1","Ghostly+1","Ghostly+1","Power Through","Exhume","Demon Form+1","Power Through"],"relics":["Burning Blood","NeowsBlessing","Lantern","Happy Flower","Whetstone","Golden Idol","Question Card","Velvet Choker","Necronomicon","Kunai","Pen Nib","Membership Card","Bag of Preparation","SlaversCollar","Shovel","MawBank","Bag of Marbles","Medical Kit","ClockworkSouvenir","Paper Frog"],"acts_visited":["Exordium","TheCity","TheBeyond","TheEnding"],"potions_floor_usage":[],"damage_taken":[{"damage":0.0,"enemies":"Cultist","floor":1.0,"turns":1.0},{"damage":0.0,"enemies":"Jaw Worm","floor":2.0,"turns":1.0},{"damage":0.0,"enemies":"2 Louse","floor":4.0,"turns":1.0},{"damage":5.0,"enemies":"2 Fungi Beasts","floor":7.0,"turns":4.0},{"damage":7.0,"enemies":"Looter","floor":8.0,"turns":3.0},{"damage":30.0,"enemies":"3 Sentries","floor":11.0,"turns":5.0},{"damage":8.0,"enemies":"Gremlin Nob","floor":14.0,"turns":3.0},{"damage":23.0,"enemies":"Hexaghost","floor":16.0,"turns":9.0},{"damage":9.0,"enemies":"Spheric Guardian","floor":18.0,"turns":5.0},{"damage":7.0,"enemies":"3 Byrds","floor":20.0,"turns":6.0},{"damage":12.0,"enemies":"Shelled Parasite and Fungi","floor":24.0,"turns":3.0},{"damage":8.0,"enemies":"Cultist and Chosen","floor":25.0,"turns":4.0},{"damage":6.0,"enemies":"Centurion and Healer","floor":27.0,"turns":4.0},{"damage":17.0,"enemies":"Sentry and Sphere","floor":28.0,"turns":3.0},{"damage":17.0,"enemies":"Snecko","floor":31.0,"turns":6.0},{"damage":32.0,"enemies":"Automaton","floor":33.0,"turns":9.0},{"damage":13.0,"enemies":"3 Shapes","floor":35.0,"turns":5.0},{"damage":3.0,"enemies":"Orb Walker","floor":36.0,"turns":3.0},{"damage":7.0,"enemies":"Jaw Worm Horde","floor":37.0,"turns":5.0},{"damage":6.0,"enemies":"Mind Bloom Boss Battle","floor":38.0,"turns":5.0},{"damage":5.0,"enemies":"3 Darklings","floor":39.0,"turns":6.0},{"damage":7.0,"enemies":"Giant Head","floor":40.0,"turns":5.0},{"damage":7.0,"enemies":"Nemesis","floor":42.0,"turns":7.0},{"damage":2.0,"enemies":"Spire Growth","floor":44.0,"turns":6.0},{"damage":9.0,"enemies":"4 Shapes","floor":46.0,"turns":6.0},{"damage":29.0,"enemies":"Time Eater","floor":50.0,"turns":8.0},{"damage":28.0,"enemies":"Awakened One","floor":51.0,"turns":9.0},{"damage":8.0,"enemies":"Shield and Spear","floor":55.0,"turns":5.0},{"damage":76,"enemies":"The Heart","floor":56,"turns":6}],"seed_played":"-669007442757732689","potions_obtained":[{"floor":1.0,"key":"Energy Potion"},{"floor":4.0,"key":"Fire Potion"},{"floor":16.0,"key":"Strength Potion"},{"floor":18.0,"key":"ElixirPotion"},{"floor":25.0,"key":"AttackPotion"},{"floor":27.0,"key":"Energy Potion"},{"floor":35.0,"key":"AttackPotion"},{"floor":46.0,"key":"Weak Potion"}],"is_trial":false,"path_per_floor":["M","M","$","M","?","R","M","M","T","?","E","R","?","E","R","B",null,"M","?","M","?","?","R","M","M","T","M","M","$","?","M","R","B",null,"M","M","M","?","M","E","R","E","T","M","R","M","R","$","R","B","B",null,"R","$","E","B"],"character_chosen":"IRONCLAD","items_purchased":["Heavy Blade","Membership Card","Bag of Preparation","Medical Kit","FairyPotion","ClockworkSouvenir","FairyPotion","Power Through"],"campfire_rested":0,"item_purchase_floors":[3,29,29,48,48,54,54,54],"current_hp_per_floor":[74,75,75,75,70,70,71,70,70,70,46,46,46,44,44,27,58,55,34,33,33,33,33,27,25,25,25,14,14,14,15,15,15,29,30,34,34,34,34,33,33,34,34,34,34,34,34,34,34,34,31,33,33,33,31,0,0],"gold":83,"neow_bonus":"THREE_ENEMY_KILL","is_daily":false,"chose_seed":false,"campfire_upgraded":9,"win_rate":0.0,"timestamp":1614265796,"path_taken":["M","M","?","?","?","R","M","M","T","?","E","R","?","E","R","BOSS","M","?","M","?","?","R","M","M","T","M","M","?","?","M","R","BOSS","M","M","M","?","M","E","R","E","T","M","R","M","R","$","R","BOSS","BOSS","R","$","E","BOSS"],"items_purchased_type":["Card","Relic","Relic","Relic","Potion","Relic","Potion","Card"],"build_version":"2020-12-22","purchased_purges":3,"victory":false,"max_hp_per_floor":[75,75,75,75,75,75,75,75,75,75,75,75,68,68,68,68,68,68,68,68,68,68,68,68,68,68,68,68,68,34,34,34,34,34,34,34,34,34,34,34,34,34,34,34,34,34,34,34,34,34,34,34,34,34,34,34,34],"relic_stats":{"Happy Flower":[44],"counters":[29,143],"Golden Idol":161,"Pen Nib":[19],"Bag of Preparation":[30],"Whetstone":["Strike_R","Strike_R"],"Question Card":19,"MawBank":96,"Medical Kit":[14],"Burning Blood":113,"Shovel":0,"Necronomicon":[59],"Kunai":[38],"obtain_stats":[{"Lantern":5,"NeowsBlessing":0,"Happy Flower":9,"Golden Idol":13,"Velvet Choker":17,"Pen Nib":26,"Bag of Preparation":29,"Whetstone":11,"Question Card":14,"MawBank":40,"Medical Kit":48,"Burning Blood":0,"ClockworkSouvenir":54,"SlaversCollar":34,"Shovel":38,"Necronomicon":19,"Bag of Marbles":42,"Kunai":21,"Membership Card":29,"Paper Frog":55},{"Lantern":3,"NeowsBlessing":0,"Happy Flower":5,"Golden Idol":6,"Velvet Choker":8,"Pen Nib":12,"Bag of Preparation":14,"Whetstone":6,"Question Card":7,"MawBank":22,"Medical Kit":25,"Burning Blood":0,"ClockworkSouvenir":27,"SlaversCollar":16,"Shovel":20,"Necronomicon":9,"Bag of Marbles":23,"Kunai":10,"Membership Card":14,"Paper Frog":28},{"Lantern":3,"NeowsBlessing":0,"Happy Flower":10,"Golden Idol":15,"Velvet Choker":27,"Pen Nib":45,"Bag of Preparation":52,"Whetstone":15,"Question Card":18,"MawBank":96,"Medical Kit":115,"Burning Blood":0,"ClockworkSouvenir":132,"SlaversCollar":67,"Shovel":85,"Necronomicon":32,"Bag of Marbles":103,"Kunai":38,"Membership Card":52,"Paper Frog":137}]},"card_choices":[{"not_picked":["Flame Barrier","Armaments"],"picked":"Spot Weakness","floor":1.0},{"not_picked":["Cleave","Iron Wave"],"picked":"Wild Strike","floor":2.0},{"not_picked":["True Grit","Shrug It Off"],"picked":"Sword Boomerang","floor":4.0},{"not_picked":["Rupture","Searing Blow"],"picked":"Disarm","floor":7.0},{"not_picked":["Dual Wield","Headbutt","Combust"],"picked":"SKIP","floor":8.0},{"not_picked":["Iron Wave","Exhume"],"picked":"Impervious","floor":11.0},{"not_picked":["Spot Weakness","Hemokinesis","Headbutt"],"picked":"SKIP","floor":14.0},{"not_picked":["Impervious","Juggernaut","Demon Form"],"picked":"Offering","floor":16.0},{"not_picked":["Whirlwind","True Grit","Shrug It Off"],"picked":"Evolve","floor":18.0},{"not_picked":["Heavy Blade","Wild Strike+1","Havoc","Infernal Blade"],"picked":"SKIP","floor":20.0},{"not_picked":["Headbutt","Metallicize","Clothesline"],"picked":"Inflame","floor":24.0},{"not_picked":["Infernal Blade","Heavy Blade+1","Rupture","Sword Boomerang"],"picked":"SKIP","floor":25.0},{"not_picked":["Fire Breathing","Metallicize","Inflame"],"picked":"Reaper","floor":27.0},{"not_picked":["Pommel Strike","True Grit","Cleave+1"],"picked":"Shrug It Off+1","floor":28.0},{"not_picked":["Twin Strike","Carnage","Perfected Strike"],"picked":"Power Through","floor":31.0},{"not_picked":["Berserk","Immolate","Juggernaut"],"picked":"Exhume","floor":33.0},{"not_picked":["Iron Wave","Bloodletting+1","Warcry","Heavy Blade+1"],"picked":"SKIP","floor":35.0},{"not_picked":["Infernal Blade","Perfected Strike","Iron Wave","Rage"],"picked":"SKIP","floor":36.0},{"not_picked":["Dark Embrace","Uppercut+1","Metallicize","Clothesline+1"],"picked":"SKIP","floor":37.0},{"not_picked":["Pommel Strike","Hemokinesis+1","True Grit","Headbutt+1"],"picked":"SKIP","floor":39.0},{"not_picked":["Barricade","Warcry","Reckless Charge","Havoc"],"picked":"SKIP","floor":40.0},{"not_picked":["Pommel Strike","Rage","Anger","Warcry"],"picked":"SKIP","floor":42.0},{"not_picked":["Twin Strike","Dropkick+1","Pommel Strike+1"],"picked":"Demon Form","floor":44.0},{"not_picked":["Wild Strike","True Grit","Dark Embrace","Metallicize+1"],"picked":"SKIP","floor":46.0},{"not_picked":["Rampage","Sword Boomerang","Pommel Strike","Seeing Red"],"picked":"SKIP","floor":55.0},{"not_picked":["Rampage","Sword Boomerang","Pommel Strike","Seeing Red"],"picked":"SKIP","floor":55.0}],"player_experience":622294,"relics_obtained":[{"floor":9.0,"key":"Happy Flower"},{"floor":11.0,"key":"Whetstone"},{"floor":14.0,"key":"Question Card"},{"floor":19.0,"key":"Necronomicon"},{"floor":26.0,"key":"Pen Nib"},{"floor":38.0,"key":"Shovel"},{"floor":40.0,"key":"MawBank"},{"floor":42.0,"key":"Bag of Marbles"},{"floor":55.0,"key":"Paper Frog"}],"event_choices":[{"damage_healed":0.0,"max_hp_gain":0.0,"max_hp_loss":0.0,"gold_gain":0.0,"event_name":"Scrap Ooze","player_choice":"Success","floor":5.0,"gold_loss":0.0,"damage_taken":5.0,"relics_obtained":["Lantern"]},{"damage_healed":0.0,"max_hp_gain":0.0,"max_hp_loss":0.0,"gold_gain":0.0,"event_name":"Liars Game","player_choice":"Ignored","floor":10.0,"gold_loss":0.0,"damage_taken":0.0},{"damage_healed":0.0,"max_hp_gain":0.0,"max_hp_loss":7.0,"gold_gain":0.0,"event_name":"Golden Idol","player_choice":"Lose Max HP","floor":13.0,"gold_loss":0.0,"damage_taken":0.0,"relics_obtained":["Golden Idol"]},{"damage_healed":0.0,"max_hp_gain":0.0,"max_hp_loss":0.0,"gold_gain":0.0,"event_name":"Cursed Tome","player_choice":"Obtained Book","floor":19.0,"gold_loss":0.0,"damage_taken":21.0},{"damage_healed":0.0,"max_hp_gain":0.0,"max_hp_loss":0.0,"gold_gain":0.0,"event_name":"Addict","player_choice":"Obtained Relic","floor":21.0,"gold_loss":85.0,"damage_taken":0.0,"relics_obtained":["Kunai"]},{"damage_healed":0.0,"max_hp_gain":0.0,"max_hp_loss":0.0,"gold_gain":0.0,"event_name":"The Mausoleum","player_choice":"Ignored","floor":22.0,"gold_loss":0.0,"damage_taken":0.0},{"damage_healed":0.0,"max_hp_gain":0.0,"max_hp_loss":34.0,"gold_gain":0.0,"event_name":"Ghosts","player_choice":"Became a Ghost","floor":30.0,"gold_loss":0.0,"damage_taken":0.0,"cards_obtained":["Ghostly","Ghostly","Ghostly"]},{"damage_healed":0.0,"max_hp_gain":0.0,"max_hp_loss":0.0,"gold_gain":0.0,"event_name":"MindBloom","player_choice":"Fight","floor":38.0,"gold_loss":0.0,"damage_taken":0.0}],"is_beta":false,"boss_relics":[{"not_picked":["Cursed Key","Astrolabe"],"picked":"Velvet Choker"},{"not_picked":["Runic Cube","Runic Pyramid"],"picked":"SlaversCollar"}],"items_purged_floors":[3,48,54],"is_endless":false,"potions_floor_spawned":[1,4,8,11,16,18,25,27,35,37,38,39,46],"killed_by":"The Heart","ascension_level":20}}