{"host":"r9n4bwsh0iioe8bo","time":1614284681,"event":{"mods":["2.2 Compatiblity","BaseMod","Bestiary","Colored Map","Colored Powertips","Curses Come First","Highlight Path","Minty Spire (QoL Compilation)","Relic Stats","StSLib","SuperFastMode"],"gold_per_floor":[114,134,144,163,6,6,23,23,49,49,66,83,48,59,59,164,164,178,193,210,229,239,239,258,269,318,318,318,318,318,334,334,334,334],"floor_reached":33,"language":"ENG","playtime":2553,"items_purged":[],"score":272,"play_id":"7c6fdfb5-110a-4941-abde-d8f9ff048c25","local_time":"20210225202441","is_ascension_mode":false,"campfire_choices":[{"data":"Dramatic Entrance","floor":6,"key":"SMITH"},{"data":"Anger","floor":8,"key":"SMITH"},{"data":"Flex","floor":15,"key":"SMITH"},{"data":"Flame Barrier","floor":23,"key":"SMITH"},{"data":"Shrug It Off","floor":28,"key":"SMITH"},{"data":"Twin Strike","floor":30,"key":"SMITH"},{"floor":32,"key":"REST"}],"circlet_count":0,"master_deck":["Strike_R","Strike_R","Strike_R","Defend_R","Defend_R","Defend_R","Defend_R","Bash","Dramatic Entrance+1","Flame Barrier+1","Cleave","Anger+1","Rupture","Cleave","Shrug It Off+1","Flex+1","Heavy Blade","Feed","CurseOfTheBell","Shrug It Off+1","Uppercut","Pommel Strike+1","Intimidate+1","Hemokinesis","Perfected Strike","Twin Strike+1","Berserk","Carnage"],"relics":["Burning Blood","Strawberry","Lantern","Calling Bell","Ancient Tea Set","Shuriken","Champion Belt","Bag of Marbles"],"acts_visited":["Exordium","TheCity"],"potions_floor_usage":[16,16,19,25,31,31,33],"damage_taken":[{"damage":1,"enemies":"Jaw Worm","floor":1,"turns":3},{"damage":7,"enemies":"2 Louse","floor":2,"turns":2},{"damage":0,"enemies":"Small Slimes","floor":3,"turns":2},{"damage":7,"enemies":"Blue Slaver","floor":4,"turns":3},{"damage":16,"enemies":"Large Slime","floor":7,"turns":6},{"damage":9,"enemies":"2 Fungi Beasts","floor":11,"turns":2},{"damage":8,"enemies":"Red Slaver","floor":12,"turns":3},{"damage":0,"enemies":"Large Slime","floor":14,"turns":2},{"damage":8,"enemies":"Slime Boss","floor":16,"turns":8},{"damage":21,"enemies":"2 Thieves","floor":18,"turns":4},{"damage":18,"enemies":"Shell Parasite","floor":19,"turns":6},{"damage":21,"enemies":"Snake Plant","floor":20,"turns":4},{"damage":14,"enemies":"Centurion and Healer","floor":21,"turns":7},{"damage":28,"enemies":"Shelled Parasite and Fungi","floor":22,"turns":5},{"damage":10,"enemies":"Cultist and Chosen","floor":24,"turns":7},{"damage":11,"enemies":"Snake Plant","floor":25,"turns":2},{"damage":25,"enemies":"Sentry and Sphere","floor":31,"turns":6},{"damage":79,"enemies":"Automaton","floor":33,"turns":6}],"seed_played":"2730454283764426778","potions_obtained":[{"floor":4,"key":"Ancient Potion"},{"floor":7,"key":"ElixirPotion"},{"floor":12,"key":"Regen Potion"},{"floor":16,"key":"Fruit Juice"},{"floor":18,"key":"EssenceOfSteel"},{"floor":20,"key":"GamblersBrew"},{"floor":24,"key":"Block Potion"},{"floor":31,"key":"Energy Potion"}],"is_trial":false,"path_per_floor":["M","M","M","M","$","R","M","R","T","?","M","M","?","M","R","B",null,"M","M","M","M","M","R","M","M","T","?","R","?","R","M","R","B"],"character_chosen":"IRONCLAD","items_purchased":["Strawberry"],"campfire_rested":1,"item_purchase_floors":[5],"current_hp_per_floor":[80,79,80,79,86,86,76,76,76,81,78,76,92,92,92,95,97,82,79,64,56,37,37,36,31,31,31,31,31,31,15,46,0,0],"gold":334,"neow_bonus":"RANDOM_COLORLESS","is_daily":false,"chose_seed":false,"campfire_upgraded":6,"win_rate":0.0,"timestamp":1614284681,"path_taken":["M","M","M","M","$","R","M","R","T","?","M","M","?","M","R","BOSS","M","M","M","M","M","R","M","M","T","?","R","?","R","M","R","BOSS"],"items_purchased_type":["Relic"],"build_version":"2020-12-22","purchased_purges":0,"victory":false,"max_hp_per_floor":[80,80,80,80,87,87,87,87,87,92,92,92,92,92,92,97,97,97,97,97,97,100,100,103,103,103,103,103,103,103,106,106,106,106],"relic_stats":{"counters":[18,78],"Shuriken":[16],"Champion Belt":[13],"obtain_stats":[{"Calling Bell":17,"Lantern":9,"Shuriken":17,"Strawberry":5,"Bag of Marbles":26,"Champion Belt":17,"Ancient Tea Set":17,"Burning Blood":0},{"Calling Bell":9,"Lantern":5,"Shuriken":9,"Strawberry":4,"Bag of Marbles":16,"Champion Belt":9,"Ancient Tea Set":9,"Burning Blood":0},{"Calling Bell":31,"Lantern":16,"Shuriken":31,"Strawberry":10,"Bag of Marbles":66,"Champion Belt":31,"Ancient Tea Set":31,"Burning Blood":0}],"Burning Blood":86},"card_choices":[{"not_picked":["Good Instincts","PanicButton"],"picked":"Dramatic Entrance","floor":0},{"not_picked":["Shrug It Off","Disarm"],"picked":"Flame Barrier","floor":1},{"not_picked":["Perfected Strike","Body Slam"],"picked":"Cleave","floor":2},{"not_picked":["Feel No Pain","Blood for Blood"],"picked":"Anger","floor":3},{"not_picked":["Warcry","Wild Strike"],"picked":"Rupture","floor":4},{"not_picked":["Power Through","Sword Boomerang"],"picked":"Cleave","floor":7},{"not_picked":["Impervious","Sword Boomerang"],"picked":"Shrug It Off","floor":11},{"not_picked":["Havoc","True Grit"],"picked":"Flex","floor":12},{"not_picked":["Power Through","Clothesline"],"picked":"Heavy Blade","floor":14},{"not_picked":["Berserk","Impervious"],"picked":"Feed","floor":16},{"not_picked":["Rupture+1","Second Wind+1"],"picked":"Shrug It Off+1","floor":18},{"not_picked":["Heavy Blade","Headbutt"],"picked":"Uppercut","floor":19},{"not_picked":["Wild Strike","Twin Strike"],"picked":"Pommel Strike+1","floor":20},{"not_picked":["Berserk","Wild Strike+1"],"picked":"Intimidate+1","floor":21},{"not_picked":["Thunderclap","Burning Pact+1"],"picked":"Hemokinesis","floor":22},{"not_picked":["Havoc","Warcry"],"picked":"Perfected Strike","floor":24},{"not_picked":["Wild Strike","Sword Boomerang","Juggernaut"],"picked":"SKIP","floor":25},{"not_picked":["True Grit","Spot Weakness+1"],"picked":"Carnage","floor":31}],"player_experience":43245,"relics_obtained":[{"floor":9,"key":"Lantern"},{"floor":17,"key":"Ancient Tea Set"},{"floor":17,"key":"Shuriken"},{"floor":17,"key":"Champion Belt"},{"floor":26,"key":"Bag of Marbles"}],"event_choices":[{"damage_healed":0,"gold_gain":0,"player_choice":"Donut","damage_taken":0,"max_hp_gain":5,"max_hp_loss":0,"event_name":"Big Fish","floor":10,"gold_loss":0},{"damage_healed":23,"gold_gain":0,"player_choice":"Healed","damage_taken":0,"max_hp_gain":0,"max_hp_loss":0,"event_name":"The Cleric","floor":13,"gold_loss":35},{"damage_healed":0,"gold_gain":0,"player_choice":"Ignored","damage_taken":0,"max_hp_gain":0,"max_hp_loss":0,"event_name":"Ghosts","floor":27,"gold_loss":0},{"damage_healed":0,"gold_gain":0,"cards_transformed":["Strike_R","Strike_R"],"player_choice":"Became Test Subject","damage_taken":0,"max_hp_gain":0,"max_hp_loss":0,"event_name":"Drug Dealer","floor":29,"gold_loss":0,"cards_obtained":["Twin Strike","Berserk"]}],"is_beta":false,"boss_relics":[{"not_picked":["Runic Cube","Cursed Key"],"picked":"Calling Bell"}],"items_purged_floors":[],"is_endless":false,"potions_floor_spawned":[4,7,12,16,18,20,24,31],"killed_by":"Automaton","ascension_level":0}}