{"host":"insagfzijja1377g","time":1614218828,"event":{"mods":["BaseMod","Bestiary","Highlight Path","Minty Spire (QoL Compilation)","Relic Stats","Slay the Relics Exporter"],"gold_per_floor":[119,119,136,149,449,449,477,491,491,74,74,87,120,132,132,235,235,254,454,467,478,492,492,527,20,20,20,20,52,85,98,98,201,201,213,229,249,263,115,147,147,173,173,208,208,208,227,254,254,254,254,254,27,56,56],"floor_reached":56,"language":"ENG","playtime":5717,"items_purged":["Swivel"],"score":2081,"play_id":"9cb01d43-711a-4a7c-8773-102aab8f17c6","local_time":"20210224200708","is_ascension_mode":true,"campfire_choices":[{"data":"FollowUp","floor":6.0,"key":"SMITH"},{"data":"Perseverance","floor":15,"key":"SMITH"},{"floor":23,"key":"REST"},{"data":"TalkToTheHand","floor":28,"key":"SMITH"},{"data":"SpiritShield","floor":32,"key":"SMITH"},{"floor":41,"key":"RECALL"},{"data":"Doubt","floor":45,"key":"PURGE"},{"floor":49,"key":"REST"},{"data":"LessonLearned+1","floor":52,"key":"PURGE"}],"circlet_count":0,"master_deck":["AscendersBane","Eruption+1","Vigilance+1","MasterReality+1","Perseverance+1","FollowUp+1","CutThroughFate+1","FearNoEvil+1","LikeWater+1","BowlingBash+1","EmptyMind+1","CutThroughFate+1","Adaptation+1","LessonLearned+1","CrushJoints+1","Protect+1","SpiritShield+1","EmptyFist+1","CutThroughFate+1","MentalFortress+1","Crescendo+1","CarveReality+1","Consecrate+1","Wireheading+1","TalkToTheHand+1","InnerPeace+1","ForeignInfluence+1","Sanctity+1","Devotion+1","MentalFortress+1","ClearTheMind+1","FlurryOfBlows+1","Wireheading+1","TalkToTheHand+1","Establishment+1","Discovery+1","Panacea+1","MentalFortress+1","FearNoEvil+1","BattleHymn+1","Meditate","DeceiveReality"],"relics":["PureWater","Old Coin","White Beast Statue","TeardropLocket","Frozen Egg 2","Peace Pipe","Pandora\u0027s Box","Pocketwatch","Orrery","CloakClasp","WingedGreaves","Sundial","Meat on the Bone","Cursed Key","Gremlin Horn","Turnip","Bottled Lightning","StrikeDummy","Kunai"],"acts_visited":["Exordium","TheCity","TheBeyond","TheEnding"],"potions_floor_usage":[8,13,16,21,22,24,29,30,33,35,48,50,55,55],"damage_taken":[{"damage":0.0,"enemies":"Jaw Worm","floor":1.0,"turns":3.0},{"damage":2.0,"enemies":"Small Slimes","floor":3.0,"turns":4.0},{"damage":2.0,"enemies":"2 Louse","floor":4.0,"turns":4.0},{"damage":4.0,"enemies":"Lagavulin","floor":7.0,"turns":7.0},{"damage":9,"enemies":"Exordium Thugs","floor":8,"turns":6},{"damage":8,"enemies":"Lots of Slimes","floor":12,"turns":3},{"damage":3,"enemies":"3 Sentries","floor":13,"turns":6},{"damage":0,"enemies":"Large Slime","floor":14,"turns":3},{"damage":13,"enemies":"The Guardian","floor":16,"turns":9},{"damage":0,"enemies":"Spheric Guardian","floor":18,"turns":2},{"damage":0,"enemies":"Shell Parasite","floor":20,"turns":5},{"damage":16,"enemies":"Snake Plant","floor":21,"turns":5},{"damage":12,"enemies":"Centurion and Healer","floor":22,"turns":12},{"damage":0,"enemies":"Gremlin Leader","floor":24,"turns":6},{"damage":0,"enemies":"Slavers","floor":29,"turns":4},{"damage":18,"enemies":"Book of Stabbing","floor":30,"turns":3},{"damage":0,"enemies":"Cultist and Chosen","floor":31,"turns":6},{"damage":0,"enemies":"Collector","floor":33,"turns":13},{"damage":4,"enemies":"3 Darklings","floor":35,"turns":8},{"damage":7,"enemies":"Orb Walker","floor":36,"turns":3},{"damage":0,"enemies":"Maw","floor":37,"turns":7},{"damage":5,"enemies":"4 Shapes","floor":38,"turns":7},{"damage":0,"enemies":"Giant Head","floor":40,"turns":6},{"damage":0,"enemies":"Reptomancer","floor":42,"turns":5},{"damage":0,"enemies":"Giant Head","floor":44,"turns":10},{"damage":0,"enemies":"Jaw Worm Horde","floor":47,"turns":4},{"damage":9,"enemies":"Nemesis","floor":48,"turns":8},{"damage":21,"enemies":"Time Eater","floor":50,"turns":9},{"damage":40,"enemies":"Shield and Spear","floor":54,"turns":6},{"damage":56,"enemies":"The Heart","floor":55,"turns":10}],"seed_played":"3958065490588603959","potions_obtained":[{"floor":4.0,"key":"Block Potion"},{"floor":8,"key":"StancePotion"},{"floor":13,"key":"Fire Potion"},{"floor":16,"key":"GamblersBrew"},{"floor":21,"key":"FearPotion"},{"floor":22,"key":"FairyPotion"},{"floor":24,"key":"SkillPotion"},{"floor":27,"key":"DistilledChaos"},{"floor":27,"key":"Swift Potion"},{"floor":29,"key":"FearPotion"},{"floor":30,"key":"SteroidPotion"},{"floor":33,"key":"SkillPotion"},{"floor":35,"key":"Energy Potion"},{"floor":36,"key":"DistilledChaos"},{"floor":40,"key":"Regen Potion"},{"floor":48,"key":"SpeedPotion"}],"is_trial":false,"path_per_floor":["M","?","M","M","?","R","E","M","T","$","?","M","E","M","R","B",null,"M","?","M","M","M","R","E","$","T","?","R","E","E","M","R","B",null,"M","M","M","M","$","E","R","E","T","E","R","?","M","E","R","B",null,"R","$","E","B",null],"character_chosen":"WATCHER","items_purchased":["Frozen Egg 2","LikeWater+1","DistilledChaos","Swift Potion","Orrery","CloakClasp","InnerPeace","Wireheading+1","BattleHymn+1","Meditate","DistilledChaos"],"campfire_rested":2,"item_purchase_floors":[10,10,10,10,25,25,25,39,53,53,53],"current_hp_per_floor":[65,65,63,61,43,43,39,30,30,30,30,22,19,19,19,6,56,56,56,56,40,28,49,49,49,49,49,49,49,31,43,43,43,65,61,54,54,49,49,49,49,49,49,49,49,39,39,45,66,45,65,65,65,37,15],"gold":56,"neow_bonus":"ONE_RANDOM_RARE_CARD","is_daily":false,"chose_seed":false,"campfire_upgraded":4,"win_rate":0.0,"timestamp":1614218828,"path_taken":["M","?","M","M","?","R","E","M","T","$","?","M","E","M","R","BOSS","M","?","?","M","M","R","E","?","T","?","R","E","E","M","R","BOSS","M","M","?","M","$","E","R","E","T","E","R","?","M","E","R","BOSS","R","$","E","BOSS"],"items_purchased_type":["Relic","Card","Potion","Potion","Relic","Relic","Card","Card","Card","Card","Potion"],"build_version":"2020-12-22","purchased_purges":1,"victory":true,"max_hp_per_floor":[72,72,72,72,72,72,72,72,72,72,72,72,72,72,72,72,72,72,72,72,72,72,72,72,72,72,72,72,72,72,72,72,72,72,72,72,72,72,72,72,72,72,72,72,72,72,72,72,72,72,72,72,72,72,72],"relic_stats":{"Peace Pipe":2,"Gremlin Horn":[6,6],"counters":[30,184],"Sundial":[18],"Pandora\u0027s Box":["CrushJoints","Protect","Swivel","LessonLearned","SpiritShield","EmptyFist"],"Turnip":[2],"CloakClasp":[415],"Kunai":[13],"Cursed Key":1,"obtain_stats":[{"Gremlin Horn":40,"CloakClasp":25,"TeardropLocket":9,"Frozen Egg 2":10,"Cursed Key":34,"White Beast Statue":7,"Old Coin":5,"Peace Pipe":13,"Sundial":29,"Orrery":25,"Pandora\u0027s Box":17,"WingedGreaves":26,"Turnip":42,"Bottled Lightning":44,"Kunai":54,"PureWater":0,"StrikeDummy":48,"Pocketwatch":24,"Meat on the Bone":30},{"Gremlin Horn":23,"CloakClasp":14,"TeardropLocket":5,"Frozen Egg 2":5,"Cursed Key":18,"White Beast Statue":4,"Old Coin":3,"Peace Pipe":7,"Sundial":15,"Orrery":14,"Pandora\u0027s Box":9,"WingedGreaves":14,"Turnip":24,"Bottled Lightning":25,"Kunai":29,"PureWater":0,"StrikeDummy":27,"Pocketwatch":14,"Meat on the Bone":16},{"Gremlin Horn":132,"CloakClasp":75,"TeardropLocket":24,"Frozen Egg 2":24,"Cursed Key":101,"White Beast Statue":18,"Old Coin":11,"Peace Pipe":33,"Sundial":79,"Orrery":75,"Pandora\u0027s Box":45,"WingedGreaves":75,"Turnip":137,"Bottled Lightning":147,"Kunai":174,"PureWater":0,"StrikeDummy":159,"Pocketwatch":75,"Meat on the Bone":82}],"Pocketwatch":[48],"Meat on the Bone":36},"card_choices":[{"not_picked":["EmptyBody","InnerPeace","Protect"],"picked":"SKIP","floor":1.0},{"not_picked":["Prostrate","ClearTheMind"],"picked":"FollowUp","floor":3.0},{"not_picked":["Protect","EmptyBody"],"picked":"CutThroughFate","floor":4.0},{"not_picked":["FollowUp","Protect","Omniscience"],"picked":"SKIP","floor":7.0},{"not_picked":["Evaluate","FlyingSleeves"],"picked":"FearNoEvil","floor":8},{"not_picked":["Crescendo","FlyingSleeves"],"picked":"EmptyMind","floor":12},{"not_picked":["EmptyFist","Halt"],"picked":"CutThroughFate","floor":13},{"not_picked":["Protect","SignatureMove"],"picked":"Adaptation+1","floor":14},{"not_picked":["MasterReality+1","Vault"],"picked":"LessonLearned","floor":16},{"not_picked":["BowlingBash","Prostrate"],"picked":"CutThroughFate","floor":18},{"not_picked":["Wallop","DeceiveReality"],"picked":"MentalFortress+1","floor":20},{"not_picked":["FlyingSleeves","Halt"],"picked":"Crescendo+1","floor":21},{"not_picked":["EmptyFist","MasterReality+1","Prostrate"],"picked":"SKIP","floor":22},{"not_picked":["WheelKick","Fasting2+1"],"picked":"CarveReality+1","floor":24},{"not_picked":["PathToVictory","BowlingBash"],"picked":"Consecrate","floor":25},{"not_picked":["Scrawl","Study+1"],"picked":"Wireheading+1","floor":25},{"not_picked":["MentalFortress+1","Sanctity"],"picked":"TalkToTheHand","floor":25},{"not_picked":["SandsOfTime","PathToVictory"],"picked":"ForeignInfluence+1","floor":29},{"not_picked":["ThirdEye","SignatureMove"],"picked":"Sanctity+1","floor":30},{"not_picked":["EmptyFist","ThirdEye+1","Crescendo"],"picked":"SKIP","floor":31},{"not_picked":["Judgement","Scrawl"],"picked":"Devotion+1","floor":33},{"not_picked":["FlyingSleeves+1","Crescendo"],"picked":"MentalFortress+1","floor":35},{"not_picked":["Halt","Collect+1","JustLucky+1"],"picked":"SKIP","floor":36},{"not_picked":["Evaluate","EmptyBody+1"],"picked":"ClearTheMind","floor":37},{"not_picked":["Halt+1","Fasting2+1"],"picked":"FlurryOfBlows","floor":38},{"not_picked":["CrushJoints+1","ClearTheMind+1","EmptyBody"],"picked":"SKIP","floor":40},{"not_picked":["Perseverance","Wish"],"picked":"TalkToTheHand","floor":42},{"not_picked":["PathToVictory+1","Halt"],"picked":"Establishment+1","floor":44},{"not_picked":["Blind","Deep Breath"],"picked":"Discovery","floor":46},{"not_picked":["HandOfGreed","Forethought"],"picked":"Panacea","floor":46},{"not_picked":["Weave","PathToVictory+1"],"picked":"MentalFortress+1","floor":47},{"not_picked":["ThirdEye+1","JustLucky"],"picked":"FearNoEvil","floor":48},{"not_picked":["WreathOfFlame+1","CutThroughFate"],"picked":"DeceiveReality","floor":54}],"player_experience":2225520,"relics_obtained":[{"floor":7.0,"key":"White Beast Statue"},{"floor":9,"key":"TeardropLocket"},{"floor":13,"key":"Peace Pipe"},{"floor":24,"key":"Pocketwatch"},{"floor":26,"key":"WingedGreaves"},{"floor":29,"key":"Sundial"},{"floor":30,"key":"Meat on the Bone"},{"floor":40,"key":"Gremlin Horn"},{"floor":42,"key":"Turnip"},{"floor":44,"key":"Bottled Lightning"},{"floor":48,"key":"StrikeDummy"},{"floor":54,"key":"Kunai"}],"event_choices":[{"damage_healed":0.0,"max_hp_gain":0.0,"max_hp_loss":0.0,"gold_gain":0.0,"cards_transformed":["Defend_P"],"event_name":"Living Wall","player_choice":"Change","floor":2.0,"gold_loss":0.0,"damage_taken":0.0,"cards_obtained":["Perseverance"]},{"damage_healed":0.0,"max_hp_gain":0.0,"max_hp_loss":0.0,"gold_gain":0.0,"event_name":"Scrap Ooze","player_choice":"Success","floor":5.0,"gold_loss":0.0,"damage_taken":18.0,"relics_obtained":["Old Coin"]},{"damage_healed":0,"gold_gain":0,"cards_transformed":["Strike_P"],"player_choice":"Transformed","damage_taken":0,"max_hp_gain":0,"max_hp_loss":0,"event_name":"Transmorgrifier","floor":11,"gold_loss":0,"cards_obtained":["BowlingBash"]},{"damage_healed":0,"gold_gain":250,"player_choice":"Bet on Owner","damage_taken":0,"max_hp_gain":0,"max_hp_loss":0,"event_name":"The Joust","floor":19,"gold_loss":50},{"damage_healed":0,"gold_gain":0,"player_choice":"Got Potions","damage_taken":0,"max_hp_gain":0,"max_hp_loss":0,"event_name":"Lab","floor":27,"gold_loss":0},{"damage_healed":0,"gold_gain":0,"player_choice":"Memory 3","damage_taken":10,"max_hp_gain":0,"max_hp_loss":0,"event_name":"SensoryStone","floor":46,"gold_loss":0}],"is_beta":false,"boss_relics":[{"not_picked":["Black Star","Runic Dome"],"picked":"Pandora\u0027s Box"},{"not_picked":["Tiny House","Sozu"],"picked":"Cursed Key"}],"items_purged_floors":[39],"is_endless":false,"potions_floor_spawned":[4,8,12,13,14,16,18,20,21,22,24,29,30,31,33,35,36,37,38,40,42,44,47,48,54],"ascension_level":10}}