{"host":"rmsq46plbpwfbxcc","time":1614262980,"event":{"mods":["AchievementEnabler","BaseMod","Colored Map","Colored Powertips","DeckTracker","KOR Keyword Fix","Minty Spire (QoL Compilation)","Permanent Neow","Quick Restart","SuperFastMode"],"gold_per_floor":[116,116,132,146,146,146,146,146,146,184,202,202,245,84,84,179,179,202,202,255,269,169,169,184,222,222,147,190,190,190,224,224,314,314,339,339,339,355,93,124,124,96,121,121,152,152,152,185,185,185,185,185,11,51,51,51],"floor_reached":55,"language":"KOR","playtime":1685,"items_purged":["Strike_G","Strike_G","Defend_G"],"score":1425,"play_id":"bb8219dc-dc01-4784-8dc0-db7ea4250fca","local_time":"20210225232300","is_ascension_mode":true,"campfire_choices":[{"data":"Neutralize","floor":6,"key":"SMITH"},{"data":"Backstab","floor":8,"key":"SMITH"},{"data":"Finisher","floor":15,"key":"SMITH"},{"data":"Footwork","floor":23,"key":"SMITH"},{"data":"Choke","floor":29,"key":"SMITH"},{"data":"Strike_G","floor":30,"key":"PURGE"},{"data":"Unload+1","floor":32,"key":"PURGE"},{"data":"Acrobatics","floor":41,"key":"SMITH"},{"data":"Accuracy","floor":44,"key":"SMITH"},{"data":"Bane","floor":47,"key":"PURGE"},{"floor":49,"key":"RECALL"},{"data":"Well Laid Plans","floor":52,"key":"SMITH"}],"circlet_count":0,"master_deck":["AscendersBane","Survivor","Neutralize+1","Finisher+1","Backstab+1","Escape Plan","Blade Dance+1","Acrobatics+1","Choke+1","Finesse+1","Noxious Fumes+1","Footwork+1","Blade Dance+1","Cloak And Dagger+1","Terror+1","PiercingWail+1","Blur+1","Accuracy+1","Secret Weapon+1","Well Laid Plans+1","Expertise+1","Backflip+1"],"relics":["Coffee Dripper","Golden Idol","WingedGreaves","Juzu Bracelet","Toxic Egg 2","Astrolabe","Akabeko","Bag of Marbles","Peace Pipe","Eternal Feather","The Courier","Empty Cage","Lee\u0027s Waffle","Bronze Scales","Oddly Smooth Stone","Omamori","Turnip"],"acts_visited":["Exordium","TheCity","TheBeyond","TheEnding"],"potions_floor_usage":[11,16,25,28,33,38],"damage_taken":[{"damage":1.0,"enemies":"Cultist","floor":1.0,"turns":4.0},{"damage":0,"enemies":"Small Slimes","floor":3,"turns":2},{"damage":4,"enemies":"2 Louse","floor":4,"turns":2},{"damage":17,"enemies":"3 Sentries","floor":10,"turns":9},{"damage":8,"enemies":"Exordium Thugs","floor":11,"turns":3},{"damage":7,"enemies":"Gremlin Nob","floor":13,"turns":3},{"damage":0,"enemies":"Slime Boss","floor":16,"turns":5},{"damage":0,"enemies":"Spheric Guardian","floor":18,"turns":3},{"damage":2,"enemies":"Chosen","floor":21,"turns":3},{"damage":30,"enemies":"Snake Plant","floor":24,"turns":4},{"damage":6,"enemies":"Book of Stabbing","floor":25,"turns":4},{"damage":7,"enemies":"Slavers","floor":28,"turns":4},{"damage":10,"enemies":"Book of Stabbing","floor":31,"turns":3},{"damage":14,"enemies":"Champ","floor":33,"turns":7},{"damage":0,"enemies":"3 Shapes","floor":35,"turns":5},{"damage":6,"enemies":"3 Darklings","floor":38,"turns":4},{"damage":0,"enemies":"Giant Head","floor":40,"turns":4},{"damage":19,"enemies":"Reptomancer","floor":45,"turns":4},{"damage":21,"enemies":"Nemesis","floor":48,"turns":5},{"damage":53,"enemies":"Time Eater","floor":50,"turns":5},{"damage":58,"enemies":"Shield and Spear","floor":54,"turns":6},{"damage":70,"enemies":"The Heart","floor":55,"turns":3}],"seed_played":"-5331586796332849351","potions_obtained":[{"floor":4,"key":"LiquidMemories"},{"floor":10,"key":"Strength Potion"},{"floor":13,"key":"Fire Potion"},{"floor":18,"key":"LiquidMemories"},{"floor":31,"key":"Fire Potion"},{"floor":33,"key":"ColorlessPotion"},{"floor":40,"key":"FairyPotion"},{"floor":48,"key":"SmokeBomb"},{"floor":54,"key":"CunningPotion"}],"is_trial":false,"path_per_floor":["M","?","M","M","?","R","?","R","T","E","M","?","E","$","R","B",null,"M","?","T","M","$","R","M","E","T","?","E","R","R","E","R","B",null,"M","?","?","M","$","E","R","$","T","R","E","?","R","E","R","B",null,"R","$","E","B"],"character_chosen":"THE_SILENT","items_purchased":["Finesse+1","Terror+1","PiercingWail+1","Lee\u0027s Waffle","Blur+1","Accuracy","Expertise+1","Backflip+1"],"campfire_rested":0,"item_purchase_floors":[14,39,39,39,39,42,53,53],"current_hp_per_floor":[58,58,58,54,59,59,59,59,59,42,34,34,27,27,27,27,56,56,56,56,54,54,54,24,18,18,18,11,23,35,25,34,20,55,55,55,55,49,73,73,73,73,73,73,54,54,66,45,57,4,56,68,68,10,0,0],"gold":51,"neow_bonus":"BOSS_RELIC","is_daily":false,"chose_seed":false,"campfire_upgraded":8,"win_rate":0.0,"timestamp":1614262980,"path_taken":["M","?","M","M","?","R","?","R","T","E","M","?","E","$","R","BOSS","M","?","?","M","$","R","M","E","T","?","E","R","R","E","R","BOSS","M","?","?","M","$","E","R","$","T","R","E","?","R","E","R","BOSS","R","$","E","BOSS"],"items_purchased_type":["Card","Card","Card","Relic","Card","Card","Card","Card"],"build_version":"2020-12-22","purchased_purges":3,"victory":false,"max_hp_per_floor":[66,66,66,66,71,71,66,66,66,66,66,66,66,66,66,66,66,66,66,66,66,66,66,66,66,66,66,66,66,66,66,66,66,66,66,66,66,66,73,73,73,73,73,73,73,73,73,73,73,73,73,73,73,73,73,73],"card_choices":[{"not_picked":["PiercingWail","Prepared"],"picked":"Finisher","floor":1.0},{"not_picked":["Deflect","Dodge and Roll"],"picked":"Backstab","floor":3},{"not_picked":["Eviscerate","Backflip"],"picked":"Escape Plan","floor":4},{"not_picked":["Malaise","Flechettes"],"picked":"Blade Dance","floor":10},{"not_picked":["Sucker Punch","Dodge and Roll"],"picked":"Acrobatics","floor":11},{"not_picked":["Poisoned Stab","Dodge and Roll+1"],"picked":"Choke","floor":13},{"not_picked":["Venomology+1","Grand Finale"],"picked":"Corpse Explosion+1","floor":16},{"not_picked":["Flying Knee","Acrobatics+1"],"picked":"Footwork","floor":18},{"not_picked":["All Out Attack","Deflect+1"],"picked":"Blade Dance+1","floor":21},{"not_picked":["Concentrate+1","Acrobatics+1","All Out Attack"],"picked":"SKIP","floor":24},{"not_picked":["A Thousand Cuts","Underhanded Strike","Sucker Punch"],"picked":"SKIP","floor":25},{"not_picked":["Outmaneuver+1","Die Die Die","Flying Knee"],"picked":"SKIP","floor":28},{"not_picked":["Dagger Spray","Predator+1","A Thousand Cuts"],"picked":"SKIP","floor":31},{"not_picked":["Outmaneuver+1","Sucker Punch"],"picked":"Cloak And Dagger+1","floor":35},{"not_picked":["Expertise+1","Dagger Throw","Leg Sweep+1"],"picked":"SKIP","floor":38},{"not_picked":["Heel Hook","Prepared+1","Setup+1"],"picked":"SKIP","floor":40},{"not_picked":["Doppelganger+1","Calculated Gamble+1","Underhanded Strike"],"picked":"SKIP","floor":45},{"not_picked":["Discovery+1","Impatience+1"],"picked":"Secret Weapon+1","floor":46},{"not_picked":["Poisoned Stab","Bane"],"picked":"Well Laid Plans","floor":48},{"not_picked":["Glass Knife","Dagger Spray","All Out Attack"],"picked":"SKIP","floor":54}],"player_experience":665307,"relics_obtained":[{"floor":9,"key":"WingedGreaves"},{"floor":10,"key":"Juzu Bracelet"},{"floor":13,"key":"Toxic Egg 2"},{"floor":20,"key":"Akabeko"},{"floor":25,"key":"Bag of Marbles"},{"floor":26,"key":"Peace Pipe"},{"floor":28,"key":"Eternal Feather"},{"floor":31,"key":"The Courier"},{"floor":40,"key":"Bronze Scales"},{"floor":45,"key":"Oddly Smooth Stone"},{"floor":48,"key":"Omamori"},{"floor":54,"key":"Turnip"}],"event_choices":[{"damage_healed":0,"gold_gain":0,"player_choice":"Ignored","damage_taken":0,"max_hp_gain":0,"max_hp_loss":0,"event_name":"Shining Light","floor":2,"gold_loss":0},{"damage_healed":0,"gold_gain":0,"player_choice":"Donut","damage_taken":0,"max_hp_gain":5,"max_hp_loss":0,"event_name":"Big Fish","floor":5,"gold_loss":0},{"damage_healed":0,"gold_gain":0,"player_choice":"Lose Max HP","damage_taken":0,"relics_obtained":["Golden Idol"],"max_hp_gain":0,"max_hp_loss":5,"event_name":"Golden Idol","floor":7,"gold_loss":0},{"damage_healed":0,"gold_gain":0,"player_choice":"Upgraded","damage_taken":0,"max_hp_gain":0,"max_hp_loss":0,"event_name":"Upgrade Shrine","floor":12,"gold_loss":0,"cards_upgraded":["Blade Dance"]},{"damage_healed":0,"gold_gain":0,"cards_transformed":["Unload","Defend_G"],"player_choice":"Became Test Subject","damage_taken":0,"max_hp_gain":0,"max_hp_loss":0,"event_name":"Drug Dealer","floor":19,"gold_loss":0,"cards_obtained":["Bane","Distraction"]},{"cards_removed":["Defend_G"],"damage_healed":0,"gold_gain":0,"player_choice":"Gave Gold","damage_taken":0,"max_hp_gain":0,"max_hp_loss":0,"event_name":"Beggar","floor":27,"gold_loss":75},{"damage_healed":0,"gold_gain":0,"player_choice":"Ignored","damage_taken":0,"max_hp_gain":0,"max_hp_loss":0,"event_name":"SecretPortal","floor":36,"gold_loss":0},{"cards_removed":["Corpse Explosion"],"damage_healed":0,"gold_gain":0,"player_choice":"Removed Skill","damage_taken":0,"max_hp_gain":0,"max_hp_loss":0,"event_name":"Falling","floor":37,"gold_loss":0},{"damage_healed":0,"gold_gain":0,"player_choice":"Memory 1","damage_taken":0,"max_hp_gain":0,"max_hp_loss":0,"event_name":"SensoryStone","floor":46,"gold_loss":0}],"is_beta":false,"boss_relics":[{"not_picked":["Runic Dome","Pandora\u0027s Box"],"picked":"Astrolabe"},{"not_picked":["HoveringKite","Fusion Hammer"],"picked":"Empty Cage"}],"items_purged_floors":[14,22,53],"is_endless":false,"potions_floor_spawned":[4,10,13,18,24,31,33,40,48,54],"killed_by":"The Heart","ascension_level":14}}