{"host":"fab1bnyovcy159o1","time":1614250556,"event":{"mods":["AchievementEnabler","BaseMod","Colored Powertips","Minty Spire (QoL Compilation)"],"gold_per_floor":[115,127,302,317,327,359,309,324,324,324,84,99,99,118,118,220,220,234,234,254,264,264,264],"floor_reached":22,"language":"ITA","playtime":599,"items_purged":[],"score":190,"play_id":"7fcac626-560a-4435-8201-4089301cfd28","local_time":"20210225115556","is_ascension_mode":false,"campfire_choices":[{"data":"Coolheaded","floor":13,"key":"SMITH"},{"floor":15,"key":"REST"}],"circlet_count":0,"master_deck":["Strike_B","Strike_B","Strike_B","Strike_B","Defend_B","Defend_B","Defend_B+1","Defend_B","Zap+1","Dualcast","Hello World","Streamline","Redo","Sweeping Beam","Creative AI","Coolheaded+1","Defragment","All For One","Streamline+1"],"relics":["Cracked Core","War Paint","Cables","Vajra","Mummified Hand","Inserter"],"acts_visited":["Exordium","TheCity"],"potions_floor_usage":[6,16,16],"damage_taken":[{"damage":0,"enemies":"Cultist","floor":1,"turns":4},{"damage":5,"enemies":"Small Slimes","floor":2,"turns":3},{"damage":3,"enemies":"Jaw Worm","floor":4,"turns":2},{"damage":12,"enemies":"Looter","floor":5,"turns":3},{"damage":39,"enemies":"3 Sentries","floor":6,"turns":6},{"damage":1,"enemies":"3 Louse","floor":8,"turns":2},{"damage":0,"enemies":"Large Slime","floor":12,"turns":4},{"damage":5,"enemies":"Lots of Slimes","floor":14,"turns":2},{"damage":34,"enemies":"The Guardian","floor":16,"turns":11},{"damage":25,"enemies":"3 Byrds","floor":18,"turns":5},{"damage":15,"enemies":"Shell Parasite","floor":20,"turns":6},{"damage":28,"enemies":"Snake Plant","floor":21,"turns":4},{"damage":10,"enemies":"Centurion and Healer","floor":22,"turns":1}],"seed_played":"1599451072384916630","potions_obtained":[{"floor":1,"key":"EntropicBrew"},{"floor":5,"key":"Regen Potion"},{"floor":18,"key":"Dexterity Potion"}],"is_trial":false,"path_per_floor":["M","M","?","M","M","E","?","M","T","?","$","M","R","M","R","B",null,"M","?","M","M","M"],"character_chosen":"DEFECT","items_purchased":["Mummified Hand"],"campfire_rested":1,"item_purchase_floors":[11],"current_hp_per_floor":[75,70,70,67,55,28,28,27,27,45,45,45,45,40,62,28,75,50,50,35,7,0,0],"gold":264,"neow_bonus":"RANDOM_COMMON_RELIC","is_daily":false,"chose_seed":false,"campfire_upgraded":1,"win_rate":0.0,"timestamp":1614250556,"path_taken":["M","M","?","M","M","E","?","M","T","?","$","M","R","M","R","BOSS","M","?","M","M","M"],"items_purchased_type":["Relic"],"build_version":"2020-12-22","purchased_purges":0,"victory":false,"max_hp_per_floor":[75,75,75,75,75,75,75,75,75,75,75,75,75,75,75,75,75,75,72,72,72,72,72],"card_choices":[{"not_picked":["Double Energy","Gash"],"picked":"Hello World","floor":1},{"not_picked":["Compile Driver","Beam Cell"],"picked":"Streamline","floor":2},{"not_picked":["Turbo","Compile Driver"],"picked":"Redo","floor":4},{"not_picked":["Double Energy","Beam Cell"],"picked":"Sweeping Beam","floor":5},{"not_picked":["Undo","Rip and Tear","Recycle"],"picked":"SKIP","floor":6},{"not_picked":["Turbo","Ball Lightning"],"picked":"Creative AI","floor":8},{"not_picked":["Steam Power","Conserve Battery"],"picked":"Coolheaded","floor":12},{"not_picked":["Rebound","Darkness"],"picked":"Defragment","floor":14},{"not_picked":["Amplify","Multi-Cast"],"picked":"All For One","floor":16},{"not_picked":["Rebound","Beam Cell+1","Conserve Battery+1"],"picked":"SKIP","floor":18},{"not_picked":["Chaos","Sweeping Beam"],"picked":"Streamline+1","floor":20},{"not_picked":["Tempest","Reinforced Body+1","Streamline"],"picked":"SKIP","floor":21}],"player_experience":146982,"relics_obtained":[{"floor":6,"key":"Cables"},{"floor":9,"key":"Vajra"}],"event_choices":[{"damage_healed":0,"gold_gain":175,"player_choice":"AGREE","damage_taken":0,"max_hp_gain":0,"max_hp_loss":0,"event_name":"Liars Game","floor":3,"gold_loss":0,"cards_obtained":["Doubt"]},{"cards_removed":["Doubt"],"damage_healed":0,"gold_gain":0,"player_choice":"Card Removal","damage_taken":0,"max_hp_gain":0,"max_hp_loss":0,"event_name":"The Cleric","floor":7,"gold_loss":50},{"damage_healed":18,"gold_gain":0,"player_choice":"Healed and dodged fight","damage_taken":0,"max_hp_gain":0,"max_hp_loss":0,"event_name":"Mushrooms","floor":10,"gold_loss":0,"cards_obtained":["Parasite"]},{"cards_removed":["Parasite"],"damage_healed":0,"gold_gain":0,"player_choice":"Removed Curses","damage_taken":0,"max_hp_gain":0,"max_hp_loss":0,"event_name":"Fountain of Cleansing","floor":19,"gold_loss":0}],"is_beta":false,"boss_relics":[{"not_picked":["Coffee Dripper","Fusion Hammer"],"picked":"Inserter"}],"items_purged_floors":[],"is_endless":false,"potions_floor_spawned":[1,5,18],"killed_by":"Centurion and Healer","ascension_level":0}}