{"host":"2lpgcsidu5xufd3q","time":1614235812,"event":{"mods":["BaseMod","Colored Map","Hubris","Minty Spire (QoL Compilation)","Quick Restart","Replay The Spire","StSLib"],"gold_per_floor":[113,113,113,113,124,157,167,180,205,222,248,260,260,5,5,102,102,116,128,144,144,159,159,159],"floor_reached":23,"language":"ENG","playtime":962,"items_purged":[],"score":268,"play_id":"0375deae-d487-491e-b19a-b1921e560614","local_time":"20210225015012","is_ascension_mode":true,"campfire_choices":[{"data":"ReachHeaven","floor":13.0,"key":"SMITH"},{"data":"FollowUp","floor":15.0,"key":"SMITH"}],"circlet_count":0,"master_deck":["Strike_P","Strike_P","Strike_P","Strike_P","Defend_P","Defend_P","Defend_P","Defend_P","Eruption+1","Vigilance","FollowUp","Perseverance","FollowUp+1","Prostrate","Evaluate","ReachHeaven+1","Replay:Anticipation+1","Consecrate+1"],"relics":["PureWater","NeowsBlessing","hubris:Towel","Vajra","Gremlin Food","Bag of Preparation","Garlic","Black Star"],"acts_visited":["Exordium","TheCity"],"potions_floor_usage":[23],"damage_taken":[{"damage":0.0,"enemies":"Jaw Worm","floor":1.0,"turns":1.0},{"damage":0.0,"enemies":"Small Slimes","floor":5.0,"turns":1.0},{"damage":0.0,"enemies":"3 Sentries","floor":6.0,"turns":2.0},{"damage":0.0,"enemies":"Cultist","floor":7.0,"turns":1.0},{"damage":0.0,"enemies":"Exordium Thugs","floor":8.0,"turns":3.0},{"damage":0.0,"enemies":"2 Fungi Beasts","floor":10.0,"turns":2.0},{"damage":0.0,"enemies":"Gremlin Nob","floor":11.0,"turns":2.0},{"damage":0.0,"enemies":"Looter","floor":12.0,"turns":2.0},{"damage":36.0,"enemies":"Hexaghost","floor":16.0,"turns":9.0},{"damage":27.0,"enemies":"3 Byrds","floor":18.0,"turns":5.0},{"damage":5.0,"enemies":"Shell Parasite","floor":19.0,"turns":3.0},{"damage":0.0,"enemies":"Centurion and Healer","floor":20.0,"turns":4.0},{"damage":5.0,"enemies":"Snecko","floor":22.0,"turns":4.0},{"damage":3,"enemies":"Slavers","floor":23,"turns":3}],"seed_played":"354901048336207620","potions_obtained":[{"floor":4.0,"key":"StancePotion"},{"floor":4.0,"key":"DistilledChaos"},{"floor":4.0,"key":"LifebloodPotion"},{"floor":6.0,"key":"Swift Potion"},{"floor":11.0,"key":"DuplicationPotion"},{"floor":12.0,"key":"Regen Potion"},{"floor":19.0,"key":"ColorlessPotion"},{"floor":20.0,"key":"Doom Potion"},{"floor":22.0,"key":"BottledMiracle"}],"is_trial":false,"path_per_floor":["M","?","?","?","M","E","M","M","T","M","E","M","R","$","R","B",null,"M","M","M","?","M","E"],"character_chosen":"WATCHER","items_purchased":["Garlic"],"campfire_rested":0,"item_purchase_floors":[14],"current_hp_per_floor":[72,72,72,72,72,72,72,72,72,72,72,72,72,72,72,36,72,46,41,41,28,23,20,20],"gold":159,"neow_bonus":"THREE_ENEMY_KILL","is_daily":false,"chose_seed":false,"campfire_upgraded":2,"win_rate":0.0,"timestamp":1614235812,"path_taken":["M","?","?","?","M","E","M","?","T","M","E","M","R","?","R","BOSS","M","M","M","?","M","E"],"items_purchased_type":["Relic"],"build_version":"2020-12-22","purchased_purges":0,"victory":false,"max_hp_per_floor":[72,72,72,72,72,72,72,72,72,72,72,72,72,72,72,72,72,72,72,72,77,77,77,77],"card_choices":[{"not_picked":["Protect","JustLucky"],"picked":"FollowUp","floor":1.0},{"not_picked":["Halt","Replay:Anticipation"],"picked":"Perseverance","floor":5.0},{"not_picked":["BowlingBash","WheelKick"],"picked":"FollowUp","floor":6.0},{"not_picked":["Replay:BluntJabs","Nirvana"],"picked":"Prostrate","floor":7.0},{"not_picked":["Protect","CrushJoints","Collect"],"picked":"SKIP","floor":8.0},{"not_picked":["PathToVictory","EmptyBody"],"picked":"Evaluate","floor":10.0},{"not_picked":["SashWhip","CutThroughFate"],"picked":"ReachHeaven","floor":11.0},{"not_picked":["Protect","ForeignInfluence","Halt"],"picked":"SKIP","floor":12.0},{"not_picked":["Conclude+1","BowlingBash","Replay:Battleflow"],"picked":"SKIP","floor":18.0},{"not_picked":["PathToVictory","Nirvana"],"picked":"Replay:Anticipation+1","floor":19.0},{"not_picked":["JustLucky","ThirdEye","Nirvana+1"],"picked":"SKIP","floor":20.0},{"not_picked":["CutThroughFate","Replay:LoomingThreat"],"picked":"Consecrate+1","floor":22.0}],"player_experience":928817,"relics_obtained":[{"floor":6.0,"key":"Vajra"},{"floor":9.0,"key":"Gremlin Food"},{"floor":11.0,"key":"Bag of Preparation"}],"event_choices":[{"damage_healed":0.0,"max_hp_gain":0.0,"max_hp_loss":0.0,"gold_gain":0.0,"event_name":"Living Wall","player_choice":"Grow","floor":3.0,"gold_loss":0.0,"damage_taken":0.0,"cards_upgraded":["Eruption"]},{"damage_healed":0.0,"max_hp_gain":0.0,"max_hp_loss":0.0,"gold_gain":0.0,"event_name":"Lab","player_choice":"Got Potions","floor":4.0,"gold_loss":0.0,"damage_taken":0.0},{"damage_healed":0.0,"max_hp_gain":5.0,"max_hp_loss":0.0,"gold_gain":0.0,"event_name":"Forgotten Altar","player_choice":"Shed Blood","floor":21.0,"gold_loss":0.0,"damage_taken":18.0}],"is_beta":false,"boss_relics":[{"not_picked":["Calling Bell","Honey Jar"],"picked":"Black Star"}],"items_purged_floors":[],"is_endless":false,"potions_floor_spawned":[6,7,11,12,19,20,22],"killed_by":"Slavers","ascension_level":1}}