{"host":"z5bn7jsck728mmiq","time":1614219856,"event":{"mods":["BaseMod","Bestiary","DeckTracker","Minty Spire (QoL Compilation)","Permanent Neow","StSLib","Trackpad","Wide Potions"],"gold_per_floor":[110,110,285,299,299,311,311,110,136,136,150,150,150,50,50,50,50],"floor_reached":16,"language":"ENG","playtime":256,"items_purged":["Defend_P","Strike_P"],"score":88,"play_id":"feaff366-1176-4bd8-be2d-9a22062e9c4e","local_time":"20210224182416","is_ascension_mode":false,"campfire_choices":[{"floor":7,"key":"REST"},{"floor":15,"key":"REST"}],"circlet_count":0,"master_deck":["Strike_P","Strike_P","Defend_P","Defend_P","Eruption","Vigilance","EmptyBody","CrushJoints","Ragnarok","Halt","EmptyBody"],"relics":["PureWater","Tiny Chest","Peace Pipe","PreservedInsect","Golden Idol","Blood Vial"],"acts_visited":["Exordium"],"potions_floor_usage":[4,11,16],"damage_taken":[{"damage":14,"enemies":"2 Louse","floor":1,"turns":2},{"damage":0,"enemies":"Jaw Worm","floor":4,"turns":4},{"damage":16,"enemies":"Small Slimes","floor":6,"turns":3},{"damage":0,"enemies":"Looter","floor":11,"turns":2},{"damage":50,"enemies":"Hexaghost","floor":16,"turns":8}],"seed_played":"-9161331050610948361","potions_obtained":[{"floor":1,"key":"Fire Potion"},{"floor":4,"key":"Weak Potion"},{"floor":6,"key":"AttackPotion"}],"is_trial":false,"path_per_floor":["M","?","?","M","T","M","R","$","T","?","M","T","?","$","R","B"],"character_chosen":"WATCHER","items_purchased":["Ragnarok","Halt"],"campfire_rested":2,"item_purchase_floors":[8,8],"current_hp_per_floor":[37,30,30,30,30,14,35,35,35,35,35,35,28,28,48,0,0],"gold":50,"neow_bonus":"REMOVE_TWO","is_daily":false,"chose_seed":false,"campfire_upgraded":0,"win_rate":0.0,"timestamp":1614219856,"path_taken":["M","?","?","M","?","M","R","$","T","?","M","?","?","$","R","BOSS"],"items_purchased_type":["Card","Card"],"build_version":"2020-12-22","purchased_purges":2,"victory":false,"max_hp_per_floor":[72,72,72,72,72,72,72,72,72,67,67,67,67,67,67,67,67],"card_choices":[{"not_picked":["DeceiveReality","Nirvana"],"picked":"EmptyBody","floor":1},{"not_picked":["Fasting2","Pray","ForeignInfluence"],"picked":"SKIP","floor":4},{"not_picked":["Worship","Evaluate"],"picked":"CrushJoints","floor":6},{"not_picked":["CrushJoints","Prostrate"],"picked":"EmptyBody","floor":11}],"player_experience":109419,"relics_obtained":[{"floor":5,"key":"Peace Pipe"},{"floor":9,"key":"PreservedInsect"},{"floor":12,"key":"Blood Vial"}],"event_choices":[{"damage_healed":0,"gold_gain":0,"player_choice":"Success","damage_taken":7,"relics_obtained":["Tiny Chest"],"max_hp_gain":0,"max_hp_loss":0,"event_name":"Scrap Ooze","floor":2,"gold_loss":0},{"damage_healed":0,"gold_gain":175,"player_choice":"AGREE","damage_taken":0,"max_hp_gain":0,"max_hp_loss":0,"event_name":"Liars Game","floor":3,"gold_loss":0,"cards_obtained":["Doubt"]},{"damage_healed":0,"gold_gain":0,"player_choice":"Lose Max HP","damage_taken":0,"relics_obtained":["Golden Idol"],"max_hp_gain":0,"max_hp_loss":5,"event_name":"Golden Idol","floor":10,"gold_loss":0},{"cards_removed":["Doubt"],"damage_healed":0,"gold_gain":0,"player_choice":"Card Removal","damage_taken":7,"max_hp_gain":0,"max_hp_loss":0,"event_name":"Golden Wing","floor":13,"gold_loss":0}],"is_beta":false,"boss_relics":[],"items_purged_floors":[8,14],"is_endless":false,"potions_floor_spawned":[1,4,6],"killed_by":"Hexaghost","ascension_level":0}}