{"host":"pmmuxs046gii331m","time":1614271439,"event":{"mods":["AchievementEnabler","BaseMod","Colored Powertips","Custom Start","Downfall","Gold Saver","Infinite Spire","Minty Spire (QoL Compilation)","Permanent Neow","Quick Restart","StSLib"],"gold_per_floor":[419,188,188,208,0,34,34,50,50,50,62,62,93,93,93,197,197,207,225,237,38,58,58,85,85,85,85,103,136,136,411,411,515,515,534,587,587,599,559,559,575,575,575,590,621,621,638,651,651,651],"floor_reached":51,"language":"ENG","playtime":6436,"items_purged":["Strike_R","Strike_R","Defend_R"],"score":1040,"play_id":"bf2a2219-d47c-4826-a7c0-eea884e290e7","local_time":"20210225114359","is_ascension_mode":true,"campfire_choices":[{"data":"True Grit","floor":7.0,"key":"SMITH"},{"data":"Feel No Pain","floor":12.0,"key":"SMITH"},{"data":"Shrug It Off","floor":15.0,"key":"SMITH"},{"data":"Juggernaut","floor":23.0,"key":"SMITH"},{"data":"Rage","floor":25.0,"key":"SMITH"},{"data":"Iron Wave","floor":27.0,"key":"SMITH"},{"data":"Berserk","floor":30.0,"key":"SMITH"},{"data":"Sentinel","floor":32.0,"key":"SMITH"},{"data":"Barricade","floor":40.0,"key":"SMITH"},{"floor":42.0,"key":"REST"},{"data":"infinitespire:Fortify","floor":49.0,"key":"SMITH"}],"circlet_count":0,"master_deck":["Defend_R","Defend_R","Bash+1","True Grit+1","Twin Strike","Iron Wave+1","Twin Strike","Sword Boomerang","Juggernaut+1","Feel No Pain+1","Shrug It Off+1","Juggernaut+1","Fire Breathing+1","Reckless Charge","Shrug It Off+1","Rage+1","Armaments+1","Berserk+1","Sentinel+1","Barricade+1","Headbutt+1","Rage+1","Evolve+1","infinitespire:Fortify+1","Regret","Enlightenment","Parasite"],"relics":["Burning Blood","HandDrill","hexamod:BolsterEngine","infinitespire:WardingShard","Omamori","Question Card","Cursed Key","Bag of Marbles","Shovel","Bottled Flame","Astrolabe","Thread and Needle","White Beast Statue","Red Skull"],"acts_visited":["Exordium","TheCity","TheBeyond"],"potions_floor_usage":[50,50,50],"damage_taken":[{"damage":1.0,"enemies":"Cultist","floor":1.0,"turns":3.0},{"damage":10.0,"enemies":"Small Slimes","floor":4.0,"turns":3.0},{"damage":28.0,"enemies":"Lagavulin","floor":6.0,"turns":6.0},{"damage":2.0,"enemies":"Jaw Worm","floor":8.0,"turns":3.0},{"damage":2.0,"enemies":"Large Slime","floor":11.0,"turns":5.0},{"damage":4.0,"enemies":"3 Sentries","floor":13.0,"turns":5.0},{"damage":25.0,"enemies":"The Guardian","floor":16.0,"turns":11.0},{"damage":0.0,"enemies":"Chosen","floor":18.0,"turns":4.0},{"damage":15.0,"enemies":"2 Thieves","floor":19.0,"turns":4.0},{"damage":16.0,"enemies":"Sentry and Sphere","floor":20.0,"turns":5.0},{"damage":4.0,"enemies":"Snecko","floor":22.0,"turns":5.0},{"damage":21.0,"enemies":"Book of Stabbing","floor":24.0,"turns":5.0},{"damage":5.0,"enemies":"Snake Plant","floor":28.0,"turns":3.0},{"damage":10.0,"enemies":"Gremlin Leader","floor":29.0,"turns":4.0},{"damage":28.0,"enemies":"Automaton","floor":33.0,"turns":9.0},{"damage":6.0,"enemies":"Orb Walker","floor":35.0,"turns":4.0},{"damage":35.0,"enemies":"2 Orb Walkers","floor":36.0,"turns":4.0},{"damage":8.0,"enemies":"3 Shapes","floor":38.0,"turns":4.0},{"damage":15.0,"enemies":"Jaw Worm Horde","floor":41.0,"turns":4.0},{"damage":19.0,"enemies":"4 Shapes","floor":44.0,"turns":3.0},{"damage":2.0,"enemies":"Giant Head","floor":45.0,"turns":8.0},{"damage":13.0,"enemies":"Writhing Mass","floor":47.0,"turns":5.0},{"damage":1.0,"enemies":"Maw","floor":48.0,"turns":5.0},{"damage":15,"enemies":"Donu and Deca","floor":50,"turns":6}],"seed_played":"2715150198715987050","potions_obtained":[{"floor":1.0,"key":"Block Potion"},{"floor":6.0,"key":"Weak Potion"},{"floor":8.0,"key":"LiquidBronze"},{"floor":13.0,"key":"ElixirPotion"},{"floor":18.0,"key":"infinitespire:BlackPotion"},{"floor":20.0,"key":"SneckoOil"},{"floor":28.0,"key":"SpeedPotion"},{"floor":33.0,"key":"DuplicationPotion"},{"floor":39.0,"key":"ColorlessPotion"},{"floor":39.0,"key":"Dexterity Potion"},{"floor":39.0,"key":"DuplicationPotion"},{"floor":44.0,"key":"Guardian:BlockOnCardUsePotion"},{"floor":45.0,"key":"PowerPotion"},{"floor":47.0,"key":"BloodPotion"},{"floor":48.0,"key":"Strength Potion"}],"is_trial":false,"path_per_floor":["M","$","?","M","$","E","R","M","T","?","M","R","E","?","R","B",null,"M","M","M","$","M","R","E","R","T","R","M","E","R","?","R","B",null,"M","?","AVR","M","?","R","M","R","T","M","E","?","M","M","R","B",null],"character_chosen":"IRONCLAD","items_purchased":["HandDrill","hexamod:BolsterEngine","Twin Strike","Fruit Juice"],"campfire_rested":1,"item_purchase_floors":[2,5,5,21],"current_hp_per_floor":[77,77,77,73,73,51,51,55,55,55,59,59,61,61,61,42,71,77,68,58,63,65,65,50,50,50,50,51,47,47,47,47,25,70,70,41,41,39,39,39,30,55,55,42,46,46,39,61,61,52],"gold":651,"neow_bonus":"UPGRADE_CARD","is_daily":false,"chose_seed":false,"campfire_upgraded":10,"win_rate":0.0,"timestamp":1614271439,"path_taken":["M","$","?","M","$","E","R","M","T","?","?","R","E","?","R","BOSS","M","M","M","$","M","R","E","R","T","R","M","E","R","?","R","BOSS","M","?","AVR","M","?","R","M","R","T","?","E","?","M","M","R","BOSS"],"items_purchased_type":["Relic","Relic","Card","Potion"],"build_version":"2020-12-22","purchased_purges":3,"victory":true,"max_hp_per_floor":[80,80,80,80,80,80,80,80,80,80,80,80,80,80,80,80,80,80,80,80,85,85,85,85,85,85,85,85,85,85,85,85,85,85,85,85,85,85,85,85,85,85,85,85,85,85,85,85,85,85],"card_choices":[{"not_picked":["Flame Barrier","Perfected Strike"],"picked":"True Grit","floor":1.0},{"not_picked":["Clash","Sever Soul"],"picked":"Iron Wave","floor":4.0},{"not_picked":["Anger","Perfected Strike"],"picked":"Sword Boomerang","floor":6.0},{"not_picked":["Battle Trance","Rupture"],"picked":"Juggernaut","floor":8.0},{"not_picked":["Iron Wave","Seeing Red"],"picked":"Feel No Pain","floor":11.0},{"not_picked":["Iron Wave","Shockwave"],"picked":"Shrug It Off","floor":13.0},{"not_picked":["Limit Break","Corruption","Double Tap"],"picked":"Juggernaut","floor":16.0},{"not_picked":["Uppercut","Power Through","Flex"],"picked":"Fire Breathing+1","floor":18.0},{"not_picked":["Evolve","Intimidate","Whirlwind"],"picked":"Reckless Charge","floor":19.0},{"not_picked":["Ghostly Armor","Heavy Blade+1","Hemokinesis"],"picked":"Shrug It Off+1","floor":20.0},{"not_picked":["Uppercut","Iron Wave+1","Ghostly Armor+1"],"picked":"Rage","floor":22.0},{"not_picked":["Heavy Blade","Iron Wave","Thunderclap"],"picked":"Armaments+1","floor":24.0},{"not_picked":["Shrug It Off","Cleave+1","Bloodletting"],"picked":"Berserk","floor":28.0},{"not_picked":["Heavy Blade","Iron Wave","infinitespire:OneForAll"],"picked":"Sentinel","floor":29.0},{"not_picked":["Limit Break","Juggernaut","Immolate"],"picked":"Barricade","floor":33.0},{"not_picked":["Clash","Shrug It Off","Perfected Strike","Heavy Blade+1"],"picked":"SKIP","floor":35.0},{"not_picked":["Twin Strike+1","Offering","Headbutt","Wild Strike"],"picked":"SKIP","floor":38.0},{"not_picked":["Shrug It Off+1","Uppercut","Headbutt","Perfected Strike"],"picked":"SKIP","floor":41.0},{"not_picked":["Wild Strike+1","Flex+1","Spot Weakness+1","Dropkick+1"],"picked":"SKIP","floor":44.0},{"not_picked":["Thunderclap+1","Feed","Shrug It Off","Combust+1"],"picked":"SKIP","floor":45.0},{"not_picked":["HandOfGreed","Forethought","Swift Strike"],"picked":"Enlightenment","floor":46.0},{"not_picked":["Cleave+1","Warcry+1","Disarm+1","Pummel"],"picked":"SKIP","floor":47.0},{"not_picked":["Iron Wave+1","Uppercut","Havoc","Inflame"],"picked":"SKIP","floor":48.0}],"player_experience":616445,"relics_obtained":[{"floor":6.0,"key":"infinitespire:WardingShard"},{"floor":9.0,"key":"Omamori"},{"floor":13.0,"key":"Question Card"},{"floor":24.0,"key":"Bag of Marbles"},{"floor":26.0,"key":"Shovel"},{"floor":29.0,"key":"Bottled Flame"},{"floor":36.0,"key":"Thread and Needle"},{"floor":43.0,"key":"White Beast Statue"},{"floor":45.0,"key":"Red Skull"}],"event_choices":[{"damage_healed":0.0,"max_hp_gain":0.0,"max_hp_loss":0.0,"gold_gain":0.0,"cards_transformed":["Strike_R"],"event_name":"Living Wall","player_choice":"Change","floor":3.0,"gold_loss":0.0,"damage_taken":0.0,"cards_obtained":["Twin Strike"]},{"damage_healed":0.0,"max_hp_gain":0.0,"max_hp_loss":0.0,"gold_gain":275.0,"event_name":"Golden Shrine","player_choice":"Desecrate","floor":31.0,"gold_loss":0.0,"damage_taken":0.0,"cards_obtained":["Regret"]},{"damage_healed":0.0,"max_hp_gain":0.0,"max_hp_loss":0.0,"gold_gain":0.0,"event_name":"Mysterious Sphere","player_choice":"Fight","floor":36.0,"gold_loss":0.0,"damage_taken":0.0},{"damage_healed":0.0,"max_hp_gain":0.0,"max_hp_loss":0.0,"gold_gain":0.0,"event_name":"The Woman in Blue","player_choice":"Bought 3 Potions","floor":39.0,"gold_loss":0.0,"damage_taken":0.0},{"damage_healed":0.0,"max_hp_gain":0.0,"max_hp_loss":0.0,"gold_gain":0.0,"event_name":"SensoryStone","player_choice":"Memory 1","floor":46.0,"gold_loss":0.0,"damage_taken":0.0}],"is_beta":false,"boss_relics":[{"not_picked":["SacredBark","infinitespire:Burning Sword"],"picked":"Cursed Key"},{"not_picked":["Pandora\u0027s Box","Fusion Hammer"],"picked":"Astrolabe"}],"items_purged_floors":[2,21,37],"is_endless":false,"potions_floor_spawned":[1,6,8,13,18,20,28,33,41,44,45,47,48],"ascension_level":9}}